3210 5280
260 846 358 949 no
401 845 783 952 emenonis
828 846 1274 952 onn'tuonen
1343 850 1347 859 ·
1410 880 1413 887 ·

144 1106 333 1206 QUUM
385 1109 455 1182 ΙΝ
504 1108 785 1185 ὃΕΝΑῊΙ
833 1108 1162 1186 ,GRATIAS
1216 1108 1385 1184 EGIT

324 1317 702 1386 COMMENTARIUS
724 1319 958 1400 ANTIQUUS
982 1319 1215 1386 tuentius·

667 1573 869 1589 —

409 1813 748 1904 EDITORIS
778 1742 1134 1904 MONITUllI.

116 2019 154 2114 J
151 2080 171 2118 n
193 2059 422 2140 quaternionis
445 2057 505 2126 LV.
524 2060 657 2141 pagina
674 2057 822 2124 secunda
836 2057 953 2123 desinit
968 2059 1080 2121 oratio
1102 2077 1164 2139 pro
1179 2057 1298 2122 Flacco
1311 2058 1427 2122 simul·

117 2167 183 2230 que
207 2148 327 2226 incipit
360 2150 490 2226 oratio,
515 2169 619 2231 quam
649 2147 735 2210 dixit
763 2149 897 2224 Cicero,
931 2170 1025 2230 quum
1055 2149 1175 2212 senatui
1198 2148 1316 2233 gratius
1346 2147 1425 2232 egit.

119 2242 239 2304 Verum
259 2241 358 2301 huius
384 2242 612 2324 quaternionis
639 2242 771 2303 nonnisi
792 2242 931 2304 unicum
948 2241 1078 2318 folium
1106 2252 1276 2321 superest,
1290 2234 1294 2239 ⁴
1306 2242 1344 2305 id
1360 2250 1428 2317 est,

116 2333 299 2404 es·timum‚·
317 2330 458 2413 ideoque
470 2332 584 2392 statim
598 2332 831 2411 prohoemium
848 2332 958 2412 ipsum
972 2331 1186 2393 Scholiastae
1198 2331 1426 2410 abrumpitur,

115 2421 334 2501 sequiturque
355 2420 467 2480 hiatus
486 2422 696 2501 paginarum
721 2419 908 2489 duodecim.
950 2422 1070 2483 llursus
1090 2429 1166 2501 post
1189 2419 1345 2482 ultimam
1366 2438 1427 2498 pu·

116 2511 237 2592 ginam
250 2507 420 2588 praedicti
429 2511 659 2591 quaternionis
670 2510 760 2572 alius
774 2510 887 2573 hiatus
901 2520 948 2573 est
962 2511 1170 2591 paginarum
1195 2529 1265 2572 sex.
1297 2506 1425 2571 Etenim

117 2598 346 2681 quaternionis
361 2597 440 2660 nrt.
454 2599 589 2659 nonnisi
591 2599 726 2677 solium
746 2599 899 2661 intimum
913 2609 1057 2664 aetutem
1072 2601 1161 2663 tulit.
1203 2598 1295 2671 lam,
1321 2619 1427 2680 quum

118 2689 379 2752 commentarius
404 2686 451 2748 ad
468 2688 556 2750 hanc
579 2691 767 2753 orationem
785 2699 886 2754 cesset
908 2693 942 2751 in
956 2688 1065 2753 media
1088 2708 1180 2751 versa
1199 2690 1431 2770 paginafolii

116 2778 288 2860 praedicti
304 2777 416 2836 intimi
431 2777 488 2837 vix
507 2778 648 2856 incepti,
671 2783 841 2863 sequitur,
864 2790 901 2842 ut
915 2780 1000 2842 idem
1020 2783 1301 2853 commentarius,
1323 2801 1428 2861 quum

118 2876 193 2932 erat
212 2870 357 2946 integer,
375 2867 523 2947 paginas
544 2866 618 2929 XX
620 2867 644 2928 l.
666 2872 903 2952 occupaverit,
925 2889 1071 2952 quarum
1088 2887 1176 2928 nunc
1197 2878 1261 2932 tres
1283 2879 1430 2932 tantum-

117 2957 220 3021 modo
251 2955 361 3037 (quod
390 2955 486 3017 ualde
517 2955 697 3019 dolendum
728 2963 811 3037 estl)
844 2968 1032 3039 supersunt.
1087 2956 1205 3040 Neque
1227 2969 1339 3023 tarncn
1364 2963 1430 3023 hae

119 3060 233 3114 tenues
253 3048 418 3129 reliquiae
447 3047 532 3109 nihil
550 3057 713 3128 prosunt,
744 3058 816 3111 tum
839 3069 957 3129 perse
985 3052 1097 3129 ipsae,
1127 3057 1200 3110 tum
1232 3054 1328 3133 quia'
1347 3052 1428 3111 salis
1527 3049 1533 3055 ’

118 3136 258 3200 suadent
280 3138 463 3216 genuinam
486 3157 552 3200 esse
574 3141 662 3200 hanc
683 3140 794 3203 Tullii
819 3142 1024 3213 orationem,
1045 3148 1165 3201 contra
1190 3138 1429 3202 hodiernorum

119 3229 255 3310 aliquot
282 3229 480 3289 criticorum
503 3225 660 3290 adversus
683 3230 826 3312 hancei
849 3239 1037 3311 sequentem
1057 3231 1095 3290 uel
1118 3229 1269 3311 popellum
1295 3228 1428 3292 dubita-

118 3319 235 3379 tiones.
277 3314 583 3379 Oontradicentium
602 3318 736 3394 quidem
761 3319 929 3398 principes
949 3331 1026 3384 sunt
1045 3320 1271 3386 Marulandas
1299 3319 1427 3402 tngtns
1446 3330 1450 3337 ’

118 3416 149 3471 et
164 3407 190 3466 F
190 3403 252 3469 rid.
267 3403 415 3479 Wolfius
431 3406 631 3483 Germanus,·
651 3408 904 3484 adfirmantium
918 3419 1033 3473 autem
1048 3408 1216 3476 Matthias
1235 3412 1428 3475 Gessnerus:

123 3505 227 3577 alque
248 3495 369 3557 horum
392 3505 423 3558 et
445 3496 655 3577 reliquorum
681 3499 856 3562 sententias
886 3501 1030 3583 collegit
1052 3506 1086 3564 in
1106 3497 1235 3582 nupera
1260 3501 1427 3565 Ciceronis

119 3593 310 3666 praestante
340 3584 483 3648 editione
507 3585 553 3645 cl.
576 3586 772 3666 schaenos,
801 3591 919 3673 quiet
946 3591 1013 3654 hae
1037 3595 1207 3660 orationes
1233 3592 1428 3672 spuriarum
1468 3623 1475 3634 ·

122 3678 228 3738 instar
248 3673 437 3736 collocseit
457 3677 490 3735 in
515 3675 719 3754 appendice,
749 3688 782 3743 et
800 3699 899 3742 suum
921 3679 1099 3744 calculum
1123 3679 1428 3744 contradicentium

121 3770 301 3831 sententiae
321 3765 457 3828 adiecit.
498 3765 571 3827 lam
596 3787 671 3830 vero
694 3770 885 3832 Ciceronem
908 3768 951 3830 ab
979 3771 1085 3833 exilio
1109 3791 1275 3835 reversum
1298 3772 1430 3850 gratia-

121 3880 197 3921 rum
218 3856 427 3939 agendarum
449 3876 557 3922 causa
578 3856 702 3920 dixisse
726 3857 913 3920 orationem
939 3861 974 3921 in
993 3869 1136 3934 senatu,
1166 3861 1257 3923 testis
1287 3867 1335 3922 est
1361 3861 1430 3936 ipsc

120 3957 245 4010 auctor
269 3949 306 4009 ad
331 3950 399 4008 Ait.
422 3946 475 4010 lV.
499 3966 525 4011 1.
545 3961 578 4013 et
598 3968 659 4030 pra
683 3946 814 4010 Plancio
837 3967 914 4028 cap.
935 3949 1077 4023 XM,-
1098 3957 1169 4010 lum
1202 3970 1277 4013 uero
1303 3970 1368 4010 non
1398 3951 1432 4008 in

121 4048 239 4102 senatu
262 4041 392 4115 solum,
421 4062 532 4104 verum
559 4045 661 4105 etiarn
685 4038 781 4122 apud
800 4038 968 4120 populum
997 4038 1209 4121 agendarum
1238 4042 1431 4118 gratiarum

123 4151 232 4192 causa
244 4130 472 4210 verhafecisse
484 4133 674 4197 Ciceronem
687 4128 866 4205 confirmat
876 4142 1014 4208 prorsus
1027 4126 1091 4189 Dio
1108 4130 1239 4190 t’assius
1255 4124 1432 4190 XXXIX.

121 4236 152 4299 9.
172 4227 203 4281 et
224 4239 313 4280 nunc
333 4218 475 4301 denique
503 4223 754 4305 antiquissimus
781 4221 955 4300 utriusque
976 4218 1141 4279 orationis
1164 4219 1321 4297 interpres
1345 4215 1432 4273 i’ati-

122 4329 240 4370 canus.
281 4308 322 4368 Et
342 4308 452 4369 Tullii
472 4309 606 4392 quidem
630 4311 734 4392 ipsius
759 4309 948 4373 testimonio
968 4327 1065 4370 nemo
1086 4309 1226 4369 criticus
1244 4303 1433 4380 resislelnet,

122 4397 218 4479 quod
245 4397 284 4460 de
314 4400 427 4478 priore
453 4401 606 4464 oratione
640 4400 812 4482 loquitur3
844 4399 995 4461 Cassium
1028 4416 1103 4459 vero
1132 4395 1274 4458 Dionem
1294 4395 1434 4474 salsum

123 4485 256 4547 aichunt
280 4488 395 4548 critici
413 4489 496 4549 satis
519 4488 703 4565 audacter,
725 4488 804 4551 dum
826 4486 1007 4551 secundam
1030 4487 1217 4549 orationem
1233 4502 1454 4546 commemo--

122 4585 222 4640 roret.
264 4576 404 4639 Summa
427 4601 502 4642 nero
525 4579 804 4643 contradictionis
832 4587 896 4656 est,
927 4577 1022 4660 quod
1046 4578 1149 4640 etiam
1176 4579 1207 4638 si
1229 4575 1317 4640 duae
1334 4575 1434 4654 sorte

122 4664 291 4730 orationes
310 4670 446 4733 habitae
461 4670 613 4749 suerint,
634 4689 694 4733 eae
715 4677 826 4730 tamen
847 4668 994 4732 diversae
1019 4665 1063 4730 uh
1084 4669 1154 4736 his,
1176 4688 1261 4750 quas
1278 4668 1438 4749 legimus,
