3210 5280
162 195 224 260 988
579 195 783 267 senona
805 196 1078 263 poninusnt·

160 337 263 420 ipsum
293 359 388 424 quum
410 338 515 403 lacere
541 337 696 417 noluerit,
728 336 960 422 proculdubio
984 337 1052 403 veri
1068 334 1168 402 simile
1192 336 1338 413 nonsit,
1363 346 1400 400 ut
1415 338 1479 400 hoc

47 436 49 441 '
161 431 333 517 inportune
355 435 523 517 adgressus
544 433 596 496 sit.

237 551 272 629 5.
300 557 345 629 Ρ.
372 554 502 631 Sextio
529 555 666 657 collega
693 582 761 632 suo
787 557 993 632 volnerato.

243 676 316 737 Hae
351 673 586 737 cruentissimae
615 675 863 741 dimicationes¹
898 677 1027 758 luerunt
1055 691 1115 756 per
1146 693 1202 736 cos
1237 667 1323 748 dies,
1358 671 1477 758 quibus

138 778 264 834 sactum
287 780 335 830 est
355 770 393 831 de
415 768 612 833 restitutione
634 767 814 833 Ciceronis.

238 890 320 965 XV.
348 883 383 964 1.
412 892 456 965 P.
484 891 663 966 Lentulus
689 896 886 969 restitutor
910 892 1042 967 salutis
1068 915 1181 964 meae.

246 1012 298 1074 De
320 1010 459 1073 lentulo
483 1008 650 1091 Spinthere
672 1010 833 1097 loquitur,
857 1010 957 1097 quiet
973 1022 1044 1073 ante
1059 1009 1253 1072 consulatum
1270 1004 1475 1070 amicissimus

168 1101 318 1167 Ciceroni
332 1101 403 1164 luit.
448 1104 522 1166 Hoc
538 1104 674 1166 declarat
695 1104 762 1185 ipse
778 1103 903 1168 'stillius
924 1103 956 1166 in
971 1103 1123 1185 epistula,
1149 1123 1239 1184 qusus
1258 1101 1317 1162 ιιιΙ2
1339 1103 1474 1163 eundern

162 1197 220 1278 [P.
255 1193 344 1275 tou]
386 1196 555 1259 Lentulum
590 1197 737 1261 scribit³z
774 1198 990 1281 „quiallnon
1030 1197 1131 1258 solurn
1169 1193 1365 1274 temporibus
1406 1193 1472 1268 his,

119 1309 264 1374 ¹⁰„qune
289 1299 400 1369 perte
422 1309 546 1352 sesum
570 1292 717 1371 adeptus,
747 1292 804 1353 scd
829 1291 888 1352 iam
915 1289 989 1353 olim
1019 1286 1159 1352 nascenti
1187 1307 1293 1369 prope
1320 1286 1473 1350 nostrae‘

162 1382 246 1445 latrdi
271 1381 481 1466 dignitatique
504 1381 650 1446 lavisti”.
694 1384 731 1446 ln
758 1383 914 1445 Albanum
942 1383 1097 1446 Lentulus
1120 1381 1199 1444 idem
1225 1399 1288 1462 pro
1315 1378 1473 1445 Cicerone

161 1479 365 1539 contenderat
388 1479 426 1538 ad
451 1477 639 1558 Pompeium
661 1477 910 1558 deprecandum,
944 1473 999 1560 qui
1025 1473 1116 1538 nimis
1139 1473 1288 1536 alienatus
1316 1492 1335 1535 s
1362 1483 1474 1555 prote·

166 1570 271 1651 gendo
294 1568 401 1632 'l'nllio
424 1569 602 1634 videbatur.

236 1687 273 1766 2.
301 1690 450 1791 Septem
477 1704 693 1791 praetores,
711 1658 805 1767 ¹oeto
831 1695 971 1766 tribuni
997 1693 1129 1791 plebis.

121 1837 151 1885 ts
244 1809 434 1873 Praetornm
456 1811 494 1873 e⁶
526 1832 657 1874 nurnero
683 1829 761 1873 srnsrs
788 1808 887 1874 deluit
915 1810 1041 1893 Appius
1068 1808 1237 1885 Claudius,
1272 1807 1471 1873 tribunorum

163 1922 181 1965 e
202 1923 333 1967 numero
356 1903 398 1984 Q.
424 1906 593 1969 Numerius
620 1916 652 1968 ct
676 1904 795 1969 Atilius
816 1906 990 1979 Serranusr
1013 1903 1067 1988 qui
1089 1901 1278 1969 restitutioni
1305 1899 1472 1967 Ciceronis

162 1994 319 2058 adversati
339 2015 408 2060 esse
430 2000 608 2062 traduntur.

236 2113 272 2193 3.
300 2119 418 2220 Quum
446 2121 486 2195 in
513 2125 580 2200 Cn.
608 2124 823 2224 Pompeium
849 2145 919 2220 pro
944 2120 1082 2196 Milone
1108 2121 1288 2196 dicentem
1313 2122 1470 2218 impetus

162 2229 280 2305 sactus
308 2242 376 2307 est.
435 2292 441 2305 .

119 2391 151 2437 φο
244 2348 282 2412 ld
303 2361 425 2431 tempus
447 2358 479 2413 et
499 2348 551 2411 hic
572 2350 789 2435 significatur,
813 2373 878 2434 quo
905 2350 1024 2415 Miloni
1044 2349 1126 2414 diens
1151 2348 1228 2412 dixit
1249 2348 1291 2412 Ρ.
1316 2347 1467 2424 Clodius,

48 2462 53 2473 ·
162 2443 250 2526 quod
266 2441 457 2527 gladiatores
473 2442 681 2520 adhibuisset,
697 2457 733 2508 ut
747 2445 947 2531 rogationem
962 2457 1072 2528 posset
1086 2447 1124 2507 de
1140 2442 1297 2508 Cicerone
1313 2443 1469 2525 porierre.

240 2559 277 2640 ll.
304 2567 433 2665 Nuper
458 2593 550 2642 vero
577 2595 685 2668 quum
712 2570 761 2643 M.
789 2571 983 2644 Antonius.

248 2686 323 2747 Hoc
352 2705 480 2770 quoquc
500 2684 582 2749 inter
603 2687 767 2750 lacrrltates
791 2685 1038 2768 opportuniores
1061 2695 1240 2758 enumerat,
1273 2704 1351 2769 quas
1373 2704 1467 2768 quum

160 2779 305 2842 habuerit
327 2779 433 2855 Milo,
455 2779 639 2842 abstinuerit
661 2792 761 2843 tamen
787 2783 881 2844 caede
906 2779 1063 2845 faciunda.
1107 2779 1169 2840 Sed
1190 2781 1228 2841 de
1249 2779 1301 2840 M.
1325 2774 1467 2840 Antonio

118 2871 332 2958 25q1¹⁰⁴ltils
367 2884 398 2935 et
423 2873 452 2936 in
480 2871 644 2954 Filippicis
676 2875 810 2936 sectrnda
834 2875 978 2938 oratione
1001 2875 1063 2937 boc
1088 2871 1169 2934 idern
1195 2882 1391 2934 contestatur
1421 2870 1466 2933 bis

160 2978 193 3028 ut
215 2963 331 3048 opinor
352 2965 477 3028 verbis:
507 2967 679 3050 „quidnam
703 2966 844 3031 homiues
866 2976 1033 3049 putarent,
1065 2965 1092 3028 si
1114 2978 1176 3027 trun
1201 2963 1342 3027 oecisus²
1365 2975 1463 3038 esset,

160 3080 276 3141 „quum
304 3071 338 3122 tu
362 3058 448 3121 illum
477 3059 508 3122 in
529 3059 624 3135 soro,
659 3059 851 3141 inspectante
873 3062 993 3142 populo
1021 3060 1188 3134 Romano,
1229 3056 1359 3135 ςΙειιΙὶοβ
1386 3057 1466 3119 inse·

160 3163 273 3226 „cutus
294 3173 347 3226 es,
371 3152 599 3236 negotiumque
620 3155 843 3237 transegisses‚
869 3153 926 3216 nisi
951 3152 1003 3215 ille
1025 3152 1055 3216 in
1077 3154 1176 3216 scalas
1199 3154 1349 3215 tabernae
1371 3152 1466 3216 libra·

159 3243 246 3318 „riae
267 3265 301 3307 sc
323 3241 562 3308 conliecisset''
566 3287 799 3310 .....

117 3394 149 3454 3⁰
355 3361 654 3464 [Desiderantur
671 3368 842 3479 paginae
866 3385 1056 3467 quattuor
1080 3371 1140 3444 vel
1163 3363 1279 3466 octo]

704 3504 721 3538 0
806 3503 824 3538 0
907 3505 925 3540 1

233 3607 354 3682 XVII.
383 3600 418 3681 l.
470 3606 545 3680 Sed
571 3607 699 3681 subito
733 3608 769 3683 ei
803 3635 891 3683 esse*
910 3609 1132 3684 nuntiatum
1158 3608 1305 3712 Cyrum
1342 3605 1466 3681 orchi·

160 3734 300 3791 tectum
325 3744 401 3792 esse
426 3734 637 3791 mortuum.

229 3997 252 4046 l.
272 3999 332 4045 Cod.
350 3998 616 4045 recentissimsts'onss.
653 3997 678 4044 2.
698 3998 758 4049 Cod.
778 4001 814 4046 s’n.
851 4000 875 4048 3.
895 4003 955 4051 Cod.
976 4002 1099 4047 scribens.
1143 3999 1167 4046 Ι.
1188 4002 1247 4047 Edu.
1267 4003 1318 4062 qus'.
1357 4000 1382 4050 5.
1401 4003 1459 4047 Csd.

293 4070 383 4114 nostri.
421 4067 444 4119 Ι.
464 4069 533 4115 stes
551 4083 564 4113 s
572 4101 579 4123 ‚
608 4070 662 4128 quis
679 4070 715 4115 sic
733 4071 845 4117 scribitur
863 4073 934 4118 inira.
973 4069 997 4118 7.
1017 4072 1077 4116 Cod.
1096 4073 1216 4121 occisum.
1254 4070 1277 4120 8.
1296 4073 1357 4118 Edd.
1377 4071 1461 4133 gladie

293 4140 390 4184 stricto.

232 4281 276 4336 11.
294 4277 384 4350 Epist.
404 4274 438 4328 ad
457 4276 532 4331 ism.
551 4277 574 4331 1.
595 4281 621 4335 7.
640 4278 664 4345 i.
683 4279 711 4336 5.
730 4279 770 4348 (Ι.
790 4286 816 4340 8.
835 4277 900 4354 Oa.)

232 4358 275 4411 17.
295 4352 336 4405 De
355 4355 445 4424 Appio
471 4367 595 4424 praetore
622 4356 700 4406 testis
725 4353 780 4406 Dio
806 4355 943 4410 xxxix.
969 4356 1013 4420 6.,
1039 4353 1074 4408 de
1100 4353 1216 4410 rrlbunis
1237 4353 1344 4409 dnobus
1364 4354 1459 4409 Cicero

155 4446 206 4502 pro
226 4429 315 4481 Sento
336 4427 472 4480 xxxttt.
491 4442 517 4480 er
538 4426 700 4482 xxxvtlt.

230 4509 274 4560 20.
294 4505 341 4557 Sic
366 4500 489 4572 loqnltnr
507 4501 608 4555 Cicero
634 4501 667 4554 sd
692 4506 729 4573 Q.
749 4504 868 4557 Fratrem
890 4504 940 4575 Ep.
968 4502 1016 4557 lib.
1043 4507 1064 4558 Ι.
1091 4511 1116 4562 2.
1144 4508 1167 4572 Ι.
1191 4510 1220 4565 9.
1248 4511 1274 4558 st
1293 4505 1365 4558 sltem
1383 4504 1459 4557 nobis

156 4577 269 4632 Clodius
287 4577 402 4630 dtaeers't.
440 4577 487 4628 list
507 4591 600 4629 temen
620 4575 667 4629 llls
686 4578 802 4650 epistula
821 4584 925 4652 scripta
943 4593 1006 4633 ante
1025 4580 1148 4636 erilium.

229 4659 276 4709 21.
294 4655 392 4704 Cteero
412 4647 445 4703 de
465 4649 521 4706 off.
544 4651 582 4705 ll.
604 4656 649 4712 ¹7·

228 4729 273 4784 2⁵.
292 4728 359 4799 esp.
380 4724 471 4778 vun.
