3210 5280
255 249 295 310 sa
678 302 705 340 ι.
795 252 1022 317 asconrus

333 390 440 468 Quem
460 392 547 453 enirn
566 398 627 452 out
648 391 798 452 amicum
816 390 936 454 hahere
962 399 1071 472 potest
1099 393 1142 470 is,
1173 394 1236 476 qui
1259 400 1309 454 tot
1336 392 1422 454 cives
1452 393 1557 453 truci-

253 477 369 540 davit?
402 489 462 540 out
484 480 657 554 clientem,
692 483 752 561 qui
774 482 806 541 in
827 499 890 541 suu
912 482 1048 543 civitate
1069 499 1147 542 cum
1166 484 1344 562 peregrino
1363 481 1499 561 negavit
1523 500 1556 542 se

255 567 384 629 iudicio
407 589 517 650 oeque
539 577 669 632 certare
688 568 808 649 posse?

339 656 523 733 Catilinam,
547 679 617 721 cum
635 656 666 718 in
679 656 811 734 Syllanis
827 656 966 736 partibus
981 657 1109 733 luisset,
1127 656 1296 719 crudeliter
1306 655 1438 732 lecisse,
1460 661 1559 732 †no·

228 749 388 817 snrinatiur
419 763 449 814 ct
479 763 591 833 postea
613 749 730 817 Cicero
755 748 848 823 dicit,
883 771 963 832 quus
996 750 1166 824 occiderit,
1201 751 1244 830 Q.
1276 748 1466 824 Caecilium,
1502 751 1554 812 Μ.

254 843 476 918 Volumnium,
512 846 554 906 L.
589 842 785 907 'l'antasisum
830 844 937 906 Marci
963 845 1054 906 etiam
1081 841 1178 906 Marii
1207 841 1399 916 Gratidiani,
1437 864 1556 905 summe

253 937 417 1016 popularis
444 936 597 1012 hominis,
635 935 689 1018 qui
717 937 759 998 oh
780 933 814 996 id
836 936 884 997 his
912 948 1041 1016 praetor
1063 936 1140 1008 luit,
1176 946 1269 1015 caput
1298 937 1465 997 abscissum
1500 958 1555 1016 per

254 1030 359 1090 urbem
384 1051 438 1092 sua
467 1051 557 1092 manu
574 1028 711 1092 Catilina
735 1027 866 1090 tulerat:
890 1031 976 1110 quod
991 1031 1104 1091 crimen
1129 1027 1251 1109 saepius
1278 1028 1305 1090 ei
1324 1039 1389 1090 tota
1410 1029 1556 1090 oratione

253 1121 389 1203 obiicit.
434 1124 553 1186 Fuerat
585 1142 665 1185 vero
701 1121 752 1182 hic
788 1121 987 1184 Gratidianus
1026 1135 1113 1184 arcta
1144 1110 1368 1185 necessitudine
1405 1120 1556 1185 Ciceroni

212 1213 448 1284 socouirmctus.
492 1213 646 1279 Clientem
669 1224 771 1275 autem
798 1215 924 1296 negavit
946 1215 1062 1276 hahere
1084 1236 1180 1297 posse
1205 1214 1247 1278 C.
1270 1212 1462 1277 Antonium:
1487 1235 1555 1275 nam

254 1306 278 1368 is
304 1309 420 1371 multos
445 1308 474 1370 in
498 1306 618 1371 Achaia
644 1306 857 1388 spoliaverat,
892 1318 999 1369 nactus
1025 1310 1063 1370 de
1090 1307 1230 1371 exercitu
1259 1309 1388 1386 Syllano
1418 1308 1555 1390 equiturn

180 1415 242 1470 [ιιι]
254 1411 381 1462 turmas.
435 1399 558 1464 Deinde
584 1399 718 1474 Graeci,
754 1398 808 1482 qui
836 1397 964 1483 spoliati
987 1411 1093 1476 erant,
1124 1403 1298 1463 eduxerunt
1324 1400 1497 1464 Antonium
1525 1399 1555 1461 in

254 1493 299 1554 ius
322 1495 360 1554 ad
382 1494 434 1556 M.
451 1492 617 1556 Lucullum
634 1502 831 1572 praetorem,
856 1490 910 1575 qui
932 1491 980 1554 ius
1002 1491 1083 1554 inter
1096 1494 1282 1576 peregrinos
1300 1493 1436 1555 dicebat.
1480 1492 1559 1577 Egit

251 1607 315 1668 pro
338 1587 469 1650 Graecis
494 1586 585 1649 etiam
613 1596 676 1648 turn
703 1584 973 1658 adolescentulus,
1009 1587 1132 1668 dequo
1156 1585 1250 1666 paulo
1276 1598 1346 1649 ante
1369 1583 1557 1647 mentionem

210 1678 399 1755 refecimus,
433 1690 464 1742 et
487 1700 556 1741 cum
580 1678 731 1741 Lucullus
760 1677 811 1752 id,
846 1680 931 1758 quod
957 1677 1072 1740 Graeci
1094 1678 1312 1760 postulabant,
1347 1678 1557 1752 decrevisset,

251 1770 422 1852 appellavit
454 1771 596 1833 tribunos
626 1771 782 1833 Antonius
816 1769 1010 1854 iuravitque,
1043 1793 1078 1835 se
1106 1773 1136 1834 id
1164 1771 1302 1846 eiurare,
1338 1773 1424 1856 quod
1453 1790 1558 1854 aequo

251 1862 320 1926 iure
350 1863 396 1926 uti
419 1885 481 1928 non
502 1874 625 1951 posset.
681 1865 776 1925 Hunc
804 1861 977 1924 Antonium
1009 1864 1130 1928 Gellius
1161 1876 1192 1926 et
1226 1865 1378 1928 Lentulus
1407 1883 1558 1927 censores

250 1955 422 2031 sexennio,
446 1979 510 2040 quo
535 1959 614 2020 haec
636 1956 832 2033 dicerentur,
857 1968 966 2020 senatu
990 1969 1173 2033 moverunt,
1198 1978 1370 2042 causasque
1396 1955 1562 2036 subscrips

250 2058 376 2126 serunt,
401 2054 486 2134 quod
512 2049 617 2112 socios
639 2049 824 2131 diripuerit,
849 2052 935 2133 quod
955 2049 1099 2112 iudicium
1121 2050 1291 2128 recusarit,
1316 2053 1558 2133 quodpropter

208 2141 332 2203 ataeris
355 2141 447 2204 alieni
470 2142 712 2227 magnitudinem
732 2141 859 2224 praedia
874 2140 1076 2223 manciparit,
1100 2144 1246 2226 bonaque
1267 2163 1322 2206 sua
1343 2143 1375 2207 in
1395 2153 1556 2226 potestate

251 2253 314 2294 nou
336 2234 479 2298 haberet.

343 2409 369 2456 2.
388 2411 438 2454 ant
456 2405 583 2455 clientem
601 2407 662 2476 qui]
676 2405 759 2476 Lugd.
773 2405 838 2458 llos.
854 2405 930 2457 Man.
944 2406 1023 2457 Creu.
1037 2431 1073 2443 -
1088 2412 1139 2455 aut
1151 2409 1197 2474 qui
1209 2406 1275 2471 (om.
1288 2406 1427 2481 clientem)
1441 2412 1556 2480 priores.

322 2474 393 2529 lbid.
413 2483 507 2548 quiin
525 2496 576 2529 suo
594 2484 711 2530 civitate
730 2481 799 2549 cen]
836 2482 967 2533 Pstrioios
987 2492 1049 2550 spte
1069 2497 1102 2532 ex
1124 2480 1159 2548 Q.
1181 2482 1320 2533 Ciceronis
1341 2481 1404 2534 libri
1425 2482 1459 2535 tle
1479 2487 1555 2553 peti-

250 2553 325 2602 tione
347 2552 520 2618 consulatus,
538 2557 584 2623 qui
605 2555 676 2606 liber
701 2554 786 2607 mults
809 2571 873 2607 cum
895 2570 988 2607 nostra
1007 2557 1130 2606 oratione
1152 2560 1309 2607 eommunia
1332 2555 1430 2621 hahet,
1448 2571 1508 2629 esp.
1528 2561 1555 2610 2.

249 2623 317 2676 hsec
343 2626 459 2680 contulit
488 2627 584 2680 verbs:
617 2627 724 2682 Vocem
748 2628 907 2682 adivimus
926 2633 1053 2699 ,utensis
1074 2645 1104 2680 se
1125 2627 1227 2680 Romae
1249 2629 1350 2683 iudicio
1379 2649 1466 2703 aequo
1492 2649 1557 2683 eom

248 2695 356 2750 homine
375 2700 484 2752 Graeco
503 2711 611 2753 certare
630 2720 685 2754 non
700 2721 792 2768 posse.

342 2773 369 2828 lt.
389 2775 556 2847 Catilinam]
587 2776 671 2850 lugd.
693 2778 759 2831 Hos.
787 2778 863 2831 Msn.
891 2778 972 2830 Creu.
998 2807 1035 2821 -
1064 2779 1186 2831 Catilina
1213 2779 1304 2833 Princ.
1327 2777 1384 2834 atd.
1413 2777 1482 2834 Lod.
1522 2781 1556 2833 Ῑιι

248 2845 356 2901 Beseld.
379 2864 470 2902 autem
491 2854 601 2904 nonnisi
623 2867 752 2925 quattuor
775 2855 876 2923 primae
899 2851 993 2906 literse
1014 2853 1137 2907 vocabuli
1160 2870 1300 2927 expressse
1322 2870 1395 2909 sunt.

341 2928 367 2980 5.
387 2931 413 2974 et
429 2929 541 2993 postea]
563 2929 653 2983 Prino.
676 2955 706 2969 ·-
728 2931 814 2979 etiam
830 2935 929 2997 postea
946 2933 1041 2981 ceteri.

323 2996 395 3051 lbtd.
415 3017 483 3068 qnos
501 3000 648 3072 occiderit]
667 3000 741 3068 quod
757 3001 890 3053 occiderit
910 3001 986 3054 Mau.
1009 3002 1105 3074 Sigon.
1125 3033 1157 3045 ·-
1180 3003 1253 3056 locst
1272 3001 1383 3074 quidem
1402 3005 1467 3056 huic
1489 3001 1554 3056 loco

248 3067 357 3141 aliquod
377 3073 522 3139 mendum,
543 3074 698 3130 sedssnum
711 3074 817 3129 videtur
830 3092 981 3148 pronomen
994 3095 1071 3147 quos.
1108 3077 1241 3147 Equidem
1262 3093 1324 3129 anre
1345 3098 1369 3131 r.
1390 3083 1555 3130 nominatim

247 3143 351 3215 sliqutd
371 3148 504 3201 excidisse
523 3165 633 3221 putem,
650 3167 680 3204 ut
699 3159 795 3204 notum
813 3159 872 3215 est,
893 3150 934 3202 vel
953 3161 1065 3203 constat
1084 3151 1125 3205 vel
1148 3152 1235 3205 simile
1255 3150 1329 3223 quid.

339 3221 366 3278 6.
387 3222 569 3294 Tantosium]
601 3224 775 3293 ,Tanusium
794 3231 919 3279 nominat
945 3229 981 3295 Q.
1001 3231 1098 3280 Cicero
1119 3231 1149 3279 in
1165 3226 1260 3279 libello
1279 3225 1313 3278 do
1332 3229 1466 3299 petitione
1487 3243 1554 3279 eon·

197 3353 203 3364 ¹
247 3293 379 3347 sulstus.”
412 3299 556 3351 ntantJT.
594 3303 660 3371 Cap.
680 3304 707 3354 2.
727 3302 751 3368 §.
768 3301 797 3358 6.
1406 3321 1409 3327 ·

323 3368 393 3422 lhid.
413 3372 516 3438 Moris]
549 3379 622 3424 mari
639 3374 730 3428 Princ.
913 3438 916 3442 ,
1061 3409 1064 3414 ·

215 3504 223 3527 ‚
247 3516 298 3571 ΔΜ
323 3453 367 3500 to.
388 3447 523 3572 Cl‘qentem
542 3456 670 3499 aretem·
690 3480 708 3492 -
727 3454 847 3519 equitum
865 3450 985 3520 tssrmos]
1023 3449 1152 3503 Ciceroni
1166 3451 1233 3503 hseo
1247 3448 1327 3502 serhs
1341 3447 1411 3501 msle
1427 3449 1553 3502 tribuunt

302 3534 354 3571 .et
375 3521 415 3573 Lo
436 3558 443 3572 .

322 3592 393 3648 lbid.
413 3596 544 3662 negavit]
573 3595 621 3648 sic
642 3600 748 3669 scripsi.
773 3626 811 3639 -
835 3597 952 3666 negabit
972 3600 1063 3653 Ptine.
1083 3625 1117 3640 -
1136 3598 1257 3665 negabat
1276 3596 1383 3650 Beralrl.
1403 3596 1464 3652 Ald.
1486 3599 1553 3651 Lod.

246 3692 282 3707 —
302 3676 389 3735 negat
410 3673 504 3723 cereri.

322 3748 365 3798 12.
385 3751 430 3813 qui
450 3744 563 3812 spoliati
582 3747 675 3811 erant]
707 3743 871 3816 Madvigius.
896 3774 934 3786 —
960 3752 1006 3816 qui
1024 3748 1213 3817 spoliauernnt
1232 3748 1323 3800 Prino.
1343 3765 1467 3816 -quos
1484 3764 1552 3816 spo-

246 3813 388 3868 doverant
407 3816 513 3872 Bersld.
537 3845 570 3857 -
589 3837 656 3888 quos
673 3823 846 3889 spoliaverat
864 3819 926 3873 Atd.
945 3837 972 3874 et
992 3838 1067 3893 seqq.

252 3915 255 3920 ·
323 3890 392 3949 tbtd.
412 3895 578 3961 eduxerunt]
611 3892 766 3945 eduxerant
786 3893 879 3966 Sigon.
1185 3946 1192 3965 ,

324 3972 366 4023 tls.
386 3967 622 4038 adolescentulus]
642 3968 859 4019 adolescentulus
878 3968 910 4023 C.
929 3970 1036 4023 Caesar
1054 3970 1149 4043 Sigon.
1168 3989 1200 4023 ex
1222 3973 1295 4022 coni.
1316 3969 1452 4032 Manutii,
1471 3975 1551 4021 'cuius

246 4044 276 4093 in
299 4039 364 4092 edit.
389 4060 474 4114 pour.
502 4043 554 4094 hoo
576 4059 617 4095 est
640 4042 779 4095 scholion:
815 4043 997 4112 „addendum
1021 4061 1087 4117 puto
1109 4046 1140 4098 C.
1167 4045 1281 4098 Caesar.
1323 4046 1373 4097 Hic
1396 4049 1476 4098 ,eninr
1503 4063 1552 4117 pro

247 4115 361 4170 Graecis
391 4122 462 4189 egit,
494 4135 524 4170 ιιι
556 4117 716 4169 Plutarchus
746 4120 866 4183 [Caesar.
894 4135 919 4172 c.
947 4123 990 4191 0.]
1016 4119 1157 4173 testatur.''
1196 4118 1276 4179 conl.
1304 4122 1385 4172 liene.
1414 4118 1552 4172 Meterum

246 4208 337 4245 meum
360 4193 388 4242 ln
412 4193 524 4245 orator.
545 4192 624 4244 llom.
645 4192 749 4263 Fragsu.
770 4211 796 4262 p.
816 4196 878 4248 180.

321 4270 365 4322 15.
386 4273 491 4316 etcum
511 4265 649 4333 Lucidius]
670 4265 822 4335 etquidem
843 4267 969 4319 ooeuttm
989 4271 1078 4322 Prior.

319 4343 363 4398 16.
384 4358 412 4389 se
432 4340 464 4391 id
480 4344 606 4411 eiurare]
637 4341 682 4392 Sic
702 4345 810 4412 scripsi.
838 4371 874 4383 -
902 4360 931 4391 se
950 4343 981 4391 id
998 4362 1030 4395 eo
1049 4349 1144 4392 iterare
1164 4343 1255 4394 Princ.
1275 4369 1312 4383 -
1330 4358 1359 4390 se
1378 4341 1440 4392 ideo
1458 4347 1554 4392 iurare

246 4413 434 4469 nereidum.
456 4414 524 4467 Lod.
545 4414 637 4487 Lugd:
654 4414 729 4468 Man.
750 4444 785 4456 -
804 4433 833 4465 re
853 4417 914 4466 Ideo
933 4434 1061 4468 recusare
1081 4418 1144 4470 llos.
1165 4418 1245 4467 (iren.
1264 4441 1300 4454 -·
1325 4433 1354 4467 ss
1371 4415 1433 4466 ideo
1453 4419 1553 4484 appel-

245 4492 304 4539 lare
324 4507 355 4539 ex
376 4490 501 4541 Manutil·
514 4484 589 4546 coni,
612 4495 655 4557 (in
677 4489 742 4542 edit.
767 4500 863 4561 posti.)
886 4494 980 4561 Sigon.
999 4520 1031 4533 -
1051 4508 1081 4541 sc
1099 4497 1220 4560 iniquum
1240 4495 1349 4540 eirrrare
1370 4494 1458 4543 Beieri
1479 4497 1553 4544 coni.

245 4566 380 4636 Fragmm.
400 4566 461 4615 Cic·
477 4583 502 4633 p·
515 4569 561 4620 51.
579 4592 616 4604 -
636 4561 792 4632 „decusare
806 4582 871 4636 puto
884 4564 1043 4636 legendum,
1064 4581 1093 4617 ιιι
1108 4571 1201 4637 paucis
1215 4581 1276 4636 post
1296 4565 1444 4616 versibus.¹'
1466 4566 1553 4618 HOT.

319 4642 363 4692 17.
383 4656 469 4708 ceptro
488 4641 558 4703 iure]
581 4639 648 4690 Lod.
669 4654 695 4688 et
716 4655 787 4709 seqq.
811 4667 843 4680 ·-
863 4659 949 4709 cepaea
969 4647 1049 4707 (eqrsa
1068 4638 1174 4709 Ptine.)
1193 4646 1223 4690 in
1242 4657 1272 4689 re
1297 4639 1387 4691 Ptine.
1407 4640 1471 4691 Ber.
1492 4639 1554 4691 Ald.

320 4715 364 4768 19.
384 4719 523 4763 recusarit
542 4743 560 4754 -
580 4742 598 4754 -
624 4714 807 4783 manciparit]
833 4714 932 4786 lugd,
958 4715 1023 4766 Hor.
1049 4715 1126 4769 Man.
1151 4716 1232 4766 Creu.
1254 4716 1294 4755 ἰ-
1323 4719 1462 4764 recusauit
1490 4747 1508 4757 -
1536 4747 1554 4757 -·

244 4791 413 4854 manciparit
434 4793 547 4859 priores.
912 4795 953 4844 20.
971 4788 1101 4855 praedio]
1120 4788 1235 4855 praedic
1255 4788 1347 4840 Ptine.
