3210 5280
375 218 425 282 m
446 217 554 284 Aca.
577 219 626 284 11.
648 216 697 280 m
721 214 763 280 c.
785 212 988 279 vinnan
1010 167 1107 279 nm.
1127 215 1176 279 11.
1359 217 1420 281 aas

197 359 293 438 Quae
315 379 394 424 cnm
416 382 521 425 manu
543 357 765 424 munitissima
785 352 880 434 esset]
924 354 974 418 Ne
995 355 1066 438 quis
1088 356 1223 419 diccrct:
1253 356 1328 420 Non
1346 355 1418 434 tuit,

108 451 198 531 quod
220 451 355 516 timeret.

195 547 276 608 Cum
304 547 337 607 vi
357 545 566 628 consilioque
593 538 746 624 cepisset]
789 538 838 601 Ne
864 535 935 622 quis
960 539 1099 603 diceret:
1122 541 1195 605 Non
1219 540 1335 623 potuit.

192 639 358 702 Hostium
380 636 507 717 urbem]
550 635 736 714 Syracusas.

191 733 237 807 (§.
261 729 308 806 5.)
331 728 475 810 Quando
497 729 563 790 itta
574 722 806 806 frumentum]
860 724 962 787 Omne
999 746 1098 808 genus
1132 725 1351 806 pensitationis
1384 727 1442 791 ini

106 822 171 884 hoc
196 821 301 903 capite
325 819 464 902 positum
490 829 556 893 est,
580 814 726 891 canonis,
751 815 936 894 oblationis,
960 816 1149 882 indictionis.

143 966 147 975 .
191 917 317 980 italico
339 914 443 994 bello]
486 910 615 976 Sociali.

190 1010 236 1086 (§.
260 1007 307 1085 b.)
345 1007 440 1087 (inae
464 1005 620 1085 forsitan
652 1023 692 1065 ne
724 1002 904 1065 sentiamus
933 1001 1086 1084 quidem,
1119 1002 1204 1082 iud]
1257 1005 1416 1084 Quianam

106 1102 274 1164 commoda
296 1101 320 1174 †
345 1100 388 1162 ita
414 1096 567 1159 naturalia
596 1101 849 1173 consequuntur,
880 1101 913 1152 ut
938 1092 1100 1155 sanitatem
1130 1094 1339 1179 integritatem
1367 1101 1416 1162 vi·
1522 1134 1526 1139 ·

105 1194 203 1256 rium.
226 1192 375 1256 sentimus
397 1202 499 1253 alitem
521 1188 548 1250 si
569 1186 793 1250 subtrahantur
814 1184 966 1246 eiusmodi
989 1205 1055 1248 rem
1075 1186 1178 1250 dicitis
1193 1201 1311 1274 negent
1325 1191 1415 1254 lucra
1428 1200 1457 1249 tt

106 1286 226 1349 iacitmt
247 1287 420 1368 locupletes
442 1294 512 1346 stunt
534 1284 571 1345 dc
594 1275 832 1361 opportunitate
856 1275 994 1340 Siciliae.

190 1381 236 1456 (§.
260 1381 305 1459 7.)
327 1378 430 1442 iiiam
451 1373 602 1454 veterem]
645 1373 781 1435 Bonam.

191 1474 317 1551 Hanc,
339 1489 427 1553 quae
446 1487 536 1530 nunc
558 1463 639 1546 inm]
682 1463 815 1528 Malam.

191 1566 309 1646 Neque
340 1558 562 1641 publicanus,
594 1578 701 1639 neque
727 1554 934 1638 negotiator]
993 1554 1201 1622 Odiosissima
1235 1559 1314 1624 baec
1341 1575 1414 1628 sunt

107 1659 326 1721 Romanorum
349 1650 508 1712 bominum
529 1668 588 1730 per
608 1646 787 1730 provincias
810 1649 949 1711 nomina.
1425 1683 1456 1733 ,5

192 1751 235 1828 (§.
258 1748 306 1825 8.)
326 1743 427 1808 iram
450 1742 579 1824 legunt]
624 1739 779 1803 Tribuual
802 1742 957 1823 praetoris
979 1764 1017 1806 ac
1038 1744 1183 1808 subsellia
1203 1745 1353 1812 iudicum.
1422 1777 1470 1834 1⁸⁵1

191 1840 333 1907 Publico
356 1833 515 1912 consilio]
559 1833 642 1913 Quia
664 1855 725 1897 nou
744 1844 851 1915 potest
865 1837 992 1919 negari,
1017 1837 1114 1901 luisse
1128 1839 1199 1902 illos
1213 1855 1413 1906 accusatores
1433 1842 1438 1849 “

106 1938 160 2000 Μ.
188 1930 325 2013 Lepidi,
360 1928 495 1992 addidit:
531 1930 672 2010 publico
694 1930 858 2009 consilio,
890 1930 978 2012 quasi
1008 1928 1086 1993 illud
1113 1953 1177 1997 nou
1206 1954 1315 1997 omncs
1336 1947 1414 1999 tuac

102 2025 252 2096 iecerint.

130 2137 1402 2160 mam-m—

197 2208 224 2262 ls.
244 2206 374 2255 Hostium
393 2200 501 2272 arbem]
542 2200 616 2252 Haec
635 2199 778 2251 Ciceronis
799 2217 857 2253 esse
877 2199 945 2253 sidit
965 2201 1095 2260 Orelliue.
1134 2204 1226 2257 Ceteri
1245 2222 1309 2258 curn
1329 2221 1412 2279 prae-

106 2279 267 2336 cedentibus
287 2283 327 2329 sic
348 2275 513 2348 iungebant:
538 2275 603 2325 Non
620 2279 716 2345 potuit
736 2271 762 2326 t.
783 2292 809 2326 u.
829 2275 858 2328 S.

197 2357 226 2410 6,
244 2357 359 2406 canonis
377 2355 443 2418 cen]
482 2349 643 2420 „Canonem
663 2347 785 2420 intellige
800 2348 1041 2418 frumentarium,
1070 2348 1103 2403 dc
1128 2370 1182 2423 quo
1203 2352 1263 2407 side
1287 2353 1412 2411 Gloriae,

104 2450 178 2486 nom.
198 2429 267 2482 ced.
293 2427 430 2479 Tbeodos.
455 2425 634 2476 indictionem
663 2438 753 2475 autem
774 2424 1046 2489 extraordinariam,
1080 2424 1113 2477 da
1138 2442 1189 2498 qua
1211 2432 1277 2482 iuria
1303 2428 1411 2484 lexicon

104 2509 321 2561 Brissonianum.
361 2504 402 2555 ita
423 2505 497 2552 euim
516 2498 597 2550 verba
619 2497 702 2550 Tullii
723 2497 826 2550 iubent.
865 2500 993 2552 Putemus
1012 2517 1075 2552 sero
1096 2501 1163 2554 haec
1188 2507 1300 2557 Asconii
1322 2520 1410 2560 aetate

105 2582 154 2634 tali
177 2597 259 2633 sensa
286 2576 367 2630 verba
387 2575 470 2628 icisse
498 2573 639 2626 adhibita?
671 2573 754 2624 Cuius
777 2578 883 2646 genesis
905 2580 987 2627 etiam
1015 2574 1120 2627 vitietur
1142 2595 1192 2630 vos
1209 2583 1363 2648 pensitatio
1381 2595 1410 2634 et
1441 2615 1446 2623 -

103 2654 239 2721 formula,
267 2669 336 2725 quae
358 2649 391 2703 ad
412 2651 534 2703 Divinas.
556 2652 598 2706 13.
618 2649 658 2718 [i.
680 2647 725 2704 41,
747 2667 773 2721 p.
800 2654 862 2705 115.
882 2649 901 2702 l.
928 2651 986 2721 ib]
1007 2648 1155 2722 profertur:
1185 2670 1218 2705 ex
1242 2670 1295 2726 qua
1318 2671 1345 2709 et
1367 2655 1409 2708 bie

104 2735 219 2784 Asconii
246 2729 310 2780 talia
333 2744 388 2778 non
410 2742 468 2778 esse
491 2728 572 2776 citius
599 2722 732 2786 dixerim,
761 2740 842 2793 quam
871 2727 909 2776 ita
938 2729 996 2777 eius
1025 2740 1090 2776 aero
1118 2724 1225 2780 locutos
1255 2730 1410 2795 Romanos,

102 2805 177 2877 quod
199 2804 232 2857 ad
256 2819 311 2874 arg.
331 2801 422 2852 Distu.
443 2797 552 2852 deducit
576 2797 725 2850 Fabricius.
764 2797 840 2850 Aliae
863 2797 997 2852 accedunt
1017 2814 1132 2866 causae,
1152 2817 1182 2854 ut
1207 2800 1241 2854 ad
1264 2804 1288 2856 1.
1312 2812 1409 2858 Accae.

101 2883 149 2938 tn.
170 2881 208 2948 [q.
230 2881 304 2943 105]
326 2874 465 2939 dicebam,
494 2889 622 2943 vetusque
645 2873 712 2925 adeo
735 2888 795 2923 mea
821 2878 916 2944 opinio
936 2890 988 2929 ess.
1027 2876 1151 2928 Serrium
1171 2881 1252 2942 item,
1280 2895 1311 2932 ut
1335 2880 1410 2931 hunc

100 2970 244 3017 nostram,
263 2952 359 3003 alienis
379 2965 488 3003 auctum
509 2946 602 3004 docuit
625 2948 757 3001 MSorum
776 2947 907 3014 collatio,
928 2964 955 3001 et
973 2949 1143 3002 Burmannus
1165 2950 1250 3024 praei.
1265 2951 1298 3004 ad
1313 2953 1408 3027 virgil.

101 3047 198 3101 sesque
219 3034 277 3097 ipsa
298 3025 424 3078 clamat.”
450 3022 582 3078 cauti.
767 3027 794 3080 8.
804 3022 951 3092 forsitan]
979 3030 1112 3076 sortitam
1130 3026 1221 3080 Prius.

176 3101 247 3157 ibid.
266 3102 428 3166 sentiamus]
462 3099 554 3152 Prius.
573 3094 677 3150 Besald.
699 3094 758 3150 ild.
784 3095 851 3152 Lod.
878 3097 989 3171 Zumpt.
1019 3127 1050 3138 -
1078 3106 1210 3152 sentimus
1232 3106 1317 3156 ceteri
1343 3118 1407 3155 cum

99 3177 217 3250 vulgatis
236 3175 297 3228 edd.
318 3176 470 3228 Ciceronis.

174 3256 276 3309 8-11,
297 3249 439 3319 Quaedam
462 3278 481 3289 -
505 3278 524 3290 -
549 3277 569 3289 -
593 3274 612 3288 -
631 3245 754 3313 Siciliae]
800 3245 888 3311 Verba
910 3247 977 3300 haec
1001 3264 1130 3320 corrupta
1158 3248 1283 3303 dedimus
1315 3249 1406 3322 qualia

97 3325 227 3397 leguntur
249 3331 278 3377 in
297 3326 387 3378 Prius.
410 3320 517 3375 Berald.
541 3320 602 3374 ald.
630 3319 725 3394 (dictis
755 3339 805 3391 pro
829 3320 936 3390 dicitis]
963 3349 1000 3363 -
1028 3323 1170 3393 Quaedam
1196 3327 1338 3377 commoda
1362 3332 1407 3377 ita

98 3402 243 3453 naturalia
262 3407 478 3469 consequuntur,
499 3404 530 3447 nt
544 3400 668 3458 sanitas,
686 3401 840 3463 integritas
857 3401 975 3462 virium,
994 3407 1025 3449 ut
1036 3417 1071 3449 ne
1084 3405 1252 3455 sentiantur.
1271 3407 1405 3453 sentimus

99 3485 208 3542 aurem,
241 3480 267 3526 si
289 3472 458 3524 subtrahant
478 3470 645 3521 *eiusmodi
664 3467 766 3542 (cetera
786 3476 857 3523 sicut
884 3474 988 3538 Ptine.)
1007 3472 1075 3524 tad.
1102 3503 1139 3516 -
1167 3474 1309 3544 Quinetiam
1328 3494 1405 3526 corn-
1479 3508 1485 3522 .

99 3550 183 3602 moda
201 3557 260 3614 ita,
279 3557 310 3599 nt
323 3567 377 3600 non
390 3552 563 3610 sentiantur,
583 3546 641 3596 alia
662 3554 878 3617 consequuntur,
898 3556 929 3598 nt
948 3553 1100 3599 sanitatem
1118 3554 1274 3616 integritas
1290 3556 1404 3606 virium.

99 3631 233 3678 sentimus
251 3633 358 3688 aretem,
377 3640 401 3672 ss
420 3623 471 3673 illa
489 3619 709 3671 subtrahantur:
737 3621 887 3672 craiasmodi
905 3630 962 3684 est,
982 3622 1057 3692 quod
1078 3641 1149 3675 nranc
1167 3624 1252 3690 dicit,
1270 3629 1405 3694 negotia-

99 3707 178 3750 tores
196 3699 315 3751 ilonsani
339 3700 417 3748 lucra
428 3694 564 3767 faciunt,
593 3703 622 3746 et
643 3695 876 3766 locupletassent
897 3696 931 3748 de
956 3704 1164 3768 opportunitate
1187 3699 1298 3751 Siciliae
1316 3701 1403 3772 Lugd.

98 3772 164 3828 Hor.
185 3776 261 3827 Men.
282 3775 363 3826 Creu.
1038 3773 1040 3779 ’

173 3853 218 3904 12.
236 3849 354 3915 Bonam]
384 3846 431 3899 Sic
449 3848 557 3916 scripsi.
596 3843 696 3916 Supple
720 3843 903 3915 disciplinam.
932 3873 969 3886 -
996 3844 1022 3900 i.
1043 3865 1067 3900 c.
1085 3884 1094 3902 .
1115 3885 1123 3902 .
1144 3885 1152 3901 .
1174 3884 1181 3900 .
1202 3849 1293 3902 Ptine.
1314 3877 1351 3892 ·-
1369 3847 1402 3901 tt.

98 3924 131 3981 C.
151 3923 257 3979 lietald.
280 3953 311 3964 -
333 3924 431 3974 bonam
449 3918 672 3972 consuetudinem
691 3918 749 3972 Ald.
768 3935 794 3971 et
814 3938 889 3991 seqq.

171 4003 216 4057 13.
237 3998 330 4065 itanc]
351 4001 442 4051 Ptine.
460 3993 568 4049 Berald.
591 4023 621 4033 -
643 3995 709 4045 il'on
727 3992 798 4045 hana
817 3994 879 4047 Ald.
897 4010 924 4048 es
944 4012 1018 4066 seqq.

174 4071 243 4126 ibid.
262 4077 328 4139 ina]
349 4078 387 4124 in.
408 4070 438 4122 C.
460 4071 549 4122 Ptine.
571 4065 677 4122 iterati.
698 4096 731 4110 -
752 4068 904 4119 increbruit
924 4068 985 4123 itu.
999 4071 1063 4124 liat.
1089 4094 1125 4110 -
1143 4073 1279 4127 increbuit
1304 4081 1399 4130 ceteri.

170 4148 214 4205 tlt.
234 4152 406 4215 negotiator.
444 4143 627 4196 Odiosissimn
646 4140 730 4212 haee]
760 4145 850 4196 Priuc.
870 4143 934 4196 Hos.
955 4146 1035 4198 Creu.
1058 4175 1088 4186 -
1109 4153 1275 4216 negotiator
1293 4149 1399 4219 odiosi,

91 4222 159 4275 haec
178 4222 286 4275 Berald.
305 4248 340 4263 -
358 4225 521 4288 negotiator
540 4217 604 4268 odio
622 4221 669 4270 sit.
708 4217 786 4268 ilaec
805 4216 867 4270 Atd.
887 4216 955 4274 Lod.
976 4219 1061 4292 Lagd.
1081 4223 1159 4275 Mun.

169 4300 214 4354 16.
236 4300 335 4363 Aram]
362 4302 451 4348 asiam
472 4296 563 4348 Princ.

167 4370 238 4425 ibid.
259 4371 404 4438 Triirmat]
427 4368 492 4422 Lod.
512 4383 538 4423 et
558 4383 632 4438 seqq.
651 4395 688 4408 -
706 4365 801 4419 tribul.
824 4368 915 4421 Ptine.
934 4367 1042 4422 Berald.
1062 4367 1122 4424 Ald.

164 4453 209 4503 17.
229 4447 313 4516 Qrsia]
341 4463 396 4499 om.
418 4440 525 4497 Beratd.
760 4439 831 4494 thid.
850 4444 929 4513 iilos]
961 4444 1009 4494 tito
1029 4446 1123 4498 Ptine.

164 4524 210 4577 18.
232 4523 302 4592 non]
323 4537 379 4573 om.
399 4517 460 4573 sid.
487 4515 554 4569 Lod.
577 4512 660 4588 lugd.
682 4517 758 4568 Man.
782 4545 812 4556 -
834 4517 944 4586 ,Qrsasi
963 4517 1033 4568 illud
1059 4537 1152 4570 omnes
1174 4527 1242 4573 trena
1256 4517 1400 4595 fecerint]

90 4593 145 4646 Aac
165 4613 220 4647 non
240 4614 333 4646 omnes
351 4598 486 4648 sententia
506 4593 643 4662 postulas,
670 4605 716 4642 aut
741 4608 796 4641 non
806 4589 935 4660 jecerint
955 4611 1004 4665 pro
1027 4601 1091 4645 istnc
1104 4592 1232 4664 fecerint
1254 4595 1400 4668 legendum

89 4675 208 4723 omnino
233 4671 300 4723 est.”
330 4670 414 4722 HOT.
453 4665 632 4739 supersedere
651 4669 784 4736 posuisses
805 4671 971 4722 coniecturis
994 4673 1049 4721 suis
1078 4673 1117 4722 sir
1137 4670 1353 4735 eruditissimus,
1376 4676 1400 4725 ei

87 4743 173 4798 elium
196 4761 304 4818 praeter
321 4744 453 4800 Veterem
472 4758 552 4794 sunm
572 4739 675 4794 librum
694 4737 885 4800 consuluisset.
