<?xml version="1.0" encoding="UTF-8"?>
<!DOCTYPE html PUBLIC "-//W3C//DTD XHTML 1.0 Transitional//EN"
    "http://www.w3.org/TR/xhtml1/DTD/xhtml1-transitional.dtd">
<html xmlns="http://www.w3.org/1999/xhtml" xml:lang="en" lang="en">
 <head>
  <title>
</title>
<meta http-equiv="Content-Type" content="text/html;charset=utf-8" />
  <meta name='ocr-system' content='tesseract 3.04.00' />
  <meta name='ocr-capabilities' content='ocr_page ocr_carea ocr_par ocr_line ocrx_word'/>
</head>
<body>
  <div class='ocr_page' id='page_1' title='image "./operaquaesupers03halmgoog_0259.png"; bbox 0 0 3210 5280; ppageno 0'>
   <div class='ocr_carea' id='block_1_1' title="bbox 256 211 1136 288">
    <p class='ocr_par' dir='ltr' id='par_1_1' title="bbox 256 211 1136 288">
     <span class='ocr_line' id='line_1_1' title="bbox 256 211 1136 288; baseline -0.001 -11"><span class='ocrx_word' id='word_1_1' title='bbox 256 213 318 278; x_wconf 75' lang='lat'><em>228</em></span> <span class='ocrx_word' id='word_1_2' title='bbox 664 211 816 288; x_wconf 82' lang='lat' dir='ltr'><em>scttoJ</em></span> <span class='ocrx_word' id='word_1_3' title='bbox 819 215 866 277; x_wconf 81' lang='lat' dir='ltr'><em>{A</em></span> <span class='ocrx_word' id='word_1_4' title='bbox 890 212 1136 278; x_wconf 72' lang='lat' dir='ltr'><em>ssosstuusta</em></span> 
     </span>
    </p>
   </div>
   <div class='ocr_carea' id='block_1_2' title="bbox 167 352 1567 1145">
    <p class='ocr_par' dir='ltr' id='par_1_2' title="bbox 167 352 1566 1145">
     <span class='ocr_line' id='line_1_2' title="bbox 256 352 1565 437; baseline 0.002 -22"><span class='ocrx_word' id='word_1_5' title='bbox 256 355 414 417; x_wconf 73' lang='lat' dir='ltr'><em>chemicis</em></span> <span class='ocrx_word' id='word_1_6' title='bbox 425 352 599 429; x_wconf 65' lang='lat' dir='ltr'><em>artificiis,</em></span> <span class='ocrx_word' id='word_1_7' title='bbox 620 352 786 436; x_wconf 80' lang='lat' dir='ltr'><em>quoslfit</em></span> <span class='ocrx_word' id='word_1_8' title='bbox 771 375 805 414; x_wconf 91' lang='grc' dir='ltr'><em>ιιι</em></span> <span class='ocrx_word' id='word_1_9' title='bbox 819 358 1027 429; x_wconf 82' lang='lat' dir='ltr'><em>atramento,</em></span> <span class='ocrx_word' id='word_1_10' title='bbox 1043 353 1206 418; x_wconf 85' lang='lat' dir='ltr'><em>suscitari</em></span> <span class='ocrx_word' id='word_1_11' title='bbox 1213 361 1245 415; x_wconf 92' lang='lat' dir='ltr'><em>et</em></span> <span class='ocrx_word' id='word_1_12' title='bbox 1256 352 1414 417; x_wconf 87' lang='lat' dir='ltr'><em>colorari</em></span> <span class='ocrx_word' id='word_1_13' title='bbox 1424 363 1565 437; x_wconf 85' lang='lat' dir='ltr'><em>queunt.</em></span> 
     </span>
     <span class='ocr_line' id='line_1_3' title="bbox 255 442 1566 525; baseline 0.005 -20"><span class='ocrx_word' id='word_1_14' title='bbox 255 446 455 506; x_wconf 72' lang='lat' dir='ltr'><em>Perraro&#39;v</em></span> <span class='ocrx_word' id='word_1_15' title='bbox 418 464 455 524; x_wconf 77' lang='lat' dir='ltr'><em>cg</em></span> <span class='ocrx_word' id='word_1_16' title='bbox 458 445 526 505; x_wconf 93' lang='lat' dir='ltr'><em>itur</em></span> <span class='ocrx_word' id='word_1_17' title='bbox 546 443 630 505; x_wconf 85' lang='lat' dir='ltr'><em>milti</em></span> <span class='ocrx_word' id='word_1_18' title='bbox 650 445 760 522; x_wconf 93' lang='lat' dir='ltr'><em>conti</em></span> <span class='ocrx_word' id='word_1_19' title='bbox 747 445 811 522; x_wconf 69' lang='lat' dir='ltr'><em>vit,</em></span> <span class='ocrx_word' id='word_1_20' title='bbox 833 452 868 505; x_wconf 91' lang='lat' dir='ltr'><em>ut</em></span> <span class='ocrx_word' id='word_1_21' title='bbox 890 445 975 506; x_wconf 87' lang='lat' dir='ltr'><em>ltaec</em></span> <span class='ocrx_word' id='word_1_22' title='bbox 998 443 1164 505; x_wconf 86' lang='lat' dir='ltr'><em>Graeca</em></span> <span class='ocrx_word' id='word_1_23' title='bbox 1150 463 1184 503; x_wconf 90' lang='grc' dir='ltr'><em>ιιι</em></span> <span class='ocrx_word' id='word_1_24' title='bbox 1207 442 1353 505; x_wconf 77' lang='lat' dir='ltr'><em>evanidis</em></span> <span class='ocrx_word' id='word_1_25' title='bbox 1372 448 1566 525; x_wconf 85' lang='lat' dir='ltr'><em>scripturae</em></span> 
     </span>
     <span class='ocr_line' id='line_1_4' title="bbox 257 490 1567 615; baseline 0.002 -21"><span class='ocrx_word' id='word_1_26' title='bbox 257 537 354 612; x_wconf 89' lang='lat' dir='ltr'><em>vesti</em></span> <span class='ocrx_word' id='word_1_27' title='bbox 341 536 401 594; x_wconf 90' lang='lat' dir='ltr'><em>iis</em></span> <span class='ocrx_word' id='word_1_28' title='bbox 423 533 633 615; x_wconf 84' lang='lat' dir='ltr'><em>adsequerer.</em></span> <span class='ocrx_word' id='word_1_29' title='bbox 683 532 769 593; x_wconf 83' lang='lat' dir='ltr'><em>Sunt</em></span> <span class='ocrx_word' id='word_1_30' title='bbox 796 490 911 595; x_wconf 80' lang='lat' dir='ltr'><em>itatem</em></span> <span class='ocrx_word' id='word_1_31' title='bbox 937 534 1120 614; x_wconf 80' lang='lat' dir='ltr'><em>pleraeque</em></span> <span class='ocrx_word' id='word_1_32' title='bbox 1134 529 1314 610; x_wconf 80' lang='lat' dir='ltr'><em>famulae</em></span> <span class='ocrx_word' id='word_1_33' title='bbox 1334 553 1378 595; x_wconf 84' lang='lat' dir='ltr'><em>ex</em></span> <span class='ocrx_word' id='word_1_34' title='bbox 1398 542 1471 596; x_wconf 86' lang='lat' dir='ltr'><em>arte</em></span> <span class='ocrx_word' id='word_1_35' title='bbox 1493 536 1567 598; x_wconf 82' lang='lat' dir='ltr'><em>rire·</em></span> 
     </span>
     <span class='ocr_line' id='line_1_5' title="bbox 236 619 1565 703; baseline 0.003 -21.058"><span class='ocrx_word' id='word_1_36' title='bbox 236 632 387 697; x_wconf 87' lang='lat' dir='ltr'><em>torum,</em></span> <span class='ocrx_word' id='word_1_37' title='bbox 419 641 523 703; x_wconf 87' lang='lat' dir='ltr'><em>quarn</em></span> <span class='ocrx_word' id='word_1_38' title='bbox 552 620 750 683; x_wconf 73' lang='lat' dir='ltr'><em>scholiastes</em></span> <span class='ocrx_word' id='word_1_39' title='bbox 777 631 906 697; x_wconf 86' lang='lat' dir='ltr'><em>noster,</em></span> <span class='ocrx_word' id='word_1_40' title='bbox 938 631 976 683; x_wconf 93' lang='lat' dir='ltr'><em>ut</em></span> <span class='ocrx_word' id='word_1_41' title='bbox 1003 621 1098 685; x_wconf 80' lang='lat' dir='ltr'><em>valde</em></span> <span class='ocrx_word' id='word_1_42' title='bbox 1127 619 1291 702; x_wconf 72' lang='lat' dir='ltr'><em>arbitror,</em></span> <span class='ocrx_word' id='word_1_43' title='bbox 1321 623 1565 702; x_wconf 70' lang='lat' dir='ltr'><em>profitebatur,-</em></span> 
     </span>
     <span class='ocr_line' id='line_1_6' title="bbox 231 709 1567 791; baseline 0.001 -19"><span class='ocrx_word' id='word_1_44' title='bbox 231 711 398 791; x_wconf 81' lang='lat' dir='ltr'><em>⁵ideoque</em></span> <span class='ocrx_word' id='word_1_45' title='bbox 417 720 448 773; x_wconf 90' lang='lat' dir='ltr'><em>et</em></span> <span class='ocrx_word' id='word_1_46' title='bbox 470 712 531 771; x_wconf 80' lang='lat' dir='ltr'><em>ltos</em></span> <span class='ocrx_word' id='word_1_47' title='bbox 554 711 842 771; x_wconf 75' lang='lat' dir='ltr'><em>commentarios</em></span> <span class='ocrx_word' id='word_1_48' title='bbox 828 731 861 770; x_wconf 90' lang='grc' dir='ltr'><em>ιιι</em></span> <span class='ocrx_word' id='word_1_49' title='bbox 883 709 1113 772; x_wconf 78' lang='lat' dir='ltr'><em>auditorum</em></span> <span class='ocrx_word' id='word_1_50' title='bbox 1100 730 1254 772; x_wconf 79' lang='lat' dir='ltr'><em>iuvenum</em></span> <span class='ocrx_word' id='word_1_51' title='bbox 1275 715 1426 791; x_wconf 75' lang='lat' dir='ltr'><em>gratiam</em></span> <span class='ocrx_word' id='word_1_52' title='bbox 1444 713 1567 780; x_wconf 78' lang='lat' dir='ltr'><em>(ueluti</em></span> 
     </span>
     <span class='ocr_line' id='line_1_7' title="bbox 255 797 1563 904; baseline -0.001 -40"><span class='ocrx_word' id='word_1_53' title='bbox 255 805 358 864; x_wconf 90' lang='lat' dir='ltr'><em>etiam</em></span> <span class='ocrx_word' id='word_1_54' title='bbox 370 799 532 862; x_wconf 77' lang='lat' dir='ltr'><em>Asconius</em></span> <span class='ocrx_word' id='word_1_55' title='bbox 549 798 720 878; x_wconf 78' lang='lat' dir='ltr'><em>refecisse</em></span> <span class='ocrx_word' id='word_1_56' title='bbox 734 804 784 860; x_wconf 84' lang='lat' dir='ltr'><em>att</em></span> <span class='ocrx_word' id='word_1_57' title='bbox 806 800 896 860; x_wconf 72' lang='lat' dir='ltr'><em>lom.</em></span> <span class='ocrx_word' id='word_1_58' title='bbox 916 799 964 860; x_wconf 85' lang='lat' dir='ltr'><em>ael</em></span> <span class='ocrx_word' id='word_1_59' title='bbox 979 799 1057 860; x_wconf 87' lang='lat' dir='ltr'><em>Mil.</em></span> <span class='ocrx_word' id='word_1_60' title='bbox 1075 797 1221 904; x_wconf 85' lang='lat' dir='ltr'><em>cap.V.)</em></span> <span class='ocrx_word' id='word_1_61' title='bbox 1240 802 1409 880; x_wconf 80' lang='lat' dir='ltr'><em>scripsisse</em></span> <span class='ocrx_word' id='word_1_62' title='bbox 1425 800 1563 864; x_wconf 80' lang='lat' dir='ltr'><em>vitietur.</em></span> 
     </span>
     <span class='ocr_line' id='line_1_8' title="bbox 253 883 1562 973; baseline 0.002 -22"><span class='ocrx_word' id='word_1_63' title='bbox 253 889 343 951; x_wconf 78' lang='lat' dir='ltr'><em>laem</em></span> <span class='ocrx_word' id='word_1_64' title='bbox 372 908 474 968; x_wconf 90' lang='lat' dir='ltr'><em>porro</em></span> <span class='ocrx_word' id='word_1_65' title='bbox 501 887 706 950; x_wconf 89' lang='lat' dir='ltr'><em>Graecorum</em></span> <span class='ocrx_word' id='word_1_66' title='bbox 735 887 907 952; x_wconf 64' lang='lat' dir='ltr'><em>uerborum</em></span> <span class='ocrx_word' id='word_1_67' title='bbox 934 887 1129 968; x_wconf 77' lang='lat' dir='ltr'><em>defectus</em></span> <span class='ocrx_word' id='word_1_68' title='bbox 1114 906 1149 948; x_wconf 88' lang='grc' dir='ltr'><em>ιιι</em></span> <span class='ocrx_word' id='word_1_69' title='bbox 1176 883 1394 952; x_wconf 76' lang='lat' dir='ltr'><em>Arnbrosiano</em></span> <span class='ocrx_word' id='word_1_70' title='bbox 1427 911 1562 973; x_wconf 87' lang='lat' dir='ltr'><em>quoque</em></span> 
     </span>
     <span class='ocr_line' id='line_1_9' title="bbox 252 975 1560 1102; baseline 0 -62"><span class='ocrx_word' id='word_1_71' title='bbox 252 980 473 1058; x_wconf 76' lang='lat' dir='ltr'><em>palimpsesto</em></span> <span class='ocrx_word' id='word_1_72' title='bbox 495 979 580 1037; x_wconf 84' lang='lat' dir='ltr'><em>milri</em></span> <span class='ocrx_word' id='word_1_73' title='bbox 600 978 683 1038; x_wconf 90' lang='lat' dir='ltr'><em>olim</em></span> <span class='ocrx_word' id='word_1_74' title='bbox 704 981 877 1056; x_wconf 80' lang='lat' dir='ltr'><em>negotium</em></span> <span class='ocrx_word' id='word_1_75' title='bbox 889 975 1122 1056; x_wconf 76' lang='lat' dir='ltr'><em>facessebat,</em></span> <span class='ocrx_word' id='word_1_76' title='bbox 1136 998 1237 1061; x_wconf 89' lang='lat' dir='ltr'><em>quem</em></span> <span class='ocrx_word' id='word_1_77' title='bbox 1256 977 1410 1045; x_wconf 82' lang='lat' dir='ltr'><em>codicem</em></span> <span class='ocrx_word' id='word_1_78' title='bbox 1429 989 1560 1102; x_wconf 90' lang='lat' dir='ltr'><em>partem</em></span> 
     </span>
     <span class='ocr_line' id='line_1_10' title="bbox 167 1065 1072 1145; baseline -0.006 -16"><span class='ocrx_word' id='word_1_79' title='bbox 167 1100 170 1108; x_wconf 93' lang='lat'>·</span> <span class='ocrx_word' id='word_1_80' title='bbox 253 1086 319 1129; x_wconf 87' lang='lat' dir='ltr'><em>esse</em></span> <span class='ocrx_word' id='word_1_81' title='bbox 341 1067 536 1141; x_wconf 76' lang='lat' dir='ltr'><em>Romani,</em></span> <span class='ocrx_word' id='word_1_82' title='bbox 523 1087 555 1128; x_wconf 86' lang='lat' dir='ltr'><em>tn</em></span> <span class='ocrx_word' id='word_1_83' title='bbox 575 1065 828 1145; x_wconf 81' lang='lat' dir='ltr'><em>praefatione</em></span> <span class='ocrx_word' id='word_1_84' title='bbox 814 1088 883 1129; x_wconf 87' lang='lat' dir='ltr'><em>ram</em></span> <span class='ocrx_word' id='word_1_85' title='bbox 904 1067 1020 1130; x_wconf 86' lang='lat' dir='ltr'><em>docui.</em></span> <span class='ocrx_word' id='word_1_86' title='bbox 1070 1120 1072 1124; x_wconf 89' lang='lat'><em>.</em></span> 
     </span>
    </p>
   </div>
   <div class='ocr_carea' id='block_1_3' title="bbox 513 1302 1236 1413">
    <p class='ocr_par' dir='ltr' id='par_1_3' title="bbox 513 1302 1236 1413">
     <span class='ocr_line' id='line_1_11' title="bbox 513 1302 1236 1413; baseline 0.003 -3"><span class='ocrx_word' id='word_1_87' title='bbox 513 1403 518 1409; x_wconf 89' lang='lat'>.</span> <span class='ocrx_word' id='word_1_88' title='bbox 577 1302 1236 1413; x_wconf 82' lang='lat' dir='ltr'><strong>COMMENTARIUS.</strong></span> 
     </span>
    </p>
   </div>
   <div class='ocr_carea' id='block_1_4' title="bbox 501 1536 1371 1659">
    <p class='ocr_par' dir='ltr' id='par_1_4' title="bbox 501 1536 1371 1659">
     <span class='ocr_line' id='line_1_12' title="bbox 501 1536 1371 1659; baseline 0.007 -45"><span class='ocrx_word' id='word_1_89' title='bbox 501 1536 800 1638; x_wconf 84' lang='lat' dir='ltr'><em>[Desiderantur</em></span> <span class='ocrx_word' id='word_1_90' title='bbox 821 1543 993 1659; x_wconf 80' lang='lat' dir='ltr'><em>paginae</em></span> <span class='ocrx_word' id='word_1_91' title='bbox 1015 1547 1148 1620; x_wconf 87' lang='lat' dir='ltr'><em>saltem</em></span> <span class='ocrx_word' id='word_1_92' title='bbox 1174 1540 1298 1641; x_wconf 75' lang='lat' dir='ltr'><em>duce]</em></span> <span class='ocrx_word' id='word_1_93' title='bbox 1367 1613 1371 1620; x_wconf 94' lang='lat'>.</span> 
     </span>
    </p>
   </div>
   <div class='ocr_carea' id='block_1_5' title="bbox 251 1664 1554 1881">
    <p class='ocr_par' dir='ltr' id='par_1_5' title="bbox 251 1664 1554 1881">
     <span class='ocr_line' id='line_1_13' title="bbox 327 1664 1554 1769; baseline 0.003 -27"><span class='ocrx_word' id='word_1_94' title='bbox 327 1668 416 1767; x_wconf 88' lang='lat' dir='ltr'><em>Cup.</em></span> <span class='ocrx_word' id='word_1_95' title='bbox 444 1669 473 1743; x_wconf 92' lang='lat' dir='ltr'><em>l.</em></span> <span class='ocrx_word' id='word_1_96' title='bbox 502 1664 536 1743; x_wconf 90' lang='lat' dir='ltr'><em>l.</em></span> <span class='ocrx_word' id='word_1_97' title='bbox 566 1669 783 1767; x_wconf 85' lang='lat' dir='ltr'><em>Numquam</em></span> <span class='ocrx_word' id='word_1_98' title='bbox 810 1674 1045 1764; x_wconf 76' lang='lat' dir='ltr'><em>existimavi,</em></span> <span class='ocrx_word' id='word_1_99' title='bbox 1082 1674 1247 1769; x_wconf 84' lang='lat' dir='ltr'><em>iudices,</em></span> <span class='ocrx_word' id='word_1_100' title='bbox 1279 1673 1331 1755; x_wconf 62' lang='lat' dir='ltr'><em>D„</em></span> <span class='ocrx_word' id='word_1_101' title='bbox 1358 1670 1554 1763; x_wconf 85' lang='lat' dir='ltr'><em>Laelium,</em></span> 
     </span>
     <span class='ocr_line' id='line_1_14' title="bbox 251 1780 1387 1881; baseline 0.004 -32"><span class='ocrx_word' id='word_1_102' title='bbox 251 1780 388 1877; x_wconf 86' lang='lat' dir='ltr'><em>optimi</em></span> <span class='ocrx_word' id='word_1_103' title='bbox 414 1781 664 1874; x_wconf 76' lang='lat' dir='ltr'><em>virisiliurn,</em></span> <span class='ocrx_word' id='word_1_104' title='bbox 691 1807 773 1852; x_wconf 86' lang='lat' dir='ltr'><em>enm</em></span> <span class='ocrx_word' id='word_1_105' title='bbox 799 1801 1066 1881; x_wconf 85' lang='lat' dir='ltr'><em>suscepturum</em></span> <span class='ocrx_word' id='word_1_106' title='bbox 1091 1783 1387 1857; x_wconf 85' lang='lat' dir='ltr'><em>accusationem.</em></span> 
     </span>
    </p>
   </div>
   <div class='ocr_carea' id='block_1_6' title="bbox 202 1904 1585 2530">
    <p class='ocr_par' dir='ltr' id='par_1_6' title="bbox 207 1904 1585 2090">
     <span class='ocr_line' id='line_1_15' title="bbox 252 1904 1585 1992; baseline 0 -24"><span class='ocrx_word' id='word_1_107' title='bbox 252 1925 256 1936; x_wconf 89' lang='lat'>·</span> <span class='ocrx_word' id='word_1_108' title='bbox 333 1904 433 1986; x_wconf 80' lang='lat' dir='ltr'><em>[Cot.</em></span> <span class='ocrx_word' id='word_1_109' title='bbox 464 1905 618 1986; x_wconf 82' lang='lat' dir='ltr'><em>Q..Ltt.</em></span> <span class='ocrx_word' id='word_1_110' title='bbox 649 1927 683 1988; x_wconf 85' lang='lat' dir='ltr'><em>p.</em></span> <span class='ocrx_word' id='word_1_111' title='bbox 715 1907 804 1988; x_wconf 68' lang='lat' dir='ltr'><em>lib]</em></span> <span class='ocrx_word' id='word_1_112' title='bbox 849 1909 1010 1973; x_wconf 78' lang='lat' dir='ltr'><em>Decimus</em></span> <span class='ocrx_word' id='word_1_113' title='bbox 1039 1909 1092 1971; x_wconf 84' lang='lat' dir='ltr'><em>hie</em></span> <span class='ocrx_word' id='word_1_114' title='bbox 1120 1908 1258 1972; x_wconf 86' lang='lat' dir='ltr'><em>Laelius</em></span> <span class='ocrx_word' id='word_1_115' title='bbox 1291 1906 1555 1992; x_wconf 74' lang='lat' dir='ltr'><em>reponendarum</em></span> <span class='ocrx_word' id='word_1_116' title='bbox 1582 1950 1585 1960; x_wconf 39' lang='lat'>1</span> 
     </span>
     <span class='ocr_line' id='line_1_16' title="bbox 207 1997 1552 2090; baseline 0.004 -32"><span class='ocrx_word' id='word_1_117' title='bbox 207 2011 345 2060; x_wconf 73' lang='lat' dir='ltr'><em>teretem</em></span> <span class='ocrx_word' id='word_1_118' title='bbox 366 2003 521 2062; x_wconf 80' lang='lat' dir='ltr'><em>Flaccum</em></span> <span class='ocrx_word' id='word_1_119' title='bbox 530 1997 694 2090; x_wconf 60' lang='lat' dir='ltr'><em>feceram</em></span> <span class='ocrx_word' id='word_1_120' title='bbox 724 2001 856 2064; x_wconf 82' lang='lat' dir='ltr'><em>subscri</em></span> <span class='ocrx_word' id='word_1_121' title='bbox 868 2011 881 2068; x_wconf 88' lang='lat' dir='ltr'><em>lt</em></span> <span class='ocrx_word' id='word_1_122' title='bbox 897 2003 1040 2066; x_wconf 86' lang='lat' dir='ltr'><em>bentibus</em></span> <span class='ocrx_word' id='word_1_123' title='bbox 1064 2005 1106 2064; x_wconf 88' lang='lat' dir='ltr'><em>L.</em></span> <span class='ocrx_word' id='word_1_124' title='bbox 1135 2003 1238 2064; x_wconf 87' lang='lat' dir='ltr'><em>Balbo</em></span> <span class='ocrx_word' id='word_1_125' title='bbox 1266 2013 1298 2064; x_wconf 90' lang='lat' dir='ltr'><em>et</em></span> <span class='ocrx_word' id='word_1_126' title='bbox 1318 1999 1457 2081; x_wconf 85' lang='lat' dir='ltr'><em>Apuleio</em></span> <span class='ocrx_word' id='word_1_127' title='bbox 1489 2000 1552 2064; x_wconf 76' lang='lat' dir='ltr'><em>ne·</em></span> 
     </span>
    </p>

    <p class='ocr_par' dir='ltr' id='par_1_7' title="bbox 248 2091 1552 2179">
     <span class='ocr_line' id='line_1_17' title="bbox 248 2091 1552 2179; baseline 0.001 -27"><span class='ocrx_word' id='word_1_128' title='bbox 248 2091 360 2166; x_wconf 63' lang='lat' dir='ltr'><em>cinnae</em></span> <span class='ocrx_word' id='word_1_129' title='bbox 390 2113 471 2176; x_wconf 87' lang='lat' dir='ltr'><em>quos</em></span> <span class='ocrx_word' id='word_1_130' title='bbox 494 2095 559 2157; x_wconf 83' lang='lat' dir='ltr'><em>vstlt</em></span> <span class='ocrx_word' id='word_1_131' title='bbox 582 2095 815 2157; x_wconf 77' lang='lat' dir='ltr'><em>obtrectatores</em></span> <span class='ocrx_word' id='word_1_132' title='bbox 837 2095 993 2179; x_wconf 77' lang='lat' dir='ltr'><em>intellegi,</em></span> <span class='ocrx_word' id='word_1_133' title='bbox 1027 2093 1151 2158; x_wconf 87' lang='lat' dir='ltr'><em>invidos</em></span> <span class='ocrx_word' id='word_1_134' title='bbox 1173 2092 1296 2178; x_wconf 86' lang='lat' dir='ltr'><em>gloriae</em></span> <span class='ocrx_word' id='word_1_135' title='bbox 1317 2093 1409 2155; x_wconf 78' lang='lat' dir='ltr'><em>hrains</em></span> <span class='ocrx_word' id='word_1_136' title='bbox 1432 2091 1552 2155; x_wconf 88' lang='lat' dir='ltr'><em>Valerii</em></span> 
     </span>
    </p>

    <p class='ocr_par' dir='ltr' id='par_1_8' title="bbox 250 2185 1552 2270">
     <span class='ocr_line' id='line_1_18' title="bbox 250 2185 1552 2270; baseline -0.001 -23"><span class='ocrx_word' id='word_1_137' title='bbox 250 2185 374 2260; x_wconf 84' lang='lat' dir='ltr'><em>Flacci,</em></span> <span class='ocrx_word' id='word_1_138' title='bbox 411 2186 571 2270; x_wconf 83' lang='lat' dir='ltr'><em>magisque</em></span> <span class='ocrx_word' id='word_1_139' title='bbox 600 2189 761 2268; x_wconf 86' lang='lat' dir='ltr'><em>cupientes</em></span> <span class='ocrx_word' id='word_1_140' title='bbox 790 2190 953 2249; x_wconf 86' lang='lat' dir='ltr'><em>destruere</em></span> <span class='ocrx_word' id='word_1_141' title='bbox 985 2188 1151 2262; x_wconf 78' lang='lat' dir='ltr'><em>virtutem,</em></span> <span class='ocrx_word' id='word_1_142' title='bbox 1188 2210 1279 2270; x_wconf 85' lang='lat' dir='ltr'><em>quam</em></span> <span class='ocrx_word' id='word_1_143' title='bbox 1315 2187 1409 2249; x_wconf 88' lang='lat' dir='ltr'><em>ullum</em></span> <span class='ocrx_word' id='word_1_144' title='bbox 1439 2185 1552 2248; x_wconf 85' lang='lat' dir='ltr'><em>crimen</em></span> 
     </span>
    </p>

    <p class='ocr_par' dir='ltr' id='par_1_9' title="bbox 248 2278 1552 2364">
     <span class='ocr_line' id='line_1_19' title="bbox 248 2278 1552 2364; baseline -0.002 -22.993"><span class='ocrx_word' id='word_1_145' title='bbox 248 2281 439 2342; x_wconf 76' lang='lat' dir='ltr'><em>ostendere:</em></span> <span class='ocrx_word' id='word_1_146' title='bbox 462 2292 605 2361; x_wconf 86' lang='lat' dir='ltr'><em>quorum</em></span> <span class='ocrx_word' id='word_1_147' title='bbox 619 2301 773 2362; x_wconf 82' lang='lat' dir='ltr'><em>personas</em></span> <span class='ocrx_word' id='word_1_148' title='bbox 794 2290 904 2343; x_wconf 86' lang='lat' dir='ltr'><em>onerat</em></span> <span class='ocrx_word' id='word_1_149' title='bbox 926 2281 1057 2355; x_wconf 78' lang='lat' dir='ltr'><em>iuvidia3</em></span> <span class='ocrx_word' id='word_1_150' title='bbox 1080 2279 1170 2364; x_wconf 89' lang='lat' dir='ltr'><em>quasi</em></span> <span class='ocrx_word' id='word_1_151' title='bbox 1190 2279 1265 2341; x_wconf 87' lang='lat' dir='ltr'><em>nihil</em></span> <span class='ocrx_word' id='word_1_152' title='bbox 1288 2279 1370 2340; x_wconf 84' lang='lat' dir='ltr'><em>alitsd</em></span> <span class='ocrx_word' id='word_1_153' title='bbox 1385 2278 1552 2352; x_wconf 78' lang='lat' dir='ltr'><em>adfectent,</em></span> 
     </span>
    </p>

    <p class='ocr_par' dir='ltr' id='par_1_10' title="bbox 202 2370 1551 2530">
     <span class='ocr_line' id='line_1_20' title="bbox 247 2370 1551 2458; baseline -0.002 -24"><span class='ocrx_word' id='word_1_154' title='bbox 247 2392 344 2454; x_wconf 80' lang='lat' dir='ltr'><em>quam</em></span> <span class='ocrx_word' id='word_1_155' title='bbox 373 2371 617 2436; x_wconf 76' lang='lat' dir='ltr'><em>saturationem·</em></span> <span class='ocrx_word' id='word_1_156' title='bbox 646 2374 729 2436; x_wconf 86' lang='lat' dir='ltr'><em>illam</em></span> <span class='ocrx_word' id='word_1_157' title='bbox 757 2370 928 2450; x_wconf 86' lang='lat' dir='ltr'><em>Catilinae,</em></span> <span class='ocrx_word' id='word_1_158' title='bbox 961 2394 1042 2458; x_wconf 89' lang='lat' dir='ltr'><em>quae</em></span> <span class='ocrx_word' id='word_1_159' title='bbox 1069 2374 1131 2436; x_wconf 94' lang='lat' dir='ltr'><em>hoc</em></span> <span class='ocrx_word' id='word_1_160' title='bbox 1153 2373 1296 2435; x_wconf 85' lang='lat' dir='ltr'><em>adiutore</em></span> <span class='ocrx_word' id='word_1_161' title='bbox 1317 2391 1473 2454; x_wconf 88' lang='lat' dir='ltr'><em>oppressa</em></span> <span class='ocrx_word' id='word_1_162' title='bbox 1495 2371 1551 2446; x_wconf 90' lang='lat' dir='ltr'><em>sit,</em></span> 
     </span>
     <span class='ocr_line' id='line_1_21' title="bbox 202 2466 507 2530; baseline 0.01 -3"><span class='ocrx_word' id='word_1_163' title='bbox 202 2466 418 2530; x_wconf 79' lang='lat' dir='ltr'><em>2⁰viudicare.</em></span> <span class='ocrx_word' id='word_1_164' title='bbox 504 2484 507 2490; x_wconf 85' lang='lat'>&#39;</span> 
     </span>
    </p>
   </div>
   <div class='ocr_carea' id='block_1_7' title="bbox 198 2584 1550 3574">
    <p class='ocr_par' dir='ltr' id='par_1_11' title="bbox 198 2584 1550 3574">
     <span class='ocr_line' id='line_1_22' title="bbox 244 2584 1550 2689; baseline -0.005 -23"><span class='ocrx_word' id='word_1_165' title='bbox 244 2658 248 2666; x_wconf 92' lang='lat'>.</span> <span class='ocrx_word' id='word_1_166' title='bbox 322 2591 372 2665; x_wconf 86' lang='lat' dir='ltr'><em>ll.</em></span> <span class='ocrx_word' id='word_1_167' title='bbox 401 2584 434 2665; x_wconf 90' lang='lat' dir='ltr'><em>l.</em></span> <span class='ocrx_word' id='word_1_168' title='bbox 476 2589 519 2668; x_wconf 90' lang='lat' dir='ltr'><em>Si</em></span> <span class='ocrx_word' id='word_1_169' title='bbox 544 2616 712 2689; x_wconf 90' lang='lat' dir='ltr'><em>umquam</em></span> <span class='ocrx_word' id='word_1_170' title='bbox 738 2615 800 2667; x_wconf 88' lang='lat' dir='ltr'><em>res</em></span> <span class='ocrx_word' id='word_1_171' title='bbox 826 2617 862 2689; x_wconf 86' lang='lat' dir='ltr'><em>p.</em></span> <span class='ocrx_word' id='word_1_172' title='bbox 892 2590 1106 2685; x_wconf 81' lang='lat' dir='ltr'><em>consilium,</em></span> <span class='ocrx_word' id='word_1_173' title='bbox 1144 2592 1384 2688; x_wconf 83' lang='lat' dir='ltr'><em>gravitatem,</em></span> <span class='ocrx_word' id='word_1_174' title='bbox 1411 2588 1550 2686; x_wconf 86' lang='lat' dir='ltr'><em>sapien·</em></span> 
     </span>
     <span class='ocr_line' id='line_1_23' title="bbox 245 2701 1550 2803; baseline 0.002 -27"><span class='ocrx_word' id='word_1_175' title='bbox 245 2702 355 2776; x_wconf 81' lang='lat' dir='ltr'><em>tiam²</em></span> <span class='ocrx_word' id='word_1_176' title='bbox 385 2705 543 2778; x_wconf 89' lang='lat' dir='ltr'><em>iudicum</em></span> <span class='ocrx_word' id='word_1_177' title='bbox 568 2705 800 2803; x_wconf 86' lang='lat' dir='ltr'><em>imploravit,</em></span> <span class='ocrx_word' id='word_1_178' title='bbox 829 2701 921 2797; x_wconf 87' lang='lat' dir='ltr'><em>hoc,</em></span> <span class='ocrx_word' id='word_1_179' title='bbox 959 2704 1049 2800; x_wconf 86' lang='lat' dir='ltr'><em>boe,</em></span> <span class='ocrx_word' id='word_1_180' title='bbox 1078 2707 1247 2800; x_wconf 86' lang='lat' dir='ltr'><em>inquam,</em></span> <span class='ocrx_word' id='word_1_181' title='bbox 1277 2703 1468 2800; x_wconf 80' lang='lat' dir='ltr'><em>temporc³</em></span> <span class='ocrx_word' id='word_1_182' title='bbox 1500 2707 1550 2777; x_wconf 90' lang='lat' dir='ltr'><em>in·</em></span> 
     </span>
     <span class='ocr_line' id='line_1_24' title="bbox 242 2813 402 2912; baseline -0.006 -25"><span class='ocrx_word' id='word_1_183' title='bbox 242 2813 402 2912; x_wconf 80' lang='lat' dir='ltr'><em>plorat⁴.</em></span> 
     </span>
     <span class='ocr_line' id='line_1_25' title="bbox 327 2931 1546 3018; baseline -0.002 -22"><span class='ocrx_word' id='word_1_184' title='bbox 327 2934 539 2996; x_wconf 85' lang='lat' dir='ltr'><em>Vehementer</em></span> <span class='ocrx_word' id='word_1_185' title='bbox 561 2932 807 3018; x_wconf 83' lang='lat' dir='ltr'><em>congeminavit,</em></span> <span class='ocrx_word' id='word_1_186' title='bbox 833 2944 867 2994; x_wconf 88' lang='lat' dir='ltr'><em>ut</em></span> <span class='ocrx_word' id='word_1_187' title='bbox 888 2931 1070 3011; x_wconf 74' lang='lat' dir='ltr'><em>attentiores</em></span> <span class='ocrx_word' id='word_1_188' title='bbox 1093 2931 1212 2995; x_wconf 84' lang='lat' dir='ltr'><em>animos</em></span> <span class='ocrx_word' id='word_1_189' title='bbox 1234 2931 1367 2994; x_wconf 86' lang='lat' dir='ltr'><em>iudicum</em></span> <span class='ocrx_word' id='word_1_190' title='bbox 1390 2931 1546 3008; x_wconf 84' lang='lat' dir='ltr'><em>iaceret⁵,</em></span> 
     </span>
     <span class='ocr_line' id='line_1_26' title="bbox 199 3024 1548 3111; baseline -0.001 -20"><span class='ocrx_word' id='word_1_191' title='bbox 199 3045 305 3109; x_wconf 75' lang='lat' dir='ltr'><em>etqua</em></span> <span class='ocrx_word' id='word_1_192' title='bbox 329 3027 427 3111; x_wconf 83' lang='lat' dir='ltr'><em>magis</em></span> <span class='ocrx_word' id='word_1_193' title='bbox 449 3028 613 3090; x_wconf 82' lang='lat' dir='ltr'><em>universae</em></span> <span class='ocrx_word' id='word_1_194' title='bbox 633 3028 678 3089; x_wconf 89' lang='lat' dir='ltr'><em>rei</em></span> <span class='ocrx_word' id='word_1_195' title='bbox 702 3049 735 3108; x_wconf 84' lang='lat' dir='ltr'><em>p.</em></span> <span class='ocrx_word' id='word_1_196' title='bbox 759 3025 979 3109; x_wconf 80' lang='lat' dir='ltr'><em>providerent,</em></span> <span class='ocrx_word' id='word_1_197' title='bbox 1005 3047 1042 3087; x_wconf 89' lang='lat' dir='ltr'><em>nc</em></span> <span class='ocrx_word' id='word_1_198' title='bbox 1065 3027 1144 3087; x_wconf 75' lang='lat' dir='ltr'><em>liene</em></span> <span class='ocrx_word' id='word_1_199' title='bbox 1167 3024 1284 3088; x_wconf 86' lang='lat' dir='ltr'><em>meritis</em></span> <span class='ocrx_word' id='word_1_200' title='bbox 1306 3025 1428 3089; x_wconf 86' lang='lat' dir='ltr'><em>civibus</em></span> <span class='ocrx_word' id='word_1_201' title='bbox 1446 3028 1548 3089; x_wconf 62' lang='lat' dir='ltr'><em>«virtus</em></span> 
     </span>
     <span class='ocr_line' id='line_1_27' title="bbox 240 3118 1547 3202; baseline 0.002 -22"><span class='ocrx_word' id='word_1_202' title='bbox 240 3140 295 3181; x_wconf 86' lang='lat' dir='ltr'><em>sua</em></span> <span class='ocrx_word' id='word_1_203' title='bbox 310 3139 374 3182; x_wconf 88' lang='lat' dir='ltr'><em>uon</em></span> <span class='ocrx_word' id='word_1_204' title='bbox 390 3121 523 3202; x_wconf 84' lang='lat' dir='ltr'><em>gratiam</em></span> <span class='ocrx_word' id='word_1_205' title='bbox 546 3119 713 3202; x_wconf 78' lang='lat' dir='ltr'><em>praernii⁶,</em></span> <span class='ocrx_word' id='word_1_206' title='bbox 737 3122 792 3182; x_wconf 88' lang='lat' dir='ltr'><em>sed</em></span> <span class='ocrx_word' id='word_1_207' title='bbox 809 3119 966 3180; x_wconf 82' lang='lat' dir='ltr'><em>materiam</em></span> <span class='ocrx_word' id='word_1_208' title='bbox 987 3118 1116 3198; x_wconf 89' lang='lat' dir='ltr'><em>periculi</em></span> <span class='ocrx_word' id='word_1_209' title='bbox 1132 3130 1344 3200; x_wconf 84' lang='lat' dir='ltr'><em>compararet.</em></span> <span class='ocrx_word' id='word_1_210' title='bbox 1388 3121 1449 3182; x_wconf 86' lang='lat' dir='ltr'><em>Est</em></span> <span class='ocrx_word' id='word_1_211' title='bbox 1470 3140 1547 3202; x_wconf 83' lang='lat' dir='ltr'><em>erga</em></span> 
     </span>
     <span class='ocr_line' id='line_1_28' title="bbox 241 3212 1547 3296; baseline 0 -22"><span class='ocrx_word' id='word_1_212' title='bbox 241 3246 265 3259; x_wconf 93' lang='lat'><em>··</em></span> <span class='ocrx_word' id='word_1_213' title='bbox 279 3212 320 3275; x_wconf 56' lang='grc' dir='ltr'><em>ε’·</em></span> <span class='ocrx_word' id='word_1_214' title='bbox 338 3212 495 3296; x_wconf 86' lang='lat' dir='ltr'><em>invigilari</em></span> <span class='ocrx_word' id='word_1_215' title='bbox 518 3225 690 3294; x_wconf 86' lang='lat' dir='ltr'><em>oportere,</em></span> <span class='ocrx_word' id='word_1_216' title='bbox 716 3232 754 3273; x_wconf 89' lang='lat' dir='ltr'><em>ne</em></span> <span class='ocrx_word' id='word_1_217' title='bbox 777 3233 884 3274; x_wconf 80' lang='lat' dir='ltr'><em>astrues</em></span> <span class='ocrx_word' id='word_1_218' title='bbox 905 3213 1093 3294; x_wconf 84' lang='lat' dir='ltr'><em>quicumque</em></span> <span class='ocrx_word' id='word_1_219' title='bbox 1116 3214 1160 3273; x_wconf 88' lang='lat' dir='ltr'><em>rei</em></span> <span class='ocrx_word' id='word_1_220' title='bbox 1183 3235 1215 3293; x_wconf 89' lang='lat' dir='ltr'><em>p.</em></span> <span class='ocrx_word' id='word_1_221' title='bbox 1240 3212 1442 3292; x_wconf 87' lang='lat' dir='ltr'><em>proluerint,</em></span> <span class='ocrx_word' id='word_1_222' title='bbox 1465 3214 1547 3277; x_wconf 79' lang='lat' dir='ltr'><em>sini·</em></span> 
     </span>
     <span class='ocr_line' id='line_1_29' title="bbox 240 3302 1545 3387; baseline 0.001 -23"><span class='ocrx_word' id='word_1_223' title='bbox 240 3302 321 3366; x_wconf 88' lang='lat' dir='ltr'><em>libus</em></span> <span class='ocrx_word' id='word_1_224' title='bbox 350 3305 518 3367; x_wconf 83' lang='lat' dir='ltr'><em>caluumiae</em></span> <span class='ocrx_word' id='word_1_225' title='bbox 552 3305 701 3386; x_wconf 89' lang='lat' dir='ltr'><em>periculis</em></span> <span class='ocrx_word' id='word_1_226' title='bbox 730 3308 949 3387; x_wconf 79' lang='lat' dir='ltr'><em>opterautur⁸.</em></span> <span class='ocrx_word' id='word_1_227' title='bbox 993 3305 1059 3367; x_wconf 84' lang='lat' dir='ltr'><em>lam</em></span> <span class='ocrx_word' id='word_1_228' title='bbox 1087 3307 1167 3366; x_wconf 81' lang='lat' dir='ltr'><em>enirn</em></span> <span class='ocrx_word' id='word_1_229' title='bbox 1196 3317 1344 3385; x_wconf 85' lang='lat' dir='ltr'><em>coeperat</em></span> <span class='ocrx_word' id='word_1_230' title='bbox 1376 3304 1545 3369; x_wconf 84' lang='lat' dir='ltr'><em>invidiosus</em></span> 
     </span>
     <span class='ocr_line' id='line_1_30' title="bbox 241 3396 1544 3482; baseline -0.001 -22"><span class='ocrx_word' id='word_1_231' title='bbox 241 3401 421 3461; x_wconf 83' lang='lat' dir='ltr'><em>consrtlatus</em></span> <span class='ocrx_word' id='word_1_232' title='bbox 436 3419 504 3460; x_wconf 84' lang='lat' dir='ltr'><em>esse</em></span> <span class='ocrx_word' id='word_1_233' title='bbox 521 3396 704 3472; x_wconf 87' lang='lat' dir='ltr'><em>Ciceronis,</em></span> <span class='ocrx_word' id='word_1_234' title='bbox 729 3419 825 3482; x_wconf 82' lang='lat' dir='ltr'><em>aegre</em></span> <span class='ocrx_word' id='word_1_235' title='bbox 847 3397 1020 3458; x_wconf 85' lang='lat' dir='ltr'><em>serentibus</em></span> <span class='ocrx_word' id='word_1_236' title='bbox 1041 3397 1219 3481; x_wconf 88' lang='lat' dir='ltr'><em>plerisque,</em></span> <span class='ocrx_word' id='word_1_237' title='bbox 1243 3400 1330 3482; x_wconf 86' lang='lat' dir='ltr'><em>quod</em></span> <span class='ocrx_word' id='word_1_238' title='bbox 1354 3397 1544 3461; x_wconf 85' lang='lat' dir='ltr'><em>indernuatos</em></span> 
     </span>
     <span class='ocr_line' id='line_1_31' title="bbox 198 3491 973 3574; baseline -0.004 -20"><span class='ocrx_word' id='word_1_239' title='bbox 198 3493 329 3555; x_wconf 66' lang='lat' dir='ltr'><em>sauses</em></span> <span class='ocrx_word' id='word_1_240' title='bbox 354 3514 382 3555; x_wconf 86' lang='lat' dir='ltr'><em>r.</em></span> <span class='ocrx_word' id='word_1_241' title='bbox 406 3492 546 3560; x_wconf 81' lang='lat' dir='ltr'><em>iussisset</em></span> <span class='ocrx_word' id='word_1_242' title='bbox 567 3491 597 3552; x_wconf 90' lang='lat' dir='ltr'><em>in</em></span> <span class='ocrx_word' id='word_1_243' title='bbox 623 3512 750 3552; x_wconf 85' lang='lat' dir='ltr'><em>earcere</em></span> <span class='ocrx_word' id='word_1_244' title='bbox 770 3491 973 3574; x_wconf 83' lang='lat' dir='ltr'><em>strangulari.</em></span> 
     </span>
    </p>
   </div>
   <div class='ocr_carea' id='block_1_8' title="bbox 239 3562 1543 3935">
    <p class='ocr_par' dir='ltr' id='par_1_12' title="bbox 239 3562 1543 3935">
     <span class='ocr_line' id='line_1_32' title="bbox 300 3562 1543 3713; baseline 0 -27"><span class='ocrx_word' id='word_1_245' title='bbox 300 3609 352 3687; x_wconf 72' lang='grc'><em>2</em></span> <span class='ocrx_word' id='word_1_246' title='bbox 379 3614 464 3689; x_wconf 89' lang='grc' dir='ltr'>Νοιι</span> <span class='ocrx_word' id='word_1_247' title='bbox 498 3611 587 3692; x_wconf 84' lang='lat' dir='ltr'><em>estis</em></span> <span class='ocrx_word' id='word_1_248' title='bbox 622 3616 666 3686; x_wconf 88' lang='lat' dir='ltr'><em>de</em></span> <span class='ocrx_word' id='word_1_249' title='bbox 693 3615 880 3709; x_wconf 62' lang='lat' dir='ltr'><em>Lydorum</em></span> <span class='ocrx_word' id='word_1_250' title='bbox 908 3623 981 3686; x_wconf 87' lang='lat' dir='ltr'><em>aut</em></span> <span class='ocrx_word' id='word_1_251' title='bbox 995 3612 1205 3710; x_wconf 82' lang='lat' dir='ltr'><em>Mysorum⁹</em></span> <span class='ocrx_word' id='word_1_252' title='bbox 1228 3562 1301 3687; x_wconf 33' lang='lat' dir='ltr'><em>‘aut</em></span> <span class='ocrx_word' id='word_1_253' title='bbox 1327 3611 1543 3713; x_wconf 59' lang='lat' dir='ltr'><em>ungunt&gt;</em></span> 
     </span>
     <span class='ocr_line' id='line_1_33' title="bbox 241 3726 1541 3825; baseline 0 -27"><span class='ocrx_word' id='word_1_254' title='bbox 241 3728 303 3822; x_wconf 92' lang='lat' dir='ltr'><em>qui</em></span> <span class='ocrx_word' id='word_1_255' title='bbox 331 3726 400 3800; x_wconf 90' lang='lat' dir='ltr'><em>buc</em></span> <span class='ocrx_word' id='word_1_256' title='bbox 427 3726 631 3825; x_wconf 79' lang='lat' dir='ltr'><em>corrupti¹¹</em></span> <span class='ocrx_word' id='word_1_257' title='bbox 669 3728 915 3823; x_wconf 86' lang='lat' dir='ltr'><em>concitatique</em></span> <span class='ocrx_word' id='word_1_258' title='bbox 941 3737 1142 3824; x_wconf 86' lang='lat' dir='ltr'><em>vener,unt</em></span> <span class='ocrx_word' id='word_1_259' title='bbox 1182 3728 1246 3800; x_wconf 89' lang='lat' dir='ltr'><em>sed</em></span> <span class='ocrx_word' id='word_1_260' title='bbox 1280 3727 1375 3800; x_wconf 88' lang='lat' dir='ltr'><em>de</em></span> <span class='ocrx_word' id='word_1_261' title='bbox 1351 3739 1479 3800; x_wconf 84' lang='lat' dir='ltr'><em>vestra</em></span> <span class='ocrx_word' id='word_1_262' title='bbox 1504 3752 1541 3799; x_wconf 90' lang='lat' dir='ltr'><em>re</em></span> 
     </span>
     <span class='ocr_line' id='line_1_34' title="bbox 239 3834 535 3935; baseline -0.007 -24"><span class='ocrx_word' id='word_1_263' title='bbox 239 3861 275 3935; x_wconf 90' lang='lat' dir='ltr'><em>p.</em></span> <span class='ocrx_word' id='word_1_264' title='bbox 303 3834 535 3935; x_wconf 68' lang='lat' dir='ltr'><em>iudicaturi!</em></span> 
     </span>
    </p>
   </div>
   <div class='ocr_carea' id='block_1_9' title="bbox 239 4002 1540 4137">
    <p class='ocr_par' dir='ltr' id='par_1_13' title="bbox 239 4002 1540 4137">
     <span class='ocr_line' id='line_1_35' title="bbox 239 4002 1539 4060; baseline -0.006 -11"><span class='ocrx_word' id='word_1_265' title='bbox 239 4039 244 4049; x_wconf 90' lang='lat'><strong>.</strong></span> <span class='ocrx_word' id='word_1_266' title='bbox 310 4007 333 4051; x_wconf 82' lang='grc'><strong>1.</strong></span> <span class='ocrx_word' id='word_1_267' title='bbox 353 4006 467 4051; x_wconf 80' lang='lat' dir='ltr'><em>Notatuus</em></span> <span class='ocrx_word' id='word_1_268' title='bbox 488 4005 732 4060; x_wconf 69' lang='lat' dir='ltr'><em>estimationem-pro</em></span> <span class='ocrx_word' id='word_1_269' title='bbox 755 4003 959 4048; x_wconf 81' lang='lat' dir='ltr'><em>coniurationem.</em></span> <span class='ocrx_word' id='word_1_270' title='bbox 997 4004 1142 4060; x_wconf 79' lang='lat' dir='ltr'><em>Quamquam</em></span> <span class='ocrx_word' id='word_1_271' title='bbox 1164 4004 1186 4046; x_wconf 80' lang='lat' dir='ltr'><em>id</em></span> <span class='ocrx_word' id='word_1_272' title='bbox 1208 4003 1284 4057; x_wconf 84' lang='lat' dir='ltr'><em>potius</em></span> <span class='ocrx_word' id='word_1_273' title='bbox 1306 4002 1417 4045; x_wconf 79' lang='lat' dir='ltr'><em>tuendum</em></span> <span class='ocrx_word' id='word_1_274' title='bbox 1438 4003 1539 4049; x_wconf 76' lang='lat' dir='ltr'><em>videtur:</em></span> 
     </span>
     <span class='ocr_line' id='line_1_36' title="bbox 377 4069 1540 4137; baseline -0.005 -17"><span class='ocrx_word' id='word_1_275' title='bbox 377 4089 476 4137; x_wconf 68' lang='lat' dir='ltr'><em>ususque</em></span> <span class='ocrx_word' id='word_1_276' title='bbox 489 4077 588 4120; x_wconf 75' lang='lat' dir='ltr'><em>ruferius</em></span> <span class='ocrx_word' id='word_1_277' title='bbox 601 4076 632 4119; x_wconf 90' lang='grc' dir='ltr'><em>ΙΙ.</em></span> <span class='ocrx_word' id='word_1_278' title='bbox 650 4073 674 4118; x_wconf 68' lang='lat' dir='ltr'><em>l.</em></span> <span class='ocrx_word' id='word_1_279' title='bbox 689 4076 749 4119; x_wconf 82' lang='lat' dir='ltr'><em>idem</em></span> <span class='ocrx_word' id='word_1_280' title='bbox 763 4075 900 4118; x_wconf 80' lang='lat' dir='ltr'><em>scholiastes</em></span> <span class='ocrx_word' id='word_1_281' title='bbox 920 4073 1002 4118; x_wconf 81' lang='lat' dir='ltr'><em>scribit</em></span> <span class='ocrx_word' id='word_1_282' title='bbox 1019 4073 1224 4117; x_wconf 81' lang='lat' dir='ltr'><em>coniurationem.</em></span> <span class='ocrx_word' id='word_1_283' title='bbox 1262 4069 1287 4115; x_wconf 79' lang='lat'><em>2.</em></span> <span class='ocrx_word' id='word_1_284' title='bbox 1305 4071 1366 4114; x_wconf 75' lang='lat' dir='ltr'><em>ttae.</em></span> <span class='ocrx_word' id='word_1_285' title='bbox 1385 4071 1540 4127; x_wconf 71' lang='lat' dir='ltr'><em>capitatim,</em></span> 
     </span>
    </p>
   </div>
   <div class='ocr_carea' id='block_1_10' title="bbox 373 4139 1541 4270">
    <p class='ocr_par' dir='ltr' id='par_1_14' title="bbox 373 4139 1541 4270">
     <span class='ocr_line' id='line_1_37' title="bbox 373 4139 1541 4203; baseline -0.007 -15"><span class='ocrx_word' id='word_1_286' title='bbox 373 4145 565 4203; x_wconf 81' lang='lat' dir='ltr'><em>procidentiam.</em></span> <span class='ocrx_word' id='word_1_287' title='bbox 604 4143 627 4190; x_wconf 80' lang='lat'><em>3.</em></span> <span class='ocrx_word' id='word_1_288' title='bbox 648 4144 711 4191; x_wconf 78' lang='lat' dir='ltr'><em>Male</em></span> <span class='ocrx_word' id='word_1_289' title='bbox 734 4146 756 4187; x_wconf 84' lang='lat' dir='ltr'><em>iu</em></span> <span class='ocrx_word' id='word_1_290' title='bbox 778 4143 837 4187; x_wconf 76' lang='lat' dir='ltr'><em>Ede.</em></span> <span class='ocrx_word' id='word_1_291' title='bbox 861 4141 905 4184; x_wconf 81' lang='lat' dir='ltr'><em>boe</em></span> <span class='ocrx_word' id='word_1_292' title='bbox 928 4148 1050 4199; x_wconf 82' lang='lat' dir='ltr'><em>tempore,</em></span> <span class='ocrx_word' id='word_1_293' title='bbox 1079 4141 1138 4194; x_wconf 82' lang='lat' dir='ltr'><em>hoe,</em></span> <span class='ocrx_word' id='word_1_294' title='bbox 1169 4144 1283 4199; x_wconf 80' lang='lat' dir='ltr'><em>inquam,</em></span> <span class='ocrx_word' id='word_1_295' title='bbox 1312 4146 1430 4196; x_wconf 83' lang='lat' dir='ltr'><em>tempore.</em></span> <span class='ocrx_word' id='word_1_296' title='bbox 1468 4139 1492 4187; x_wconf 70' lang='grc'><em>4.</em></span> <span class='ocrx_word' id='word_1_297' title='bbox 1511 4141 1541 4182; x_wconf 82' lang='lat' dir='ltr'><em>tta</em></span> 
     </span>
     <span class='ocr_line' id='line_1_38' title="bbox 376 4208 1540 4270; baseline -0.005 -12"><span class='ocrx_word' id='word_1_298' title='bbox 376 4217 429 4259; x_wconf 84' lang='lat' dir='ltr'><em>eod.</em></span> <span class='ocrx_word' id='word_1_299' title='bbox 456 4229 497 4270; x_wconf 80' lang='lat' dir='ltr'><em>per</em></span> <span class='ocrx_word' id='word_1_300' title='bbox 517 4229 532 4258; x_wconf 90' lang='lat' dir='ltr'><em>n</em></span> <span class='ocrx_word' id='word_1_301' title='bbox 557 4215 601 4258; x_wconf 82' lang='lat' dir='ltr'><em>etsi</em></span> <span class='ocrx_word' id='word_1_302' title='bbox 622 4226 686 4269; x_wconf 79' lang='lat' dir='ltr'><em>prius</em></span> <span class='ocrx_word' id='word_1_303' title='bbox 711 4227 752 4268; x_wconf 80' lang='lat' dir='ltr'><em>per</em></span> <span class='ocrx_word' id='word_1_304' title='bbox 773 4225 806 4254; x_wconf 90' lang='lat' dir='ltr'><em>m.</em></span> <span class='ocrx_word' id='word_1_305' title='bbox 850 4211 873 4256; x_wconf 80' lang='grc'><strong>5.</strong></span> <span class='ocrx_word' id='word_1_306' title='bbox 894 4210 953 4255; x_wconf 85' lang='lat' dir='ltr'><em>Cod.</em></span> <span class='ocrx_word' id='word_1_307' title='bbox 975 4208 1075 4270; x_wconf 77' lang='lat' dir='ltr'><em>faeere.</em></span> <span class='ocrx_word' id='word_1_308' title='bbox 1112 4212 1219 4254; x_wconf 75' lang='lat' dir='ltr'><em>Abundat</em></span> <span class='ocrx_word' id='word_1_309' title='bbox 1244 4215 1322 4253; x_wconf 77' lang='lat' dir='ltr'><em>autem</em></span> <span class='ocrx_word' id='word_1_310' title='bbox 1345 4211 1435 4265; x_wconf 79' lang='lat' dir='ltr'><em>passius</em></span> <span class='ocrx_word' id='word_1_311' title='bbox 1457 4208 1540 4254; x_wconf 66' lang='lat' dir='ltr'><em>meatu</em></span> 
     </span>
    </p>
   </div>
   <div class='ocr_carea' id='block_1_11' title="bbox 376 4278 1540 4480">
    <p class='ocr_par' dir='ltr' id='par_1_15' title="bbox 376 4278 1540 4480">
     <span class='ocr_line' id='line_1_39' title="bbox 379 4278 1540 4340; baseline -0.008 -13"><span class='ocrx_word' id='word_1_312' title='bbox 379 4286 462 4329; x_wconf 75' lang='lat' dir='ltr'><em>codsa.</em></span> <span class='ocrx_word' id='word_1_313' title='bbox 500 4281 524 4328; x_wconf 81' lang='grc'><strong>6.</strong></span> <span class='ocrx_word' id='word_1_314' title='bbox 544 4284 603 4327; x_wconf 79' lang='lat' dir='ltr'><em>eoa.</em></span> <span class='ocrx_word' id='word_1_315' title='bbox 618 4283 749 4340; x_wconf 80' lang='lat' dir='ltr'><em>praemiis.</em></span> <span class='ocrx_word' id='word_1_316' title='bbox 788 4279 811 4325; x_wconf 83' lang='lat' dir='ltr'><em>l.</em></span> <span class='ocrx_word' id='word_1_317' title='bbox 831 4282 936 4336; x_wconf 81' lang='lat' dir='ltr'><em>Spatium</em></span> <span class='ocrx_word' id='word_1_318' title='bbox 949 4283 1048 4324; x_wconf 77' lang='lat' dir='ltr'><em>duorum</em></span> <span class='ocrx_word' id='word_1_319' title='bbox 1060 4281 1246 4332; x_wconf 79' lang='lat' dir='ltr'><em>versiculorum,</em></span> <span class='ocrx_word' id='word_1_320' title='bbox 1267 4280 1289 4322; x_wconf 82' lang='grc' dir='ltr'><em>ιιι</em></span> <span class='ocrx_word' id='word_1_321' title='bbox 1303 4291 1349 4335; x_wconf 90' lang='lat' dir='ltr'><em>quo</em></span> <span class='ocrx_word' id='word_1_322' title='bbox 1366 4278 1439 4322; x_wconf 79' lang='lat' dir='ltr'><em>verba</em></span> <span class='ocrx_word' id='word_1_323' title='bbox 1454 4279 1540 4325; x_wconf 72' lang='lat' dir='ltr'><em>crau·</em></span> 
     </span>
     <span class='ocr_line' id='line_1_40' title="bbox 376 4345 1540 4408; baseline -0.005 -12"><span class='ocrx_word' id='word_1_324' title='bbox 376 4353 480 4398; x_wconf 75' lang='lat' dir='ltr'><em>luerent.</em></span> <span class='ocrx_word' id='word_1_325' title='bbox 526 4351 550 4397; x_wconf 82' lang='grc'><strong>8.</strong></span> <span class='ocrx_word' id='word_1_326' title='bbox 571 4353 630 4397; x_wconf 78' lang='lat' dir='ltr'><em>Cot.</em></span> <span class='ocrx_word' id='word_1_327' title='bbox 652 4356 797 4408; x_wconf 78' lang='lat' dir='ltr'><em>operantur.</em></span> <span class='ocrx_word' id='word_1_328' title='bbox 834 4352 872 4394; x_wconf 84' lang='lat' dir='ltr'><em>Sic</em></span> <span class='ocrx_word' id='word_1_329' title='bbox 889 4352 949 4405; x_wconf 77' lang='lat' dir='ltr'><em>apud</em></span> <span class='ocrx_word' id='word_1_330' title='bbox 971 4352 1022 4394; x_wconf 83' lang='lat' dir='ltr'><em>Cir.</em></span> <span class='ocrx_word' id='word_1_331' title='bbox 1044 4352 1072 4393; x_wconf 83' lang='lat' dir='ltr'><em>de</em></span> <span class='ocrx_word' id='word_1_332' title='bbox 1097 4363 1148 4403; x_wconf 80' lang='lat' dir='ltr'><em>rep.</em></span> <span class='ocrx_word' id='word_1_333' title='bbox 1175 4345 1274 4393; x_wconf 37' lang='lat' dir='ltr'><em>tustt.</em></span> <span class='ocrx_word' id='word_1_334' title='bbox 1302 4348 1414 4392; x_wconf 78' lang='lat' dir='ltr'><em>mendose</em></span> <span class='ocrx_word' id='word_1_335' title='bbox 1435 4349 1540 4406; x_wconf 78' lang='lat' dir='ltr'><em>operitur</em></span> 
     </span>
     <span class='ocr_line' id='line_1_41' title="bbox 376 4415 1538 4480; baseline -0.008 -14"><span class='ocrx_word' id='word_1_336' title='bbox 376 4437 420 4478; x_wconf 85' lang='lat' dir='ltr'><em>pro</em></span> <span class='ocrx_word' id='word_1_337' title='bbox 437 4424 567 4480; x_wconf 81' lang='lat' dir='ltr'><em>opteritnr.</em></span> <span class='ocrx_word' id='word_1_338' title='bbox 603 4422 627 4468; x_wconf 74' lang='lat'><em>9.</em></span> <span class='ocrx_word' id='word_1_339' title='bbox 647 4422 707 4465; x_wconf 85' lang='lat' dir='ltr'><em>Cod.</em></span> <span class='ocrx_word' id='word_1_340' title='bbox 727 4417 889 4477; x_wconf 77' lang='lat' dir='ltr'><em>lllyrrorum,</em></span> <span class='ocrx_word' id='word_1_341' title='bbox 914 4421 954 4463; x_wconf 77' lang='lat' dir='ltr'><em>sed</em></span> <span class='ocrx_word' id='word_1_342' title='bbox 974 4419 1040 4475; x_wconf 84' lang='lat' dir='ltr'><em>prior</em></span> <span class='ocrx_word' id='word_1_343' title='bbox 1059 4418 1183 4463; x_wconf 69' lang='lat' dir='ltr'><em>reicietur</em></span> <span class='ocrx_word' id='word_1_344' title='bbox 1204 4422 1327 4473; x_wconf 78' lang='lat' dir='ltr'><em>expuncta.</em></span> <span class='ocrx_word' id='word_1_345' title='bbox 1367 4415 1407 4462; x_wconf 82' lang='lat' dir='ltr'><em>to.</em></span> <span class='ocrx_word' id='word_1_346' title='bbox 1439 4417 1474 4462; x_wconf 79' lang='lat' dir='ltr'><em>lta</em></span> <span class='ocrx_word' id='word_1_347' title='bbox 1491 4416 1538 4461; x_wconf 76' lang='lat' dir='ltr'><em>ecl.</em></span> 
     </span>
    </p>
   </div>
   <div class='ocr_carea' id='block_1_12' title="bbox 370 4488 1005 4551">
    <p class='ocr_par' dir='ltr' id='par_1_16' title="bbox 370 4488 1005 4551">
     <span class='ocr_line' id='line_1_42' title="bbox 370 4488 1005 4551; baseline -0.01 -14"><span class='ocrx_word' id='word_1_348' title='bbox 370 4488 394 4551; x_wconf 90' lang='lat' dir='ltr'><em>s</em></span> <span class='ocrx_word' id='word_1_349' title='bbox 409 4506 452 4548; x_wconf 83' lang='lat' dir='ltr'><em>pro</em></span> <span class='ocrx_word' id='word_1_350' title='bbox 467 4489 571 4550; x_wconf 77' lang='lat' dir='ltr'><em>plebeia</em></span> <span class='ocrx_word' id='word_1_351' title='bbox 590 4491 695 4536; x_wconf 77' lang='lat' dir='ltr'><em>statibi.</em></span> <span class='ocrx_word' id='word_1_352' title='bbox 735 4489 775 4532; x_wconf 86' lang='lat' dir='ltr'><em>ll.</em></span> <span class='ocrx_word' id='word_1_353' title='bbox 795 4489 855 4536; x_wconf 79' lang='lat' dir='ltr'><em>Ede.</em></span> <span class='ocrx_word' id='word_1_354' title='bbox 874 4501 961 4545; x_wconf 84' lang='lat' dir='ltr'><em>eonrpu</em></span> <span class='ocrx_word' id='word_1_355' title='bbox 946 4489 1005 4532; x_wconf 83' lang='lat' dir='ltr'><em>ulai.</em></span> 
     </span>
    </p>
   </div>
   <div class='ocr_carea' id='block_1_13' title="bbox 235 4583 1538 4736">
    <p class='ocr_par' dir='ltr' id='par_1_17' title="bbox 240 4583 1538 4736">
     <span class='ocr_line' id='line_1_43' title="bbox 315 4583 1538 4665; baseline -0.011 -17"><span class='ocrx_word' id='word_1_356' title='bbox 315 4594 360 4650; x_wconf 82' lang='grc'><strong>29.</strong></span> <span class='ocrx_word' id='word_1_357' title='bbox 382 4593 483 4665; x_wconf 79' lang='lat' dir='ltr'><em>Reapse</em></span> <span class='ocrx_word' id='word_1_358' title='bbox 510 4607 582 4645; x_wconf 81' lang='lat' dir='ltr'><em>anno</em></span> <span class='ocrx_word' id='word_1_359' title='bbox 601 4607 663 4664; x_wconf 86' lang='lat' dir='ltr'><em>post</em></span> <span class='ocrx_word' id='word_1_360' title='bbox 683 4592 753 4644; x_wconf 86' lang='lat' dir='ltr'><em>hanc</em></span> <span class='ocrx_word' id='word_1_361' title='bbox 772 4595 925 4642; x_wconf 82' lang='lat' dir='ltr'><em>orationem</em></span> <span class='ocrx_word' id='word_1_362' title='bbox 946 4587 1049 4642; x_wconf 84' lang='lat' dir='ltr'><em>dictatu</em></span> <span class='ocrx_word' id='word_1_363' title='bbox 1069 4589 1195 4641; x_wconf 85' lang='lat' dir='ltr'><em>Cicero</em></span> <span class='ocrx_word' id='word_1_364' title='bbox 1187 4607 1216 4640; x_wconf 90' lang='grc' dir='ltr'><em>ιιι</em></span> <span class='ocrx_word' id='word_1_365' title='bbox 1234 4585 1360 4639; x_wconf 84' lang='lat' dir='ltr'><em>exsilium</em></span> <span class='ocrx_word' id='word_1_366' title='bbox 1381 4583 1474 4658; x_wconf 83' lang='lat' dir='ltr'><em>pulsus</em></span> <span class='ocrx_word' id='word_1_367' title='bbox 1493 4597 1538 4636; x_wconf 83' lang='lat' dir='ltr'><em>est</em></span> 
     </span>
     <span class='ocr_line' id='line_1_44' title="bbox 235 4656 1536 4736; baseline -0.002 -15.988"><span class='ocrx_word' id='word_1_368' title='bbox 235 4656 313 4720; x_wconf 63' lang='lat' dir='ltr'><em>eone</em></span> <span class='ocrx_word' id='word_1_369' title='bbox 317 4670 462 4720; x_wconf 80' lang='lat' dir='ltr'><em>allicere</em></span> <span class='ocrx_word' id='word_1_370' title='bbox 481 4665 534 4720; x_wconf 83' lang='lat' dir='ltr'><em>iuit</em></span> <span class='ocrx_word' id='word_1_371' title='bbox 554 4683 625 4719; x_wconf 84' lang='lat' dir='ltr'><em>anno</em></span> <span class='ocrx_word' id='word_1_372' title='bbox 644 4669 718 4721; x_wconf 81' lang='lat' dir='ltr'><em>urbis</em></span> <span class='ocrx_word' id='word_1_373' title='bbox 738 4665 908 4718; x_wconf 81' lang='lat' dir='ltr'><em>Varroniano</em></span> <span class='ocrx_word' id='word_1_374' title='bbox 920 4665 1042 4720; x_wconf 78' lang='lat' dir='ltr'><em>Dexet.</em></span> <span class='ocrx_word' id='word_1_375' title='bbox 1055 4668 1142 4717; x_wconf 78' lang='lat' dir='ltr'><em>oravit</em></span> <span class='ocrx_word' id='word_1_376' title='bbox 1156 4681 1205 4736; x_wconf 87' lang='lat' dir='ltr'><em>pro</em></span> <span class='ocrx_word' id='word_1_377' title='bbox 1215 4661 1316 4716; x_wconf 81' lang='lat' dir='ltr'><em>Flacca</em></span> <span class='ocrx_word' id='word_1_378' title='bbox 1329 4675 1402 4714; x_wconf 83' lang='lat' dir='ltr'><em>tuuc</em></span> <span class='ocrx_word' id='word_1_379' title='bbox 1415 4656 1536 4717; x_wconf 75' lang='lat' dir='ltr'><strong>DCXCV·</strong></span> 
     </span>
    </p>
   </div>
   <div class='ocr_carea' id='block_1_14' title="bbox 234 4741 1227 4893">
    <p class='ocr_par' dir='ltr' id='par_1_18' title="bbox 234 4741 1227 4893">
     <span class='ocr_line' id='line_1_45' title="bbox 234 4741 604 4802; baseline 0.006 -8.034"><span class='ocrx_word' id='word_1_380' title='bbox 234 4741 371 4795; x_wconf 78' lang='lat' dir='ltr'><em>exsularis</em></span> <span class='ocrx_word' id='word_1_381' title='bbox 391 4757 434 4793; x_wconf 86' lang='grc' dir='ltr'>ιιι.</span> <span class='ocrx_word' id='word_1_382' title='bbox 455 4741 604 4802; x_wconf 77' lang='lat' dir='ltr'><em>DCXCVl.</em></span> 
     </span>
     <span class='ocr_line' id='line_1_46' title="bbox 1198 4845 1227 4893; baseline 0 0"><span class='ocrx_word' id='word_1_383' title='bbox 1198 4845 1227 4893; x_wconf 64' lang='grc' dir='ltr'>δ</span> 
     </span>
    </p>
   </div>
   <div class='ocr_carea' id='block_1_15' title="bbox 0 0 1610 5280">
    <p class='ocr_par' dir='ltr' id='par_1_19' title="bbox 0 0 1610 5280">
     <span class='ocr_line' id='line_1_47' title="bbox 0 0 1610 5280; baseline 0 8"><span class='ocrx_word' id='word_1_384' title='bbox 0 0 1610 5280; x_wconf 95' lang='lat' dir='ltr'><em> </em></span> 
     </span>
    </p>
   </div>
  </div>
 </body>
</html>
