3210 5280
169 189 231 254 sss
585 147 789 253 scuoetu
812 186 1061 253 noetuusta

166 328 284 393 virtute
316 329 355 391 ad
386 324 488 392 omnis
523 326 722 411 magistratus
753 328 964 411 pervenisse;
1009 331 1214 392 Laterensem
1248 330 1313 393 boo
1344 329 1479 412 amplius

167 421 332 486 adiumenti
366 421 561 494 habiturum,
595 423 682 504 quod
707 420 806 485 nobili
835 421 950 484 Iaarrilia
979 434 1068 486 ortus
1098 420 1127 503 iu
1161 422 1320 486 candidam
1356 423 1477 488 veniat.

168 513 236 578 Sibi
267 534 349 600 ergo
379 513 563 577 adiutlicavit
595 534 658 577 non
689 501 860 577 lienocinia
891 514 966 594 (sic)
988 516 1134 599 generis,
1171 519 1226 578 sed
1251 515 1476 598 praestantiam

166 606 309 672 virtutis:
339 606 385 671 illi
410 628 486 671 vero
510 627 597 690 spem
626 608 664 668 de
691 607 862 672 maioribus
892 606 993 686 dedit,
1029 611 1115 693 quod
1141 610 1328 696 suffragium
1359 609 1478 681 scirnna

141 717 238 767 tesse
258 700 417 765 fortunae.

242 824 407 898 XXVIII
448 817 483 898 1.
528 824 753 925 Quamquam
786 824 974 900 dissimilis
1007 836 1065 900 est
1095 825 1294 926 pecuniae¹
1336 825 1475 901 debitio

167 945 206 1012 el
229 939 381 1038 gratiae.

248 1085 288 1097 —
309 1055 372 1100 -2
393 1051 446 1137 quui
472 1052 655 1138 adgreditur
676 1073 757 1137 quae
778 1052 947 1137 prolicieut
968 1065 999 1118 et
1022 1056 1060 1117 ad
1082 1053 1298 1136 [coniecturae
1313 1066 1428 1121 statum
1443 1064 1475 1119 et

164 1143 218 1227 ad]
239 1146 326 1211 illum
351 1146 655 1230 compensatiruur³.
700 1149 780 1212 Nam
813 1148 873 1191 -I
905 1146 1021 1211 valebit
1053 1148 1156 1232 gratia
1182 1147 1349 1213 Ciceronis
1375 1147 1473 1230 ipsius

123 1252 197 1309 tttet
218 1261 348 1316 eorum,
372 1237 426 1325 quai
449 1252 583 1324 propter
604 1240 688 1304 illum
705 1239 837 1304 Plancio
851 1239 966 1303 iruerint
988 1240 1165 1302 adiumento
1186 1244 1225 1302 ad
1246 1239 1471 1323 impetrandam

164 1331 364 1399 aedilitatem.
406 1335 438 1396 N
442 1354 479 1396 ec
498 1355 560 1397 non
578 1332 670 1397 etiam
685 1354 744 1416 per
763 1335 825 1396 boc
840 1335 900 1382 —⁶
915 1335 1007 1397 idest
1022 1333 1238 1415 compensatio
1253 1331 1468 1416 implebitur‘,

163 1438 200 1491 ut
225 1425 340 1490 iudices
368 1446 426 1491 reo
458 1425 589 1489 maxime
620 1427 770 1510 prodesse
801 1426 961 1510 patiantur
991 1429 1028 1489 ad
1058 1425 1268 1508 impunitatem
1296 1424 1469 1508 praesentis

162 1516 291 1583 huiusce
306 1517 488 1582 discriminis
504 1540 541 1581 ea
563 1518 734 1603 beneficia,
762 1543 842 1604 quae
866 1516 1018 1586 Ciceroni
1040 1518 1220 1602 praebuerit
1247 1518 1405 1595 exulanti,
1437 1529 1469 1582 ut

163 1612 294 1675 baberet
308 1609 338 1674 in
358 1609 482 1697 integro
498 1611 598 1674 civem
614 1613 735 1696 patria,
759 1636 852 1699 quaem
865 1625 1058 1697 reposceret.
1104 1614 1245 1676 Verbum
1261 1612 1326 1676 boc
1343 1632 1468 1697 utroque

122 1725 227 1777 aunon
251 1702 409 1768 incuriose
433 1708 636 1784 adnotemus,
660 1709 746 1792 qrtod
770 1708 972 1772 debitionem
989 1705 1174 1790 pecuniaeI
1196 1704 1287 1770 dixit.

239 1825 302 1930 [Ρ.
332 1823 433 1928 187.]
484 1826 521 1904 2.
549 1830 716 1906 Gratiam
742 1843 862 1907 aulem
888 1843 926 1907 et
951 1834 1014 1933 qui
1023 1823 1036 1932 ΙΙ
1047 1830 1166 1904 refert
1187 1829 1318 1904 habeta
1345 1840 1385 1904 et
1409 1831 1469 1930 qui

162 1941 297 2040 babet,
315 1940 391 2017 -eo⁸
418 1944 500 2041 ipso
526 1944 626 2044 quod
650 1944 783 2041 babet,
810 1944 939 2018 refert.

244 2061 356 2125 Locus
373 2058 431 2123 etsi
454 2059 611 2147 generalis
629 2063 667 2127 de
687 2061 782 2127 animi
796 2061 971 2148 religione,
994 2058 1050 2148 qui
1075 2060 1210 2126 debitam
1232 2079 1295 2143 pro
1316 2056 1469 2124 beneflcio

162 2153 293 2239 gratiam
326 2153 464 2232 referat,
497 2166 599 2220 tamen
626 2177 737 2221 causae
766 2155 921 2236 praesenti
955 2156 1123 2241 plurimum
1153 2152 1405 2236 patrocinabitur
1431 2154 1469 2217 ad

119 2249 305 2312 etiavorem
327 2247 487 2331 copiosius
508 2248 705 2316 ratiocinanti
731 2249 785 2313 M.
809 2247 931 2312 Tttllio.
974 2248 1129 2311 Necnon
1152 2247 1243 2311 etiam
1268 2245 1354 2309 iuxta
1377 2265 1467 2329 prae·

161 2352 251 2423 cepta
280 2339 482 2423 sapientium,
517 2339 572 2428 qui
600 2341 720 2406 animos
741 2339 937 2427 ingratorum
968 2362 1031 2406 non
1057 2362 1165 2422 parum
1195 2339 1318 2402 cuidam
1347 2336 1468 2402 crimini

161 2432 321 2499 obnoxios
346 2434 558 2513 arbitrantur,
588 2437 714 2519 quaudo
738 2447 770 2500 et
793 2435 972 2518 parentibus
995 2446 1026 2498 et
1047 2432 1152 2497 amicis
1175 2443 1206 2496 et
1232 2431 1466 2517 protectoribus

160 2526 269 2592 salutis
294 2540 421 2592 nostrae
444 2530 506 2593 hoe
535 2528 743 2594 testimonium
773 2529 957 2599 debeamus,
991 2539 1030 2590 rat
1055 2548 1113 2589 nos
1135 2525 1166 2588 in
1191 2537 1339 2610 qtrantum
1363 2532 1465 2608 polest

162 2632 272 2706 gratos
297 2623 475 2704 adprobare
497 2620 641 2687 velimus.
671 2621 745 2706 ,De
774 2620 884 2685 officiis
914 2619 994 2684 idem
1021 2618 1105 2683 libro
1128 2618 1157 2682 I.
1179 2617 1224 2682 sio
1249 2616 1310 2681 ait:
1347 2616 1465 2697 „Quod

119 2713 210 2796 25„si
231 2734 288 2791 ea,
313 2735 392 2798 quiae
415 2717 528 2778 utenda
550 2715 728 2798 acceperis,
753 2715 871 2778 maiore
894 2734 1056 2788 mensura,
1081 2711 1107 2776 si
1124 2714 1217 2776 modo
1233 2710 1357 2794 possis,
1382 2709 1464 2774 iubet

162 2810 316 2883 „reddere
349 2806 527 2884 Hesiodus,
561 2808 706 2895 quidnam
740 2807 892 2871 beneficio
926 2804 1093 2890 provocati
1126 2807 1232 2870 Iacere
1266 2802 1464 2883 debemusI”

160 2901 296 2966 Accedit
321 2901 383 2964 boe
409 2901 521 2977 etiam,
556 2904 642 2986 quod
668 2923 767 3005 penus
800 2900 925 2964 maximi
953 2899 1088 2963 criminis
1117 2910 1193 2981 aput
1224 2901 1343 2964 Persas
1371 2897 1466 2961 Irtisse

160 2994 313 3069 traditur,
338 2994 364 3057 si
389 2993 464 3079 ιριιί9
495 2994 649 3059 extitisset
669 2995 829 3082 ingratus,
853 2992 1049 3077 meminitque
1075 2992 1121 3056 rei
1147 2994 1331 3074 Xenophon
1354 2985 1465 3076 Κύρου

159 3091 309 3166 παιδείας
336 3087 420 3153 libro
451 3087 555 3172 primo
584 3092 755 3154 secundum
788 3090 867 3151 haec
899 3090 997 3151 verba
1021 3087 1241 3152 conscribens:
1291 3079 1465 3164 Διαάζονσι

119 3184 196 3252 nte
209 3187 263 3248 καὶ
277 3176 499 3267 ἐγκλιῖματος,
523 3171 563 3250 oti
582 3175 675 3250 ἕνεκα
696 3184 874 3273 ανθρινιιοι
892 3183 1031 3292 ρισοῡσι
1049 3187 1108 3267 μὲν
1128 3175 1290 3261 ἀλλήλους
1309 3172 1464 3281 pediturn.

160 3268 345 3355 δικάζονται
368 3276 403 3341 δὲ
424 3265 559 3356 ἥκιστα,
583 3270 789 3366 ἀχαριστίας·
814 3279 869 3341 καὶ
890 3268 929 3342 o'n
949 3271 990 3340 ἂν
1010 3274 1108 3360 γνῶσι
1130 3269 1310 3357 δυνάμενον
1328 3277 1390 3355 μὲν
1406 3294 1464 3355 χα·

160 3376 213 3457 ριν
241 3361 450 3444 ἀποδιδόναι,
477 3363 523 3455 μὴ
552 3363 754 3436 ἀποδιδόντα
784 3370 836 3449 δὲ,
867 3363 1043 3451 κολάζουσι
1075 3373 1131 3434 καὶ
1169 3368 1284 3433 τοῦτον
1313 3361 1464 3452 ἰσχυρῶς·

161 3462 286 3527 οἴονται
307 3457 371 3550 γὰρ
393 3457 468 3538 τοὺς
499 3455 696 3553 ἀχαρίστους
722 3464 868 3549 καὶπερὶ
890 3458 994 3540 θεοὺς
1014 3459 1054 3530 ἂν
1074 3457 1220 3550 μάλιστα
1242 3455 1369 3546 ἀμελῶς
1386 3455 1464 3543 ἔχειν

161 3557 216 3620 ael
235 3558 307 3644 napi
327 3556 442 3639 γονέας
462 3559 517 3620 καὶ
538 3555 755 3641 πατρίδακαὶ
776 3555 905 3648 φίλους.
931 3557 944 3616 Ι

119 3685 152 3737 as
498 3655 797 3760 [Desiderantur
814 3660 987 3768 paginae
1011 3656 1134 3759 dune]

700 3775 719 3812 ὑ
808 3775 826 3812 II
908 3774 925 3811 0

133 3904 136 3912 ·
231 3885 255 3932 I.
274 3887 377 3933 Sebedae
395 3901 463 3933 meaa
475 3883 598 3947 fortunae
619 3900 662 3943 pro
675 3886 808 3944 peramica.
844 3887 891 3930 Sed
911 3885 975 3930 inira
993 3887 1132 3933 scholiastes
1150 3888 1292 3946 pecuniam.
1330 3883 1355 3930 2.
1378 3886 1462 3941 ssppte

296 3959 447 4003 versitatum.
485 3954 509 4002 ³.
529 3958 563 4002 lta
583 3958 656 4010 Parc.
677 3969 707 4000 ex
722 3956 776 4000 eod.
796 3960 938 4010 retractato,
967 3960 992 4000 at
1011 3956 1042 4004 ll.
1068 3959 1158 4003 Maras.
1195 3958 1264 4014 (scil.
1284 3958 1308 4000 is
1326 3955 1372 4000 Ed.
1395 3955 1461 3998 llam

297 4026 382 4086 legitar
400 4026 450 4073 sie:
469 4040 532 4087 pana
551 4024 685 4090 proficient
703 4030 727 4069 at
744 4023 865 4073 «nlilitum
882 4027 1104 4083 componentium,
1129 4028 1212 4072 mediIs
1234 4026 1346 4078 omissIs,
1367 4036 1461 4075 scaete.

297 4097 442 4154 stramonia
458 4108 543 4142 rarera
560 4097 594 4141 sie
613 4095 684 4140 habet
695 4094 776 4139 Codaa
793 4108 822 4138 an
842 4108 884 4149 per
896 4108 1004 4140 errorem
1023 4100 1127 4154 twegen
1154 4096 1243 4140 Contra
1256 4096 1280 4139 in
1300 4094 1344 4137 Ed.
1364 4091 1460 4138 Medici.

296 4178 358 4224 pana
367 4162 500 4228 proficiant
508 4171 532 4210 et
539 4164 574 4210 nd
578 4165 736 4210 coniecturae
748 4168 840 4208 elatrent
849 4169 873 4207 at
883 4162 917 4207 nd
925 4164 998 4208 a'llnnr
1007 4165 1210 4225 eompanlutinunr
1222 4196 1228 4217 ,
1241 4166 1275 4208 sie
1289 4176 1331 4218 per
1345 4163 1436 4207 literam
1443 4160 1462 4202 l.

296 4235 363 4292 Quod
384 4237 405 4279 si
423 4234 493 4280 babet
511 4234 593 4280 Codex
607 4232 789 4288 ntssdflcna'„
809 4247 852 4277 suo
870 4233 984 4277 arbitrata
1004 4235 1082 4280 ldaiss
1104 4238 1125 4279 in
1148 4235 1190 4279 Ed.
1214 4233 1313 4278 Mediol-
1334 4232 1463 4277 inuenerat

299 4318 336 4348 rr.
356 4304 514 4349 coniecturae
531 4310 622 4349 etatum
640 4309 665 4348 at
680 4301 722 4347 ud.
753 4301 812 4356 Ox.)
848 4299 872 4347 d.
892 4303 979 4357 Sapple
996 4303 1234 4350 Iernrerarsienlam.
1272 4302 1297 4348 5.
1315 4303 1381 4346 tete
1399 4313 1462 4344 anca·

296 4373 376 4418 bulum
398 4387 477 4418 anam.
515 4372 540 4418 d.
560 4374 594 4418 lta
612 4374 685 4426 Patr.
704 4372 810 4417 eaCnd.
845 4372 911 4426 (seit.
932 4372 1137 4419 intentator.
1157 4369 1338 4424 exhibebitur.)
1376 4368 1399 4415 t.
1416 4369 1461 4422 (ste

296 4442 341 4487 et.
356 4443 420 4487 rtet.
440 4443 464 4486 ln
477 4443 547 4489 Ilnan.
557 4437 715 4501 partenium.)
750 4437 775 4486 d.
794 4441 854 4487 tel.
868 4443 896 4486 s‘n
913 4454 950 4486 ao.
989 4440 1013 4488 9.
1033 4445 1104 4505 Sipus*
1122 4458 1165 4500 pro
1180 4444 1261 4502 alqaia
1271 4442 1408 4485 Trallianam
1419 4441 1460 4481 ast.

234 4513 251 4560 2
272 4545 280 4559 .
300 4508 338 4558 ca
359 4543 366 4559 .
389 4507 446 4560 liv.

232 4505 276 4637 ati.
297 4525 463 4635 Obiluerara
483 4595 546 4634 aunt
566 4584 595 4633 tn
614 4577 715 4634 Codtce
733 4580 839 4634 Graeca
859 4585 951 4635 omnia
970 4582 1067 4648 rerba,
1088 4599 1156 4656 qnae
1176 4582 1241 4636 olim
1260 4576 1384 4634 colorata
1402 4575 1459 4630 Ine·

106 4704 109 4711 .
160 4669 231 4709 rant.
270 4657 363 4726 ltaque
382 4673 415 4707 ex
435 4653 602 4710 editIonibua
623 4671 654 4709 ea
675 4656 729 4709 luae
749 4660 880 4709 reuocaul.

231 4729 301 4783 tura.
321 4732 388 4803 esp.
408 4732 443 4786 tt.
464 4736 489 4790 ι.
