3210 5280
469 177 1102 274 1uacr.1.1u'c.vnuunu.·
1377 203 1440 271 sss
1562 299 1565 305 .

116 347 281 412 consulein
306 345 517 433 designatum.
561 349 649 414 Dicit
671 350 733 412 hoc
756 368 829 441 esse
854 346 1002 412 iudicium
1027 360 1256 435 cormmpere,
1290 348 1318 413 si
1344 368 1440 411 accu-

116 450 243 506 satores
265 441 307 504 ab
328 442 503 506 intentione
523 444 701 507 revocaris.

204 535 363 600 'limidos
387 537 541 601 homines
570 550 604 602 et
627 533 797 628 qfflictos]
834 535 1021 619 Dupliravit
1049 536 1216 613 timorem,
1241 556 1337 622 quum
1359 535 1441 600 dixit

117 649 245 694 eausam
268 629 403 694 timoris.
1356 706 1361 716 Ι

202 728 364 790 Duorum
382 737 587 809 praetorum
604 723 785 810 potestate]
817 725 1012 787 Potestatcm
1036 723 1137 809 magis
1159 723 1230 789 ideo
1252 725 1381 808 posuit,
1405 732 1465 788 nti

117 830 203 883 esset
227 840 289 901 pro
312 819 457 884 terroris
471 819 617 895 nornine,
642 843 707 883 non
729 840 790 902 pro
812 817 949 881 hominis
972 818 1137 902 dignitate.

115 924 119 929 '
205 915 257 976 De
278 911 397 1000 officio
419 925 452 976 et
484 913 653 998 dignitate
680 914 828 993 decedis]
864 910 1030 1000 Officium
1058 924 1106 976 est
1135 923 1224 975 aetus
1247 911 1440 975 conveniens

117 1003 382 1089 uniuscuiusque
409 1027 584 1089 personae:
616 1008 769 1091 dignitas
792 1018 895 1071 autem
922 1004 1064 1068 meritum
1091 1004 1263 1068 senatoris.

204 1101 267 1173 Ut,
290 1099 384 1183 quod
408 1102 464 1165 ille
487 1101 636 1183 dictitat]
665 1102 806 1165 Invisum
829 1102 966 1162 Verrem
991 1099 1137 1162 omuibus
1158 1100 1248 1162 lacit.

203 1191 257 1254 29.
280 1193 441 1276 Aiebant]
480 1196 565 1258 Bene
589 1197 628 1257 ad
655 1216 764 1258 omnes
786 1195 938 1271 contulit,
970 1214 1010 1255 ne
1035 1193 1309 1279 interrogaretur,
1333 1215 1350 1256 a
1374 1202 1482 1279 quoto

115 1294 203 1348 esset
225 1285 362 1362 dictum,
387 1287 419 1349 in
449 1306 506 1350 ore
533 1300 581 1351 est
605 1289 690 1351 omni
713 1287 849 1369 populo.

203 1382 286 1445 Duo
314 1379 437 1464 igitur]
472 1381 663 1445 Hortensius
694 1393 726 1444 et
755 1380 924 1445 Metellus.
968 1380 1032 1442 Hic
1059 1378 1184 1454 reddit,
1218 1401 1322 1466 quam
1345 1401 1440 1463 spem
1548 1373 1553 1384 ’

118 1490 209 1534 nunc
223 1472 345 1535 lrabeat
359 1473 395 1535 in
411 1474 568 1540 manibus
589 1487 623 1539 st
643 1473 728 1560 quid
741 1474 916 1539 moliatur.
961 1475 1004 1537 Et
1027 1485 1075 1537 est
1096 1474 1257 1558 quaestio:
1283 1496 1322 1537 au
1337 1474 1440 1557 possit

117 1584 194 1627 rcus
218 1564 336 1631 iudicio
360 1568 498 1631 absolvi.

204 1662 245 1724 In
273 1652 469 1745 quaerendo
496 1662 640 1725 nimium
668 1657 882 1743 diligentem]
918 1659 982 1722 ch
1016 1657 1150 1721 invisum
1182 1657 1259 1722 lacit
1293 1657 1482 1723 omnibusts

117 1752 277 1830 Verrem,
301 1776 317 1817 a
340 1744 406 1840 quo
433 1759 617 1838 repudiatos
644 1754 785 1820 nominat
808 1752 939 1815 iudices.
984 1752 1059 1815 Non
1086 1763 1133 1816 est
1158 1753 1239 1815 enim
1265 1750 1437 1831 innocens,

118 1843 174 1928 qui
197 1867 328 1930 gravem
351 1847 487 1911 iudicem
509 1848 605 1934 sugit.

202 1942 312 2021 Quem
333 1942 473 2005 minime
494 1942 636 2026 expedit
660 1941 748 2022 esse]
770 1937 985 2003 Probabimus
1009 1948 1060 2015 te,
1085 1936 1244 2014 Caesoni,
1268 1937 1437 2025 integrum,

117 2053 215 2115 quum
239 2033 384 2115 displices
407 2035 520 2099 Verri.

203 2127 307 2207 Quod
328 2129 363 2190 in
385 2128 532 2210 tuniano
554 2128 712 2208 consilio]
750 2125 811 2191 Cui
836 2123 947 2188 Iunius
969 2123 1121 2205 prae-luit.
1450 2130 1482 2180 ²⁰

204 2221 252 2282 Et
273 2220 513 2303 turpissimum
536 2220 694 2311 facinus]
729 2221 834 2300 Quum
858 2216 1070 2301 Oppianicum
1103 2216 1249 2280 renelicii
1275 2216 1440 2283 Cluentius

118 2322 302 2389 accussaret,
327 2314 412 2376 dedit
430 2315 581 2379 maiorem
605 2313 769 2397 pecuniam
792 2324 824 2375 et
839 2310 1004 2388 ¹damnavit
1022 2310 1123 2372 illum.
1168 2310 1243 2373 Hoc
1261 2309 1439 2375 Caesonius

118 2404 279 2485 prodidit,
317 2418 348 2468 et
382 2407 506 2470 lunium
539 2409 756 2490 praepositum
785 2404 933 2485 Quintius
963 2403 1143 2478 accusavit,
1177 2407 1440 2488 contra,Pisone

118 2496 222 2582 frugi
249 2498 369 2579 posito.
414 2502 496 2564 Nam
522 2503 609 2585 quod
637 2501 714 2564 dixit
735 2499 994 2583 turpissimum,
1019 2517 1123 2560 ceram
1151 2498 1253 2582 tangit
1276 2498 1437 2562 inluuiem.

203 2594 286 2655 Non
307 2593 519 2675 habebimus]
550 2593 631 2674 Quia
655 2593 764 2657 aedilis
786 2596 912 2657 lrrtrrrus
936 2603 996 2654 est.
1450 2600 1482 2648 ²⁵

202 2685 256 2749 30.
279 2690 394 2751 Homo
415 2689 541 2769 tristis]
566 2689 662 2768 Quod
684 2689 716 2751 hi
738 2685 977 2768 tribuniplebis
999 2684 1017 2719 ⁶
1041 2684 1058 2720 ⁰
1081 2682 1100 2718 ⁶

201 2783 299 2844 lacot
330 2813 371 2824 -
402 2782 518 2847 Nonis
546 2782 805 2862 Decembribus]
843 2781 1052 2861 Quaesturam
1091 2777 1305 2856 intelligimus.
1357 2780 1438 2841 Nam

119 2891 230 2934 omnes
256 2874 354 2935 ceteri
381 2875 583 2959 magistratus
606 2876 681 2940 Kal.
707 2876 776 2939 lan.
803 2875 1038 2958 procedebaut;
1066 2871 1129 2937 soli
1153 2894 1230 2936 vero
1253 2884 1440 2957 quaestores

119 2964 223 3028 Nonis
245 2965 446 3032 Decembris.

205 3061 405 3142 Acerrime]
434 3060 638 3137 Fortissima,
663 3060 885 3146 integerrima,
910 3058 1123 3122 severissima.
1449 3065 1481 3115 δυ

205 3155 247 3215 L.
269 3153 425 3234 Cassius]
449 3153 599 3219 cassiana
625 3154 745 3218 familia
767 3155 838 3218 ideo
862 3153 1059 3216 severissima
1086 3153 1125 3213 ad
1150 3149 1347 3214 iudicandum
1371 3152 1439 3215 exi·

119 3243 244 3308 stimata
271 3258 338 3323 est,
369 3249 442 3331 quia
467 3251 513 3311 sic
535 3249 711 3313 iudicabats
745 3248 795 3309 cui
819 3250 935 3310 bonum
966 3244 1044 3319 suin
1076 3257 1110 3308 ut
1139 3257 1330 3330 quaeratur,
1353 3245 1381 3309 si
1410 3244 1440 3309 ei

118 3342 275 3422 prodesse
298 3353 426 3422 poterat
447 3342 582 3417 lactum,
607 3365 671 3406 non
697 3352 800 3405 utrum
824 3339 937 3402 lecerit
959 3360 1067 3405 necne.
1496 3333 1501 3343 ’

205 3436 290 3501 Tres
312 3435 348 3498 iu·
369 3435 536 3516 homines]
567 3434 707 3519 Optimi,
732 3432 947 3517 integerrimi,
972 3435 1121 3518 antiquae
1144 3431 1331 3497 nobilitatis.

203 3526 397 3591 Secundam
418 3527 516 3610 Kal]
542 3531 633 3592 luxta
655 3527 707 3591 vel
729 3539 816 3610 post.
860 3528 953 3592 Unde
982 3528 1167 3591 secundum
1196 3548 1275 3590 eras
1296 3526 1482 3590 dicimus.³⁵

203 3620 258 3683 31.
280 3622 406 3686 Nonae
426 3634 507 3686 sunt
528 3623 629 3687 hodie
649 3621 789 3705 Sextii]
816 3623 877 3685 liic
892 3621 952 3684 iam
969 3643 1010 3685 ex
1035 3642 1091 3686 sua
1117 3642 1253 3704 persona
1276 3621 1439 3705 loquitur.

205 3713 308 3779 Diem
330 3715 401 3779 iam
423 3737 465 3778 ne
490 3727 673 3780 numerant
697 3716 849 3801 quidem]
885 3716 924 3779 Id
946 3725 1011 3790 est,
1035 3715 1220 3778 adversarii.

204 3811 295 3871 Ante
320 3809 420 3873 ludos
444 3807 588 3887 votivos]
616 3808 667 3873 Dc
692 3807 827 3873 victoria
855 3807 1040 3874 Sertoriana
1068 3819 1122 3873 aut
1147 3806 1365 3872 Mithridatica
1387 3819 1441 3871 aut

118 3899 265 3986 piratica.

205 3995 378 4060 Continuo
399 3993 562 4074 Romani]
593 3995 633 4060 ld
654 4007 719 4073 est,
742 3995 820 4060 ludi.
865 3996 961 4061 Fiunt
983 4007 1086 4060 autem
1111 4016 1216 4060 mense
1239 3998 1439 4077 Septembre.
1451 4004 1484 4053 tu

205 4092 262 4156 na
271 4111 382 4173 prope
393 4091 486 4171 XL.]
504 4090 584 4172 Quia
597 4110 661 4154 uon
672 4089 771 4167 dixit,
785 4092 873 4175 quod
884 4093 1005 4154 dicrum
1017 4091 1174 4168 Rotnani,
1192 4090 1307 4155 addidit
1316 4113 1439 4174 prope.

198 4367 242 4419 ts.
263 4362 311 4417 su
330 4367 440 4437 scripsi.
460 4393 494 4407 -
513 4363 597 4434 Quod
614 4369 706 4433 igitur
724 4364 893 4417 Hortensius
911 4373 940 4419 et
959 4366 1004 4421 M.
1018 4366 1054 4420 G.
1070 4365 1120 4422 Gr.
1134 4365 1199 4420 Sela.
1238 4368 1282 4423 15.
1303 4364 1440 4434 omnibus]

119 4437 213 4493 G.-
234 4456 290 4492 om.
311 4440 361 4495 Gr.
382 4440 447 4492 sch.
485 4444 531 4495 27.
552 4439 676 4494 Turbata
697 4440 744 4493 hle
763 4440 896 4493 nonnulla
916 4457 943 4495 st
963 4456 1071 4495 manca.
1112 4441 1158 4496 Sic
1179 4441 1228 4496 Gr.
1250 4440 1315 4494 Sch.
1336 4437 1443 4520 -sn-
1558 4480 1563 4487 .

120 4520 203 4565 turus
222 4522 281 4574 ests
310 4516 398 4567 Hono
418 4513 543 4569 Tuam.
582 4513 665 4584 Quod
692 4519 721 4569 ln
748 4514 813 4571 utta.
840 4516 877 4589 pt
904 4519 923 4572 i.
949 4534 977 4572 ο.
1005 4537 1032 4571 n.
1052 4517 1091 4587 d]
1123 4519 1311 4587 Quaesturam
1331 4532 1385 4569 eet.
1404 4516 1442 4571 G.

119 4591 167 4646 29.
186 4589 289 4659 Nonis]
322 4590 355 4643 de
382 4593 493 4642 Graevii
520 4606 638 4645 correct.
663 4591 729 4647 Sch.
760 4619 794 4633 -
823 4591 924 4644 Nonas
948 4594 984 4649 G.
1010 4595 1060 4647 Gr.
1110 4599 1158 4653 32.
1186 4593 1252 4663 leg.
1281 4591 1361 4644 bono.
1387 4592 1442 4644 0¹.

120 4664 166 4723 di.
187 4663 265 4720 dost.
282 4665 455 4736 probitatis?
487 4663 514 4719 td
534 4670 609 4719 enim
630 4664 818 4739 significator,
847 4685 929 4738 qaam
959 4673 1004 4721 ltlc
1031 4667 1161 4722 dicantur
1180 4666 1305 4719 harunce
1324 4676 1442 4722 veteres.

120 4740 234 4796 Gaur.
272 4742 358 4797 llrror
377 4743 470 4815 potius
489 4754 532 4796 sss
549 4741 731 4799 debellasse.
762 4739 818 4798 oe
861 4743 1009 4816 41·qu
1030 4744 1060 4798 t.
1081 4752 1156 4817 quot.
1182 4744 1266 4799 Bur.
