3210 5280
354 776 446 942 Q.
480 770 868 918 'Asconins
923 785 1267 913 renititis
1352 948 1355 952 ,

807 1069 841 1115 iti

497 1241 561 1333 M.
589 1244 801 1335 TULLII
831 1170 1149 1334 CICERONIS

703 1463 941 1526 ORATIONEM

259 1652 383 1729 PRO
421 1653 464 1731 C.
503 1652 835 1733 CORNELIO
873 1655 947 1730 DE
983 1656 1375 1734 MAIESTATE.

715 1866 722 1896 i

34 2234 48 2263 ,
114 2135 290 2250 [ΜΙΗιιιιο
322 2179 497 2247 orationem
525 2181 603 2248 dixit
637 2184 682 2247 1..
712 2181 826 2264 Cotta,
863 2185 907 2249 1..
938 2185 1106 2270 Torquato
1137 2204 1222 2250 cote.
1250 2195 1326 2269 poet
1357 2142 1472 2251 annum

169 2294 262 2358 quam
286 2274 480 2359 eriperioree.
537 2278 543 2289 ’
948 2290 951 2295 ’

621 2416 627 2427 ·
643 2399 995 2465 ARGUMENTUM.

253 2515 295 2584 C.
318 2515 487 2584 Cornelius
507 2520 605 2586 homo
626 2542 690 2586 non
710 2520 874 2604 improbus
898 2520 959 2584 vite
980 2519 1105 2584 habitus
1135 2532 1198 2600 est.
1236 2522 1356 2585 Fuerat
1376 2543 1472 2607 qnae·

145 2619 237 2675 trior
266 2609 329 2674 Cn.
359 2612 521 2695 Pompeii,
554 2611 624 2679 dein
652 2613 796 2677 tribunus
825 2613 927 2696 plebio
956 2613 997 2678 C.
1022 2615 1139 2679 Pieonc
1160 2635 1230 2680 coe.
1253 2615 1378 2678 biennio
1401 2628 1472 2678 ente

168 2724 262 2788 quam
283 2704 362 2766 hacc
383 2703 464 2768 dieta
486 2715 572 2769 eunt.
614 2707 652 2769 ln
675 2725 714 2770 eo
735 2706 921 2790 magietretu
942 2705 985 2770 ita
1007 2727 1041 2770 ee
1063 2708 1177 2792 gceelt,
1212 2719 1246 2769 ιιι
1267 2708 1350 2772 lueto
1371 2709 1473 2789 perti·

167 2795 277 2859 nacior
298 2795 472 2862 videretur.
528 2798 694 2863 Alienatus
717 2811 765 2862 eet
786 2811 886 2863 nutem
909 2821 926 2861 e
949 2811 1058 2863 senatu
1081 2821 1121 2863 ex
1141 2801 1201 2863 hac
1221 2822 1326 2865 cauea.
1370 2801 1473 2864 Retu-

168 2891 247 2952 leret
269 2891 308 2952 ad
334 2902 493 2968 cenatum,
531 2904 585 2968 ut,
622 2890 768 2976 quoniam
802 2889 979 2956 exterarum
1011 2891 1171 2955 milenum
1200 2891 1309 2976 legetis
1337 2892 1472 2976 pecunia

241 3065 274 3116 In
294 3062 415 3120 editione
434 3067 557 3136 principe
576 3078 603 3116 et
622 3060 731 3117 Berold.
751 3066 793 3115 eic
813 3060 974 3116 interibitur
992 3063 1060 3115 hoec
1080 3068 1287 3117 commentitio:
1310 3063 1344 3133 Q.
1365 3065 1402 3117 A.
1421 3060 1472 3116 Pe·

167 3136 247 3191 itant
263 3138 365 3210 incipit
378 3155 433 3209 pro
453 3138 582 3192 Cornelio
600 3136 633 3188 de
652 3142 807 3190 maiestate.
844 3137 885 3191 Ad
903 3135 1008 3190 calcem
1030 3155 1093 3190 tero
1111 3137 1183 3191 nibil
1202 3154 1363 3192 nnnototnm
1383 3153 1434 3191 ett.

261 3217 288 3267 2.
308 3231 391 3284 quarn
407 3213 578 3283 reperiorer]
611 3210 767 3284 „Intelligit
787 3228 848 3279 ene,
873 3226 939 3284 qnae
960 3229 1009 3284 pro
1029 3213 1064 3280 Q.
1083 3213 1193 3278 Gellio,
1225 3215 1265 3268 M.
1285 3212 1424 3266 Fundanio
1443 3226 1470 3265 et

167 3290 200 3343 Δ.
219 3284 347 3340 Cluentio
366 3286 462 3341 dixit.'’
490 3286 616 3341 sicori.
1146 3332 1149 3343 .
1222 3306 1225 3310 ·

261 3365 290 3422 5.
311 3360 606 3429 ARGUMENTUM]
630 3377 685 3415 om.
704 3361 795 3416 Princ.
814 3359 924 3415 Berold.
944 3360 1010 3414 Lod.
1029 3389 1067 3405 -
1085 3363 1179 3415 Primo
1198 3365 1285 3414 rerinl
1306 3361 1334 3414 id
1353 3359 1470 3414 vocobu-

167 3437 225 3491 lnm
246 3451 461 3508 praeponderant
480 3434 542 3493 ild.
564 3435 648 3509 Lugd.
668 3437 732 3488 llot.
753 3436 830 3489 Men.
904 3464 908 3471 ·
1387 3460 1389 3464 >

261 3515 287 3570 lt.
306 3511 337 3565 C.
357 3510 513 3579 Cornelius]
533 3509 721 3565 Omittebntnr
733 3525 915 3584 praenomen,
934 3508 1006 3582 qnod
1022 3513 1206 3563 neceeeerlnm
1219 3486 1325 3564 videtur
1338 3513 1367 3563 in
1380 3514 1469 3583 prime

166 3591 307 3640 mentione
327 3586 406 3639 boine
426 3590 487 3643 riri.
525 3587 582 3654 Qui
600 3584 749 3652 exciderit,
767 3584 847 3639 facile
867 3589 1042 3660 perepioitur.

260 3664 286 3719 5.
306 3662 368 3728 Cre]
389 3667 456 3728 gnei
475 3662 565 3715 Princ.
586 3660 694 3715 Bereld.

239 3734 311 3789 lbid.
331 3737 361 3788 C.
387 3734 488 3791 Pisone
512 3738 583 3807 con]
617 3737 672 3806 „Et
697 3736 744 3788 hic
768 3749 796 3793 et
820 3734 911 3807 paullo
935 3749 997 3807 poet
1022 3750 1073 3807 pro
1098 3732 1130 3788 1.
1151 3737 1260 3805 reposui
1282 3732 1319 3798 0,
1352 3749 1385 3785 ex
1410 3738 1471 3805 ipro

166 3806 287 3864 Pediano
306 3809 388 3884 penlc
407 3825 470 3883 poet
489 3827 515 3865 et
536 3830 568 3864 cx
588 3809 732 3865 hittorie.''
765 3810 909 3867 Minui.
946 3808 1110 3863 coniectore
1131 3808 1184 3871 hoc
1204 3809 1314 3880 quidem
1326 3806 1389 3860 loco
1403 3825 1470 3883 oput

165 3902 223 3938 non
242 3901 316 3950 eret,
347 3902 430 3956 quum
461 3889 515 3937 inm
541 3884 583 3943 ed.
609 3887 699 3939 Ptine.
729 3902 820 3938 rernm
846 3900 1011 3958 praenomen
1037 3883 1178 3947 exhibent,
1207 3882 1280 3955 qnod
1299 3887 1472 3936 retinuerunt

166 3976 262 4013 omnet
283 3975 390 4032 praeter
409 3958 550 4027 Aldinam,
563 3964 598 4014 »itt
655 3976 670 4012 a
689 3959 817 4016 mendum
835 3957 972 4014 infcriorlt
991 3957 1046 4011 loci
1061 3958 1114 4011 ltnc
1127 3974 1234 4030 quoque
1247 3973 1287 4011 ett
1301 3956 1472 4012 trenelatnm.

167 4041 293 4089 Ceterum
321 4033 416 4088 malim
443 4036 517 4107 legi:
549 4035 580 4089 C.
629 4040 721 4100 inette,
752 4034 804 4092 Μ’.
833 4033 982 4087 Glabrione
1008 4051 1076 4085 coer.
1122 4032 1243 4087 Alterum
1269 4037 1344 4085 enlm
1371 4050 1474 4086 nomen

166 4125 280 4184 propter
297 4106 509 4163 similitudinem
528 4114 731 4166 terminationie
750 4124 765 4162 e
785 4109 938 4182 negligente
956 4107 1069 4161 librarlo
1088 4112 1221 4162 omittam
1241 4124 1299 4161 eree
1319 4105 1436 4163 videtur.

257 4186 284 4244 6.
303 4183 381 4252 lineo]
401 4183 448 4237 luc
468 4186 560 4240 l'rlnc.

259 4265 285 4319 7.
305 4264 380 4311 intio
395 4263 580 4330 pertinacior]
621 4259 757 4330 Sigoniut.
781 4287 818 4301 -
843 4261 945 4310 inertior
969 4261 1142 4328 pertinatior
1165 4257 1258 4311 Ptine.
1276 4285 1315 4302 ·-
1333 4260 1436 4309 iustior
1454 4254 1473 4288 ⁰

163 4338 337 4405 pertinacior
356 4333 416 4388 eid.
438 4337 515 4388 Men.
533 4363 570 4378 -
588 4340 689 4386 iustior
704 4338 927 4404 pertinaciorque
947 4331 1054 4385 Berald.
1076 4331 1142 4385 Lod.
1163 4331 1247 4403 Lugd.
1261 4359 1297 4373 -
1310 4331 1474 4383 inertioreed

163 4412 338 4479 pertinacior
357 4409 422 4462 Ηοι.
441 4408 523 4464 Cren.
545 4439 580 4453 -
599 4409 691 4480 „Cum
711 4413 739 4460 in
759 4407 817 4480 lege
837 4406 946 4460 ferendo
967 4424 1050 4478 utque
1070 4424 1103 4460 eo
1122 4411 1246 4479 pertinen
1264 4404 1348 4459 inerit
1368 4406 1474 4459 Corne·

166 4483 234 4549 lint,
254 4500 283 4537 ut
304 4484 489 4538 intercedente
509 4484 613 4559 college
626 4487 751 4537 codicem
765 4488 823 4554 ipre
837 4481 870 4535 de
883 4481 989 4535 scribae
1002 4480 1128 4537 menibne
1142 4480 1285 4554 obreptum
1300 4485 1471 4535 recitaverit:

165 4574 221 4611 non
243 4557 373 4624 absurde,
394 4574 423 4612 nt
444 4563 557 4632 opinor,
577 4559 630 4632 legi
651 4573 755 4632 portet:
776 4559 853 4609 laerte
870 4548 1060 4627 pertinacior.-
1083 4573 1193 4611 comet
1214 4556 1402 4625 Quintilianum
1421 4554 1471 4609 lili.

166 4634 216 4686 lX.
235 4648 294 4704 ctp.
314 4632 342 4689 li.
364 4632 477 4688 dixerit:
507 4634 654 4687 membrum
672 4636 785 4704 longius
802 4637 884 4686 insto.
918 4634 1056 4687 Militis.

239 4706 311 4763 Iltid.
330 4713 383 4776 eet]
405 4708 465 4762 add.
485 4707 650 4782 Madvigius.
827 4716 854 4768 8.
869 4707 1000 4779 pecunia]
1015 4711 1133 4778 pectenia
1151 4715 1246 4759 mutua
1264 4705 1329 4764 nor.
1348 4707 1431 4760 Creu.
