3210 5280
125 226 185 269 XIV

123 349 236 423 editio
262 351 332 422 etsi
358 364 434 423 non
459 351 505 423 ab
530 351 614 447 ipso
640 360 790 445 curato,
816 357 938 424 tamen
965 360 1043 424 tota
1070 351 1137 423 sub
1163 348 1280 446 ipsios
1307 325 1428 445 auspi·

122 486 189 584 ciis
217 499 262 570 ad
297 463 404 573 finem
437 499 616 595 perducta
642 509 710 572 est
776 497 904 597 Itaque
931 498 1073 598 singula
1099 497 1186 572 folia
1211 507 1296 569 ante
1324 521 1431 595 quam

118 645 224 742 prelo
259 647 569 720 submittebantur
601 647 877 745 diligentissime
912 649 957 719 ab
990 672 1036 720 eo
1072 647 1296 744 perlustrata
1323 655 1434 739 sunt,

123 794 223 866 unde
250 798 559 891 opportunitatem
588 805 625 868 et
651 805 780 868 nactus
806 805 928 869 estet
954 799 1145 892 usurpavit
1172 794 1266 866 baud
1294 817 1433 890 paucos

125 965 277 1043 errores
303 966 404 1015 meos
432 941 642 1042 corrigendi
669 953 776 1044 atque
803 944 925 1017 multis
952 916 1028 1017 suis
1067 952 1105 1015 et
1131 943 1286 1042 egregiis
1313 942 1433 1015 conie-

125 1092 241 1163 cturis
268 1090 400 1163 librum
428 1091 524 1164 hunc
551 1093 766 1165 exornandi.
819 1094 931 1167 Immo
950 1092 1247 1191 longeplurima‚
1275 1093 1434 1187 quaein

125 1238 344 1312 ilsconianis
380 1249 481 1312 recte
516 1243 715 1313 constituta
749 1241 912 1335 videbis,
951 1237 1092 1314 Orellio
1126 1240 1329 1332 debentur,
1370 1241 1433 1336 qui

124 1388 291 1460 subsidia
323 1387 495 1460 editionis
528 1389 738 1486 parandae,
775 1413 848 1488 que
883 1399 941 1462 est
972 1389 1017 1460 ad
1046 1389 1216 1485 antiquos
1243 1387 1361 1460 libros
1387 1410 1434 1459 ex

123 1536 279 1609 latebris
304 1536 382 1608 suis
407 1535 467 1608 vel
488 1537 794 1610 reconditissimis
813 1537 995 1610 eruendos
1013 1539 1230 1636 sagacitate,
1258 1536 1302 1608 ad
1322 1560 1432 1607 unum

123 1684 246 1757 omnia
271 1684 357 1756 mibi
395 1684 661 1789 suppeditarit,
701 1684 844 1759 adiutus
879 1688 917 1759 in
955 1710 998 1759 ea
1033 1710 1075 1757 re
1112 1686 1157 1756 ab
1193 1686 1318 1756 amicis
1355 1686 1432 1755 suis

125 1831 317 1905 Usterio
333 1842 376 1905 et
395 1832 667 1926 Gerlacbio,
684 1835 776 1906 viris
795 1804 1030 1928 clarissimis,
1044 1857 1136 1931 quos
1152 1832 1302 1905 honoris
1321 1855 1432 1904 causa

122 1975 284 2053 nomino.
310 1979 431 2078 Atque
452 1981 597 2054 codices
618 1980 760 2078 quidem
783 2007 890 2055 manu
905 1985 1034 2080 scripti
1049 1991 1200 2080 praesto
1213 2006 1286 2054 non
1301 1989 1431 2070 erant,

123 2128 190 2201 sed
215 2129 267 2199 uti
287 2130 440 2226 contigit
461 2129 682 2202 editionibus
695 2133 954 2204 vetustissimis
968 2139 1005 2202 et
1020 2153 1066 2202 ex
1082 2139 1187 2227 parte
1206 2130 1430 2200 rarissimis:

114 2275 299 2380 'Principe
312 2272 474 2374 (Princ.)
483 2334 494 2371 ,
503 2276 702 2350 Beraldina
712 2274 906 2376 (Berald.),
920 2279 1053 2351 Aldina
1063 2273 1191 2376 (Aru),
1205 2276 1432 2350 Lodoiciana

124 2420 269 2521 (Lon),
312 2424 523 2498 Manutiana
559 2435 747 2522 postrema
783 2422 942 2523 (Man),
985 2427 1252 2499 Hotomaniana
1287 2419 1431 2522 (Hor),
1499 2398 1507 2411 ⁹

125 2567 243 2669 (cuius
270 2573 443 2645 editionis
460 2576 674 2672 paginarum
692 2575 835 2647 numeri
852 2585 1004 2647 nostrae
1022 2577 1175 2672 margini
1194 2573 1290 2645 affixi
1308 2583 1394 2646 sunt
1406 2566 1432 2667 ‚l

125 2719 310 2793 Croniana
335 2715 489 2818 (Crem).
545 2721 591 2794 Ut
623 2721 835 2795 Manutianu
868 2725 995 2820 priore
1031 2725 1149 2794 minus
1186 2745 1295 2818 aegre
1332 2744 1456 2793 care.

123 2880 222 2962 rem,
251 2867 356 2963 fecit,
384 2868 482 2966 quod
498 2892 556 2941 ex
581 2894 624 2942 ea
650 2894 864 2966 expressum
891 2895 973 2944 esse
990 2871 1189 2944 Asconium
1214 2871 1296 2942 veri
1313 2868 1431 2941 simile

6 3078 10 3085 .
126 3024 184 3088 est
218 3017 256 3087 in
283 3015 510 3090 Collectione
546 3021 895 3091 commentariorum
931 3018 977 3091 ad
1003 3042 1131 3091 omnes
1157 3017 1206 3090 M.
1234 3016 1347 3088 Tullii
1373 2999 1448 3088 ci!

125 3164 272 3236 coronis
299 3166 508 3260 orationes,
547 3189 640 3263 quae
675 3168 815 3263 prodiit
838 3167 1008 3266 Lugduni
1034 3159 1145 3239 1554.
1172 3165 1236 3238 sol.
1264 3158 1430 3269 (Lugii).

125 3310 221 3385 Huic
247 3313 341 3384 enim
380 3314 578 3386 convenire
605 3340 716 3413 quum
743 3315 815 3388 alia
840 3316 935 3410 vidi,
975 3339 1068 3412 quae
1095 3339 1117 3385 a
1141 3313 1324 3411 Madvigio
1350 3336 1433 3408 pns-

124 3459 194 3531 sim
220 3459 266 3532 de
300 3483 366 3532 sua
390 3461 603 3534 Manutiana
627 3473 829 3535 memorata
856 3472 964 3559 sunt,
1007 3473 1082 3534 tum
1110 3486 1202 3560 quae
1229 3462 1273 3533 de
1299 3460 1431 3573 ordine

123 3605 332 3680 notularum
359 3608 405 3680 ad
429 3608 610 3684 Verrines
636 3614 824 3685 orationes
851 3622 889 3684 et
913 3612 1068 3684 maxime
1095 3611 1140 3681 ad
1158 3610 1430 3682 Divinationem

30 3803 34 3812 ·
121 3755 162 3826 in
187 3754 348 3829 editione
383 3759 502 3854 prima
537 3761 755 3857 perturbato
791 3760 944 3831 necdum
981 3759 1020 3830 in
1045 3758 1256 3831 Manutiana
1281 3759 1431 3830 omnino

122 3904 297 3988 restituto
331 3904 548 3980 afferuntur.
600 3906 695 3980 Nam
728 3909 769 3979 in
806 3906 1022 3980 collectione
1057 3905 1295 4004 Lugdunensi
1331 3905 1430 3977 idem

121 4050 215 4123 ordo
252 4060 329 4147 est,
368 4077 473 4149 quem
511 4053 742 4127 Manutianae
779 4056 919 4152 primae
957 4055 1087 4126 tribuit
1122 4053 1351 4151 Madvigius,
1390 4055 1429 4124 in

119 4206 307 4294 postrema
333 4199 456 4296 paullo
482 4201 604 4274 minor
631 4213 688 4276 est
714 4203 894 4276 confusio.
948 4200 1097 4299 (Eodem
1124 4225 1280 4298 prorsus
1304 4201 1428 4295 modo,

119 4356 162 4419 ut
194 4346 265 4420 boc
300 4349 424 4422 obiter
461 4375 647 4445 moneam,
687 4352 794 4424 etiam
832 4353 871 4424 in
906 4352 1161 4448 antiquissimo
1195 4348 1426 4424 Scholiastae

120 4494 305 4569 Iuvenalis
341 4498 468 4570 codice
496 4497 747 4597 sangallensi,
783 4509 880 4571 teste
908 4497 1069 4592 Orellio,
1108 4496 1204 4569 baud
1230 4520 1318 4569 raro
1344 4521 1428 4593 per·

118 4643 232 4717 mixto
257 4653 294 4717 et
319 4647 546 4742 transposita
572 4657 659 4720 sunt
685 4646 845 4743 scholia,
872 4649 975 4721 cuius
1001 4647 1058 4719 rei
1075 4646 1113 4718 in
1131 4645 1427 4718 Pseudo-Asco-
