3210 5280
215 215 276 276 sto
650 211 1088 278 PsEUDO-Ascouttts

298 357 342 435 (§.
366 354 433 432 27.)
453 353 500 421 sin
520 375 571 416 me
590 353 788 433 taciturum]
832 355 890 416 Est
908 353 959 414 bic
974 353 1236 433 epitlrerapeusis,
1261 353 1313 416 ubi
1331 376 1392 417 uon
1408 376 1515 419 emen·

215 450 300 511 datie
323 447 396 510 dieti
418 445 622 517 atrocissimi,
646 458 676 506 at
691 448 889 509 conlirrnatio
911 447 1040 529 ponitur
1060 459 1145 509 recte
1167 446 1300 523 dixisse,
1325 471 1416 511 caiisa
1440 454 1515 512 sub·

215 541 297 604 iecta
318 563 387 602 cum
410 542 540 622 quadam
565 582 959 620 .............

298 635 452 701 Arcessit
473 633 560 695 alter
579 631 699 692 consul
720 630 914 712 designatus
935 633 1084 713 Sieatos]
1127 634 1191 696 Hic
1213 647 1260 696 est
1277 635 1513 713 praerogativa,

191 740 306 812 squam
330 725 480 791 Metellus
505 722 601 785 Verri
621 743 680 802 pro
703 722 938 805 praerogativis
961 726 1111 802 reddidit,
1136 748 1204 788 uam
1228 726 1319 788 buius
1344 727 1391 790 rei
1414 729 1516 791 luerat

215 823 308 885 dilata
331 817 481 882 narratio.

213 926 215 931 '
299 908 483 987 Provisam]
528 909 729 989 Quomodo,
753 909 779 971 si
794 908 989 972 comitiorum
1006 932 1077 974 sors
1099 924 1193 995 atquc
1211 912 1336 976 fortuna
1360 912 1430 976 est?
1453 916 1516 976 Sed

213 1007 281 1069 vult
296 1016 395 1069 totum
412 1001 541 1085 pecunia
559 1000 728 1084 Siciliensi,
754 1004 815 1066 boe
830 1015 897 1078 est,
923 1006 1083 1086 corruptis
1098 1028 1114 1067 a
1132 1009 1236 1074 Verre
1259 1007 1422 1082 tribubus,
1447 1029 1516 1070 esse

215 1098 408 1163 confectum.

170 1199 206 1248 st
298 1193 342 1270 (§.
367 1190 434 1266 29.)
455 1189 501 1253 'Pe
528 1210 594 1252 non
619 1186 704 1279 [nte
736 1198 773 1250 at
807 1198 956 1252 caeteros
984 1211 1027 1253 ex
1057 1202 1163 1254 vestro
1182 1190 1343 1271 familia]
1386 1191 1523 1256 Dictum¹

214 1284 315 1347 tacete
337 1293 368 1345 et
389 1279 616 1345 contumeliose
637 1277 666 1338 in
691 1277 845 1341 Metellos
867 1279 1025 1358 antiquum
1052 1281 1162 1345 Naevii
1184 1296 1251 1347 cst:

412 1376 497 1436 Fato
519 1371 656 1434 Metelli
674 1370 796 1432 llnmae
808 1368 901 1444 fiunt
921 1374 1087 1435 consoles.

216 1463 278 1529 Cui
303 1476 378 1527 tmm
404 1463 554 1541 Metellus
577 1461 684 1523 consul
712 1459 809 1521 iratus
836 1479 928 1520 versu
956 1465 1161 1543 responderat
1183 1467 1306 1532 senario
1328 1469 1514 1550 hypercata-

215 1558 318 1633 leeto,
342 1556 397 1640 qui
420 1569 450 1618 et
472 1551 636 1617 Saturnius
659 1551 792 1614 dicitur:

174 1650 205 1699 ¹⁵
245 1665 250 1679 ·
411 1647 544 1710 Dabunt
565 1646 694 1706 motum
716 1644 852 1708 Metelli
869 1643 998 1708 Naevio
1017 1658 1149 1727 postne.

157 1746 206 1804 1³⁵]
215 1738 265 1801 De
287 1759 347 1821 qua
369 1739 501 1820 parodia
521 1735 680 1799 subtiliter
703 1735 819 1799 Cicero
840 1733 937 1797 dixit:
971 1735 1017 1801 Te
1042 1760 1109 1800 non
1127 1737 1213 1816 sate
1242 1747 1278 1800 nt
1298 1737 1449 1805 caeteros
1472 1760 1514 1804 ex

216 1839 322 1893 vestra
334 1831 491 1909 familia.

301 1920 495 2000 Quaesitor]
538 1920 674 1983 Praetor
696 1918 734 1979 de
756 1915 895 1997 pecuniis
914 1916 1093 1998 repetundis
1114 1917 1326 2000 quaestionem
1350 1940 1514 1983 exercens.

214 2011 294 2074 Narn
309 2013 441 2093 proprie
453 2012 648 2096 quaesitores
667 2009 810 2072 dicuntur
825 2009 1027 2072 criminalium
1045 2012 1272 2093 quaestionum,
1291 2024 1324 2074 ut
1339 2012 1513 2096 Virgilius:

172 2104 204 2153 2⁰
411 2107 590 2184 Onnesitor
609 2104 721 2166 Minos
743 2122 863 2164 urnam
882 2111 1000 2164 movet.

212 2191 288 2256 Dno
305 2206 405 2277 alitem
422 2197 587 2258 consides:
606 2192 812 2267 Hortensius,
830 2192 873 2270 Q.
890 2191 1057 2263 Metellns;
1075 2190 1254 2273 quaesitor:
1279 2192 1330 2253 M.
1348 2193 1514 2254 Metellus.

295 2284 447 2350 Nimiam
467 2285 676 2369 diligentem]
730 2286 818 2347 Haec
852 2297 900 2347 est
933 2282 1100 2345 artificiosa
1135 2284 1269 2347 laudatio
1305 2284 1416 2347 iudicis
1449 2287 1515 2348 sine

212 2378 390 2461 suspicione
422 2377 660 2453 assentationis,
695 2391 851 2441 ettamen
888 2376 998 2440 efficax
1033 2378 1072 2438 ad
1102 2376 1367 2438 benevolentiam.
1433 2379 1516 2456 Quia

215 2482 314 2533 asstem
338 2471 516 2556 diligentem
542 2469 723 2550 vituperare
750 2494 810 2534 uon
834 2470 957 2553 potuit,
981 2489 1042 2550 pro
1073 2467 1199 2530 crimine
1228 2469 1345 2531 addidit
1365 2473 1515 2536 nimiam.

170 2570 202 2618 2⁵
215 2564 382 2627 Terentius
404 2565 435 2626 in
457 2563 597 2627 Andria:
629 2566 681 2630 Ne
702 2565 787 2649 qaid
804 2569 911 2629 nimis.

296 2655 346 2719 M.
368 2657 561 2735 Caesonine]
604 2655 795 2739 Designatus
823 2655 928 2717 aedilis
953 2677 1023 2718 curn
1056 2655 1163 2719 Tullio
1192 2668 1222 2717 et
1247 2654 1319 2719 ideo
1345 2676 1408 2717 non
1435 2654 1515 2717 indi·

306 2902 333 2951 1.
352 2890 420 2966 Est]
442 2893 526 2966 Lngd.
548 2896 612 2948 Hos.
632 2896 710 2948 Man.
732 2897 812 2949 Cren.
832 2922 867 2934 -
887 2903 915 2945 et
934 2899 1113 2965 antiquiores.

306 2974 332 3023 2.
351 2972 394 3035 at]
422 2969 467 3022 stc
486 2973 593 3042 scripsi.
612 2997 650 3010 —
668 2987 701 3021 ae
719 2971 808 3023 rune.
827 2968 934 3024 Berald.
955 2967 1016 3023 sid.
1033 2999 1072 3011 -
1089 2968 1139 3019 sed
1157 2967 1222 3021 Lod.
1243 2986 1269 3023 et
1288 2987 1364 3041 seqq.

315 3046 342 3102 5.
362 3061 422 3095 erana
441 3044 560 3112 quendam
578 3040 607 3111 *1
637 3043 795 3098 alcmenes
814 3047 906 3099 Prine.
925 3043 1032 3098 Berald.
1052 3042 1112 3100 sld.
1131 3072 1168 3087 -
1186 3063 1246 3096 enm
1265 3045 1383 3116 qrradarn
1401 3049 1520 3097 aerima-

215 3123 264 3171 nta
283 3116 350 3172 Lod.
369 3133 397 3171 es
416 3135 490 3188 seqq.

306 3195 333 3248 ts.
354 3192 418 3259 Hie]
447 3194 524 3244 Haec
544 3188 609 3246 Lod.

305 3268 332 3324 9.
352 3266 407 3318 sea
429 3267 491 3318 nrttt
509 3298 528 3310 -
547 3296 565 3310 ·
584 3297 603 3311 -
620 3283 680 3319 esee
699 3264 869 3337 confectam]
902 3271 1007 3342 „Atqui
1033 3265 1066 3320 de
1086 3266 1189 3320 indicio
1209 3268 1255 3320 blo
1275 3271 1381 3341 agitur,
1409 3284 1465 3319 non
1484 3265 1516 3319 de

212 3341 364 3395 comittut’
396 3341 529 3395 GARAT.

287 3422 332 3473 1ο.
350 3419 458 3482 vestre]
486 3424 584 3468 nostra
604 3418 694 3470 l’rine.

287 3497 330 3549 11.
351 3490 466 3557 Naevii]
489 3489 550 3543 Ald.
570 3505 597 3542 et
616 3508 690 3562 seqq.
710 3517 748 3532 -
767 3493 830 3539 nessi
848 3490 940 3542 Prlne.
962 3518 993 3530 -
1013 3491 1099 3542 Neuii
1117 3488 1226 3548 Berald.

286 3571 330 3623 12.
349 3563 461 3631 Romae]
483 3562 549 3617 Lod.
570 3579 596 3616 et
616 3582 692 3636 seqq.
714 3592 751 3606 -
770 3563 856 3615 noma
877 3567 991 3635 priores.

286 3639 331 3698 stt.
350 3637 589 3710 hypercatateeto]
610 3638 823 3709 tripercatateeto
842 3637 937 3692 Ptine.
961 3667 992 3681 ·-
1012 3638 1264 3712 hypercatalectus
1283 3637 1368 3712 Lngd.

285 3719 329 3772 15.
350 3714 473 3780 Naevio]
494 3720 578 3766 novio
599 3718 687 3768 l‘rine.
709 3742 743 3754 -
764 3714 855 3765 Nesto
873 3711 981 3769 Berald.

286 3793 331 3847 17.
350 3791 461 3855 vestra]
482 3797 580 3839 nostra
600 3791 690 3843 Petne.
710 3788 819 3843 Berald.

286 3867 330 3920 19.
351 3863 502 3930 Virgilius]
528 3866 594 3916 den.
615 3865 661 3917 Vl.
681 3865 745 3922 2:52.

286 3944 330 3992 21.
348 3938 414 3990 Duo
433 3947 524 3989 antem
543 3939 677 4006 consistes]
711 3935 1009 3992 assuescentem.
1034 3966 1073 3982 -
1096 3938 1162 3990 Duo
1188 3943 1278 4007 igitrrr
1304 3940 1428 3990 eonsules
1453 3945 1514 4012 (pre

210 4010 352 4085 lemmate]
373 4012 439 4066 Lod.
461 4029 486 4065 er
505 4029 581 4084 seqq.

284 4087 355 4140 lbid.
375 4092 528 4158 precentor]
550 4089 626 4140 llane
640 4104 745 4157 quoque
760 4103 853 4139 rocem
869 4102 1007 4155 tamqnam
1021 4085 1121 4138 lemma
1135 4087 1313 4139 exbibuerunt
1331 4085 1396 4140 Lod.
1416 4102 1442 4139 et
1457 4107 1515 4159 sqq.

285 4160 356 4216 lbid.
377 4164 524 4232 Mesettm]
554 4160 618 4215 led.
638 4178 665 4215 e:
685 4180 759 4233 seqq.
780 4162 987 4212 -Mareettus
1005 4166 1118 4234 priores.
1159 4161 1215 4215 Cl'r.
1236 4161 1268 4212 ad
1290 4179 1339 4233 pag
1371 4162 1514 4219 135.t.1.

285 4243 329 4296 25.
348 4238 388 4289 art
405 4238 633 4306 benevolentiam]
654 4236 720 4290 Lod.
741 4251 768 4289 et
787 4251 860 4306 seqq.
882 4262 917 4274 -
937 4256 954 4289 a
974 4239 1159 4288 benivatentia
1179 4238 1269 4289 Prlnc.
1290 4235 1397 4290 Berald.
1417 4237 1479 4289 Ald.

285 4316 328 4368 211.
349 4313 421 4381 Quia
441 4313 546 4384 aedem]
578 4316 625 4365 sle
644 4317 753 4384 scripsi.
792 4310 946 4382 Legebatur
965 4318 1130 4381 pietatatem.

284 4390 329 4443 2⁵.
350 4388 497 4440 Terentius
515 4393 544 4439 in
567 4387 688 4455 Andria]
727 4387 773 4439 stc
792 4390 899 4457 scripsi.
919 4415 956 4427 -
977 4392 1151 4437 terentianae
1171 4384 1342 4456 (corruptum
1363 4403 1395 4436 ex
1415 4392 1515 4438 terent.

210 4463 232 4517 ἰ.
251 4462 332 4514 andr.
356 4465 445 4515 l’riuc.
469 4494 497 4505 --
521 4461 666 4513 Terentins
685 4459 872 4532 (simpliciter)
892 4466 985 4515 ceteri:
1008 4491 1038 4502 -
1058 4462 1143 4513 Locus
1158 4474 1197 4512 est
1213 4461 1273 4512 bet.
1290 4461 1311 4512 l.
1325 4463 1369 4514 Se.
1384 4460 1406 4511 1.
1420 4477 1457 4513 vs.
1473 4466 1516 4520 3l.

284 4540 329 4592 26.
350 4539 509 4605 Caesonius]
538 4537 669 4588 Ceronius
690 4539 779 4588 l’rine.
801 4533 907 4589 Berald.
928 4535 989 4589 Ald.
1029 4535 1075 4588 Sic
1095 4551 1121 4587 et
1142 4535 1221 4586 intra.

286 4612 356 4664 lbid.
376 4613 550 4680 Designatus:
568 4611 679 4682 aeditis]
699 4616 775 4681 „Qni
792 4627 881 4663 samen
895 4617 1084 4682 magistratum
1106 4628 1159 4662 nou
1180 4614 1279 4677 gessit,
1300 4607 1514 4660 velralerudine

211 4685 373 4757 impeditus,
408 4687 447 4738 vel
474 4686 527 4738 alio
547 4691 706 4758 magistrata
727 4701 863 4738 avoratns.
883 4690 965 4758 gessit
987 4700 1078 4737 antem
1098 4701 1160 4735 cum
1182 4684 1274 4736 Tullio
1294 4684 1464 4738 aedilitatem
1485 4684 1516 4736 C.

212 4763 346 4815 Arriouins
368 4765 407 4829 is,
425 4766 471 4834 qut
491 4759 611 4816 eiusdem
631 4760 734 4832 collega
753 4758 805 4815 luis
826 4766 854 4814 in
874 4761 1044 4815 consulasnt’
1064 4758 1211 4814 MANUT.
