3210 5280
163 186 225 252 tot
321 240 325 249 ,
492 189 790 256 SCHOLIASTA
812 189 1153 257 GRONOVIANUS

247 328 300 392 27.
323 331 428 395 Nunc
449 329 546 407 illos,
577 331 639 415 qui·
656 331 692 394 in
715 332 797 394 urbe
819 344 1062 396 remanserunt
1085 374 1276 397 ......
1298 333 1415 397 sicui
1436 354 1490 399 so·

66 444 76 474 ··
162 421 269 487 lutior
289 423 365 487 visa
385 426 450 506 est]
487 425 589 501 Vide,
615 448 710 509 qurum
738 424 801 488 illis
823 424 975 503 uniuntur,
999 428 1121 510 populo
1144 427 1295 492 minatur.

151 525 154 535 '
247 517 424 600 Coniberc]
463 518 664 584 Concedere.

163 664 165 666 .
248 609 332 693 Cap.
356 613 457 676 XIII.
468 613 534 684 29.
568 617 664 695 Quae
686 612 822 695 quidem
844 615 924 697 ego]
961 614 1060 695 Qtrasi
1086 636 1148 679 non
1171 614 1240 698 ipse
1267 616 1485 699 praestiterit,

137 707 219 769 tsed
240 703 282 767 dii
305 705 510 771 immortales.
555 707 599 770 Et
622 707 682 769 tale
703 705 780 770 facit
794 708 980 772 beneficium
996 731 1106 787 ιιιιιιιι,
1130 711 1218 794 qtrod
1236 709 1301 774 soli
1323 711 1488 792 potuerint

163 796 207 860 dii
226 810 403 879 praestare.

495 943 591 1020 LIB.
620 945 670 1020 II.
698 935 837 1022 FINIT
865 946 1060 1023 INCIPIT
1088 948 1156 1024 III.

598 1076 1048 1149 ARGU'MENTUM.

247 1200 448 1284 Deprehensi
464 1213 535 1264 suunt
551 1203 706 1267 couisvrati
728 1207 766 1266 ad
781 1216 909 1288 pontem
926 1205 1105 1268 Mulvium·
1130 1204 1254 1269 deducti
1269 1209 1310 1270 ad
1327 1219 1480 1271 senatum.

119 1296 352 1359 ¹⁰Vulturcius
384 1318 454 1358 ιιιιιι
490 1296 589 1360 literis
625 1308 656 1359 et
685 1298 769 1361 Galli
802 1297 960 1360 sollicitati
993 1300 1120 1361 adhoc
1147 1299 1286 1375 bellum,
1321 1301 1378 1386 qui
1413 1313 1483 1364 turn

162 1390 250 1454 forte
273 1390 370 1474 legati
392 1403 544 1453 venerant
569 1392 723 1465 Romam,
749 1391 936 1473 deprehensi
962 1403 1046 1455 sunt.
1093 1391 1206 1454 Omnia
1229 1392 1392 1456 celebrata
1415 1405 1482 1457 stunt

161 1483 191 1546 in
215 1496 341 1557 senatu;
367 1495 519 1567 purgatus
544 1495 591 1546 est
613 1485 680 1565 ipse
705 1482 836 1549 Cicero.
881 1485 1038 1549 Novimus
1060 1487 1156 1561 cuim,
1182 1485 1255 1570 quia
1277 1499 1419 1591 propter
1439 1487 1482 1548 in·

162 1576 274 1640 vidium
306 1580 472 1639 sedandam
506 1578 663 1659 processit
696 1580 734 1640 ad
765 1580 919 1660 populum
952 1591 983 1640 et
1021 1580 1174 1641 allocutus
1208 1590 1275 1641 est·
1312 1580 1374 1640 iam
1406 1598 1481 1662 ergo

160 1682 315 1765 prrrgatus
339 1669 487 1744 est3ia1n
518 1691 580 1733 non
606 1671 712 1733 timet.
751 1685 856 1734 narrat
881 1674 975 1735 modo
998 1671 1139 1752 populo,
1165 1671 1244 1756 quid
1267 1685 1372 1734 actum
1394 1671 1482 1734 sitin

120 1771 280 1826 ttsenatu
302 1764 355 1827 vel
384 1764 511 1827 insultat
541 1776 659 1827 tantum
681 1763 736 1840 †
728 1786 758 1828 ιιι
786 1765 884 1827 lrac'
875 1788 906 1828 m
931 1766 992 1826 hac
1018 1765 1161 1830 oratione
1183 1765 1397 1850 brachylogia
1427 1766 1482 1827 hae

162 1868 230 1918 arte
254 1857 364 1921 utitur.
410 1858 496 1939 Quid
518 1869 620 1921 actum
643 1859 684 1921 sit
706 1860 735 1921 in
759 1868 868 1920 senatu
896 1871 1018 1922 narrat.

249 1951 332 2034 Cap.
350 1954 379 2016 I.
399 1955 429 2014 1.
453 1956 538 2016 Rem
556 1953 745 2034 publicum,
769 1951 939 2036 Quirites,
965 1953 1134 2037 uitamque
1149 1953 1305 2018 omnium
1323 1950 1482 2034 uestrum]

161 2045 274 2128 Auget
297 2045 484 2109 beneficium
501 2067 537 2108 ea
560 2058 645 2121 arte,
671 2066 731 2129 qua
748 2043 883 2126 exposui
905 2045 1075 2126 superius,
1098 2046 1186 2128 quasi
1209 2049 1343 2111 deorum
1365 2059 1481 2111 tantum

162 2139 224 2202 hoe
246 2138 430 2202 beneficium
454 2139 586 2203 dicatur.
631 2140 712 2202 Post
735 2141 811 2202 deos
833 2159 868 2201 se
888 2136 991 2220 ipsum
1013 2141 1135 2222 posuit.

118 2235 151 2284 2⁰
246 2223 412 2297 Periculis
436 2230 534 2310 neeis]
559 2235 633 2297 Non
656 2231 801 2295 Antonii.

247 2327 280 2389 2.
301 2331 349 2391 Et
371 2326 402 2389 si
423 2347 491 2389 non
513 2326 626 2389 minus
648 2325 745 2389 nobis
767 2325 909 2388 iucundi
939 2368 1340 2392 ............

247 2420 332 2503 Cap.
357 2420 422 2484 vl.
446 2422 498 2483 tl.
533 2421 602 2504 Qui
623 2420 687 2483 sibi
708 2419 990 2501 procurationem
1011 2418 1240 2482 incendendae
1262 2421 1361 2484 urbis
1382 2420 1481 2504 depo·

57 2563 64 2570 .
158 2511 334 2598 posceret]
361 2512 539 2577 Damnavit
564 2525 670 2577 tantos
701 2523 841 2576 senatus.
896 2510 1038 2575 Detrahe
1060 2524 1187 2576 senatus
1215 2513 1380 2577 invidiam.
1434 2515 1481 2617 Ne

161 2607 297 2671 arridetis
319 2619 445 2669 senatus
470 2606 633 2680 videntur,
660 2606 756 2670 dicit.
1264 2614 1273 2633 ’

119 2707 151 2756 tt
245 2699 402 2767 Lenitate
423 2701 578 2781 senatus]
611 2701 723 2764 Fuisse
746 2700 943 2763 clementem.

247 2796 299 2857 15.
323 2799 435 2879 Atque
462 2795 567 2857 etiam
596 2796 802 2877 snpplicatio
829 2795 895 2858 diis
923 2793 1190 2873 immortalibus]
1214 2793 1341 2857 .Antea
1365 2795 1482 2878 suppli·

162 2887 247 2952 catio
270 2889 404 2950 dabatur
425 2887 490 2964 his,
515 2888 568 2971 qui
594 2887 625 2951 in
653 2888 738 2953 bello
765 2890 895 2952 sortiter
917 2888 1085 2962 iecissent,
1111 2898 1144 2948 ut
1169 2887 1265 2969 quasi,
1286 2910 1353 2951 rom
1377 2889 1481 2972 publi·

162 3002 231 3044 cam
256 2981 475 3044 vindicassent.
521 2981 672 3046 Ciceroni
702 2985 827 3045 decreta
857 2995 906 3045 est
933 2979 1121 3062 supplicatio
1150 2981 1240 3053 inde,
1276 2985 1366 3063 qtrod
1394 2980 1480 3067 quasi

162 3073 194 3137 in
216 3074 452 3137 coniuratorum
472 3096 557 3138 arma
578 3074 618 3137 sit
641 3089 784 3139 versatus
801 3077 872 3158 lege
888 3076 1064 3147 bellorum,
1088 3085 1119 3134 et
1141 3074 1282 3136 detracta
1307 3087 1372 3151 est,
1398 3076 1481 3159 qnod

121 3178 152 3229 tt
163 3187 229 3231 rem
252 3167 407 3250 publicam
431 3180 674 3244 conservasset,
698 3192 793 3252 qustum
816 3169 885 3232 aliis
908 3171 1150 3241 decerneretur,
1175 3171 1351 3249 quadram
1375 3168 1480 3250 publi·

163 3282 231 3323 cam
256 3263 337 3324 bene
362 3261 528 3346 gesserint.
572 3264 809 3346 supplicatio„
827 3262 947 3345 iuquit,
977 3261 1043 3324 diis
1071 3261 1323 3324 immortalibus
1345 3262 1480 3324 decreta

162 3366 215 3418 est
233 3377 301 3437 pro
323 3355 496 3438 singulari
518 3378 638 3419 eorum
661 3357 784 3420 merito
807 3377 881 3418 meo
903 3354 1057 3429 nomine,
1080 3352 1112 3414 id
1126 3365 1191 3427 est,
1215 3353 1247 3414 in
1263 3363 1375 3416 senatu
1390 3372 1480 3417 causa

163 3447 224 3511 mei
245 3448 303 3511 diis
328 3446 558 3512 immortalibus
585 3462 672 3512 actae
698 3462 770 3512 suut
796 3447 927 3533 gratiae.

247 3543 342 3606 Nam
363 3543 505 3607 Publius
528 3543 707 3623 Lentulus]
731 3544 797 3605 Iam
817 3541 940 3602 dixerat
954 3539 1117 3621 superius:
1141 3561 1246 3624 queam
1261 3561 1298 3603 se
1314 3555 1481 3624 praetura

120 3649 151 3699 tt
162 3633 372 3709 abdicasset,
396 3636 431 3697 in
453 3637 646 3698 custodiam
667 3637 877 3698 traderetur.
924 3634 1029 3696 'l'imet
1052 3633 1201 3697 invidiam
1230 3633 1364 3697 Lentuli
1390 3658 1479 3718 prae·

162 3729 261 3813 toris,
292 3729 365 3813 quia
393 3729 558 3792 dicebatur
579 3730 736 3791 Lentulus
759 3728 873 3791 nobilis
895 3739 1039 3806 praetor.

249 3824 293 3886 Ut
317 3844 403 3908 quac
426 3824 551 3906 religio
576 3826 619 3887 G.
644 3820 779 3902 Mario]
814 3821 990 3896 Novimus,
1015 3821 1088 3905 quia
1113 3821 1144 3885 in
1170 3820 1275 3904 primo
1299 3820 1383 3884 dixit
1405 3825 1478 3887 Ser·

162 3917 279 3980 uilium
298 3928 494 3998 praetorem
517 3936 612 3979 mors
634 3937 674 3976 ac
689 3915 740 3978 rei
758 3914 915 3996 publicae
934 3935 1046 3994 poena
1065 3927 1241 3978 remorata
1262 3927 1327 3977 est.
1374 3916 1477 3995 Ipsum

162 4008 237 4072 dicit
260 4010 407 4073 Publium
436 4009 606 4072 Servilium
630 4008 792 4071 Glauciam
816 4006 892 4089 quid
918 4009 1017 4071 dictus
1047 4020 1112 4087 est,
1149 4008 1299 4093 quioniam
1328 4013 1346 4071 a
1374 4008 1476 4072 Mario

118 4104 286 4168 ltoclisus
309 4116 355 4166 est
377 4104 407 4165 in
429 4117 591 4185 praetura.

238 4221 262 4269 1.
260 4191 442 4265 iieieerum
447 4229 505 4265 noa
526 4211 715 4266 indicaverunt
736 4212 872 4268 Editores.
924 4217 951 4269 3.
972 4214 1002 4266 Id
1029 4229 1100 4266 esset
1125 4218 1284 4266 connivere.
1324 4214 1476 4268 Gronovius

159 4281 253 4341 retolli
268 4286 301 4339 sd
317 4306 355 4341 vv.
377 4288 519 4339 consulere
538 4289 591 4338 sibl
606 4297 736 4358 possiunt,
756 4305 825 4359 quae
846 4288 928 4342 verbo
948 4289 1096 4341 concedere
1117 4293 1292 4360 Interpretari
1314 4307 1370 4341 non
1392 4293 1476 4361 potuit

159 4363 253 4418 schol
277 4364 390 4434 Leglrne
410 4362 471 4414 ille·
501 4368 560 4414 tam
585 4382 641 4415 non
661 4382 775 4434 possmn
800 4369 967 4424 ιοιιιιίιινι,
999 4382 1055 4415 non
1077 4383 1190 4432 possum
1218 4362 1345 4416 obliuisci
1365 4382 1416 4437 pro
1434 4381 1476 4426 ιο,

179 4436 233 4491 aod
253 4436 490 4493 nunchabemus:
512 4444 568 4489 iarn
582 4456 637 4491 non
653 4457 768 4510 possum
787 4439 935 4491 oblivisci?
975 4437 1275 4513 15.91ccorrupteG
1295 4467 1333 4480 -
1351 4441 1475 4490 insedeat.

159 4457 281 4566 iactum
307 4519 336 4564 tn
362 4511 415 4564 liae
441 4521 570 4566 oratione
595 4514 638 4571 br.
665 4515 715 4569 Gr.
767 4518 811 4569 19.
833 4534 904 4586 poss
906 4517 941 4582 ι1]
970 4543 1008 4558 -
1033 4523 1115 4584 pontt
1144 4518 1195 4571 Gr.
1221 4519 1281 4568 stne
1308 4522 1474 4569 necessitate.

158 4594 204 4646 21.
233 4589 359 4654 0,llorsus
387 4603 503 4642 vacuum
529 4595 649 4658 spartum
676 4605 702 4642 et
730 4587 881 4643 detectus?
914 4590 1039 4644 Gnosov.
1089 4596 1133 4650 25.
1161 4593 1232 4661 Lege
1258 4591 1473 4645 «tetradiam.

157 4667 204 4720 27.
225 4667 294 4735 Lege
313 4671 352 4718 et.
388 4667 433 4720 29
457 4665 503 4718 stc
523 4665 559 4719 G.
578 4665 654 4718 Male
673 4666 738 4719 Gn·
717 4702 738 4718 ..
758 4682 840 4716 arma
860 4670 916 4726 .ιι“1,·
934 4675 1070 4718 versatur
1088 4667 1160 4734 Iege.
1200 4667 1242 4720 lb.
1261 4668 1338 4721 Fert.
1356 4667 1472 4722 decreta.

158 4738 285 4794 Gronov.
322 4742 368 4801 59.
389 4738 419 4793 F.
438 4738 606 4811 Ser-vllium,
626 4741 745 4794 Glaucia
765 4745 813 4813 qut
831 4740 923 4795 dr'ctue
940 4749 993 4796 est.
1013 4747 1073 4815 (qul
1091 4740 1178 4798 edidit
1198 4748 1255 4798 tam
1275 4741 1340 4817 Gr.)
