3210 5280
409 205 459 269 IN
482 201 589 270 ACT.
612 204 642 267 1.
665 203 715 267 IN
738 201 780 268 C.
803 201 1019 266 VERREM.
1313 196 1373 260 129

62 347 180 413 tionem
200 344 344 417 Tullius,
377 343 517 409 susurrum
539 353 625 417 erat,
660 353 693 405 ut
713 343 805 425 prior
827 341 916 402 locus
938 342 978 402 ad
1002 339 1153 422 agendum
1176 337 1303 399 daretur
1326 335 1372 408 ei,

71 438 126 525 qui
148 439 244 502 biduo
265 437 444 502 recusum
467 437 544 497 diem
567 436 801 518 postulaverat:
838 432 925 497 cuius
953 429 1157 495 accusationis
1188 428 1374 512 interposita

65 536 104 596 de
124 531 275 595 industria
297 552 403 607 mma,
428 551 496 593 eum
520 529 641 592 Verres
664 531 702 592 ad
728 528 807 589 alios
829 527 971 589 eonsules
992 524 1171 587 distulisset.

146 625 198 703 (§.
224 625 269 703 7.)
293 625 374 686 Cum
394 620 543 702 publicis
568 617 844 697 auctoritatibus]
869 619 1009 683 Publicis
1028 617 1139 684 literis.

146 716 246 795 (§.8.)
258 717 390 782 Perdita
400 710 671 796 profligataque]
680 708 776 773 Peius
783 710 882 772 voluit
890 732 958 774 esse
965 706 1156 791 profligato
1167 728 1256 791 quam
1268 712 1399 792 perdi-⁵

62 819 110 874 tn.
126 811 185 874 Est
199 807 280 871 enim
292 806 470 892 perditum,
482 806 567 887 quod
576 803 708 866 inveniri
718 813 834 883 potest,
843 804 1080 887 profligatum,
1092 804 1176 882 quod
1185 823 1247 864 uon
1255 815 1374 884 potest.

150 903 292 983 Tempus
313 894 441 974 emisse]
463 896 502 957 Id
519 908 584 980 est,
606 895 783 958 dilationem
801 893 952 975 temporis
967 892 1164 971 impetrasse.
1207 895 1376 958 iudicium

62 1017 160 1060 sunm
182 1005 282 1054 aunem
301 991 447 1051 debemus
462 987 639 1071 intelligere
654 988 712 1051 sibi
728 998 854 1070 aptum,
878 997 909 1049 et
926 1006 944 1048 e
959 985 1120 1049 contrario
1136 986 1199 1048 ait:
1225 990 1376 1051 olieuum

64 1095 193 1165 tempus
215 1082 410 1162 offenderat.

149 1177 202 1252 (§.
222 1174 270 1250 9.)
295 1170 396 1250 Quod
413 1173 444 1233 si
462 1192 529 1233 non
553 1169 653 1232 modo
675 1171 709 1230 iu
732 1165 854 1245 causo]
876 1166 941 1229 Per
966 1163 1186 1230 innocentiam.
1388 1179 1419 1229 u

150 1267 308 1330 Honesto
340 1266 525 1345 praesidio]
563 1262 627 1328 Per
664 1260 950 1344 corripensau'ouem
987 1251 1150 1323 eriminum
1186 1258 1376 1323 alletoritate

68 1359 213 1424 dicentis.

152 1451 211 1515 Vei
233 1450 385 1513 alicuius
407 1448 615 1531 eloquentia]
637 1448 763 1510 Aeerbe
777 1447 809 1508 iu
822 1445 1051 1521 Hortensium,
1068 1464 1160 1529 quem
1172 1443 1377 1528 eorrtrptione

67 1545 225 1620 iudicum,
250 1566 313 1607 non
337 1543 516 1626 eloquentia
538 1563 592 1604 sua
617 1539 690 1602 dicit
712 1560 780 1602 esse
802 1538 967 1601 conlisum.
999 1543 1002 1548 ’
1242 1598 1248 1606 ,
1355 1606 1362 1614 ,

154 1637 286 1717 Gratia]
309 1637 492 1700 Amicorum
515 1634 744 1715 plurimorum,
769 1631 882 1714 quibus
903 1630 1122 1694 defensoribus
1141 1631 1323 1712 [utereturJ.
1390 1641 1421 1691 st

152 1729 364 1810 Deligeretur
385 1750 428 1792 ex
447 1736 586 1801 senatu,
607 1727 670 1807 qui
686 1746 761 1788 rens
777 1724 891 1804 fieret]
917 1724 1041 1806 Oppius
1066 1725 1114 1786 vel
1138 1723 1254 1789 Curio.
1357 1794 1360 1800 ,

154 1826 205 1899 (§.
230 1825 299 1902 10.)
320 1819 402 1884 Hoc
427 1816 597 1901 praetore]
621 1818 797 1880 Glabrione
821 1817 951 1880 seilicet.

154 1916 236 1979 Hoc
259 1912 418 1990 oonsilio]
445 1908 704 1973 Lectissimorum
732 1910 878 1973 exomni
901 1930 1031 1973 ursnsero
1054 1919 1179 1973 senatus
1201 1907 1349 1972 iudicum.

154 2003 254 2084 Ouod
272 2003 423 2083 populus
447 2002 614 2064 llomonus
632 2003 668 2063 iu
689 2004 868 2066 reiectione
888 2002 1040 2069 iudicum
1060 2000 1237 2081 iudieovit]
1260 2003 1311 2064 Ex
1328 1998 1377 2073 iis,

70 2119 153 2184 quos
176 2095 298 2169 renuit,
333 2094 522 2157 intellectum
547 2104 595 2156 est
625 2113 681 2157 eos
703 2093 821 2157 iudices
843 2096 961 2156 habere
983 2094 1084 2168 velle,
1118 2114 1199 2176 quos
1219 2089 1424 2173 corrorupi²⁰

71 2212 167 2275 posse
190 2191 375 2252 confideret.
882 2254 886 2259 ,
1390 2193 1439 2255 μη

157 2288 207 2362 (§.
232 2286 300 2360 11.)
329 2280 408 2343 Nisi
425 2282 481 2343 Cu.
505 2278 698 2360 Carbonem]
722 2278 830 2343 Carbo
853 2277 1016 2342 Marianae
1034 2277 1132 2360 partis
1155 2279 1218 2340 dux
1240 2278 1382 2360 idemque

74 2380 187 2439 consul
209 2378 352 2437 desertus
374 2369 507 2433 Arimini
533 2382 580 2431 est
603 2391 619 2431 a
639 2385 807 2453 quaestore
831 2394 889 2436 suo
915 2374 1039 2448 Verre,
1077 2373 1229 2455 spoliatus
1251 2371 1382 2454 pecunia
1430 2394 1432 2399 ·

72 2469 218 2551 publica,
257 2488 348 2551 quamn
379 2475 528 2547 quaestor
558 2462 590 2526 in
626 2466 768 2529 exercitu
800 2468 843 2551 d.
873 2466 996 2529 aerario
1025 2479 1216 2548 sumpserat,
1249 2487 1318 2527 eum
1345 2464 1384 2524 ad

75 2563 191 2642 Syllam
215 2563 267 2625 ille
288 2557 436 2621 transiret
455 2554 603 2636 proditor
625 2558 760 2638 partium
781 2559 1007 2622 Marianarum.
1393 2575 1425 2624 tt

160 2657 260 2718 Cuius
280 2648 425 2733 legatio]
447 2651 591 2731 Legatos
610 2670 667 2731 per
696 2652 752 2713 has
775 2653 957 2734 provincias
986 2652 1173 2717 Dolabellae
1199 2649 1384 2735 proconsuli

81 2761 91 2777 Ι
192 2760 256 2771 Ι-
688 2760 1367 2773 οιη--ι--ιὴα-α--ι-ο--ψα-ι

172 2810 197 2857 1.
208 2799 345 2870 futurum
360 2802 437 2868 erat]
448 2797 539 2869 fieriu
557 2800 740 2872 responderat
759 2802 851 2856 Princ.

151 2877 222 2932 lhid.
240 2875 334 2947 prior]
355 2875 439 2945 lugd.
460 2876 524 2928 lint.
545 2875 623 2930 Man.
642 2877 723 2929 Creo.
743 2904 779 2921 -
800 2881 893 2948 priori
911 2880 1088 2950 antiquiores.

168 2958 195 3012 3.
217 2953 290 3018 eum]
310 2967 369 3001 cum
382 2947 490 3003 Berstd.

167 3029 195 3085 6.
216 3024 268 3076 Est
281 3027 365 3092 euim]
386 3023 445 3077 Ald.
466 3021 549 3096 Lugd.
570 3024 635 3077 Hor.
655 3021 734 3080 Mau.
752 3026 832 3080 Creu.
850 3052 889 3069 ι-
906 3033 1008 3078 etenim
1027 3030 1117 3081 Prion.
1136 3023 1243 3080 Bessld.
1263 3023 1330 3079 ted.

151 3099 221 3154 lbid.
237 3099 394 3170 perditum,
425 3098 498 3170 qssod
517 3104 639 3151 inveniri
660 3108 769 3169 potest,
798 3102 1000 3170 profligatum,
1027 3101 1101 3173 quod
1126 3120 1181 3152 nors
1196 3107 1315 3170 potest}
1337 3100 1385 3154 810

76 3181 184 3249 scripsi.
221 3173 373 3246 legebatur
389 3174 544 3243 perditum,
565 3173 638 3244 quod
648 3179 772 3226 inueniri
789 3191 844 3228 unu
855 3185 962 3244 potest,
978 3181 1184 3248 profligatum,
1202 3176 1275 3247 quod
1281 3183 1386 3245 potest.

78 3256 192 3318 ,lmmo
212 3263 324 3301 eontra:
343 3247 396 3299 Est
416 3253 487 3299 euim
502 3249 661 3319 perditum,
680 3267 707 3320 q.
730 3255 790 3302 inv.
809 3259 918 3321 potest,
936 3253 1138 3322 profligatum,
1160 3271 1186 3322 q.
1205 3269 1260 3303 uon
1275 3257 1385 3320 potesis

76 3342 108 3380 ut
128 3325 302 3452 otqtendaurr,
327 3321 399 3394 quod
420 3328 473 3376 iam
492 3326 577 3388 dixis,
603 3328 680 3397 petus
699 3341 758 3377 esse
774 3327 949 3395 profligata,
969 3342 1049 3397 quesn
1066 3326 1206 3397 perdits.”
1241 3324 1386 3380 Manus.

78 3407 109 3455 in
127 3418 142 3454 e
163 3406 193 3452 ir.
213 3415 300 3471 postr.

152 3472 223 3527 1111.
239 3472 439 3544 profligatum,
458 3470 531 3542 quod
541 3489 596 3523 uors
611 3474 717 3542 potest]
737 3473 940 3544 „profligatum
951 3472 1024 3545 quod
1034 3478 1140 3544 potest]
1161 3479 1281 3531 Praestat
1295 3493 1387 3532 sistent

82 3567 140 3604 esse
159 3549 232 3602 nulla
253 3552 367 3599 omnino
387 3545 504 3611 iudicia,
524 3562 604 3618 quam
625 3547 758 3599 dissoluta
778 3565 804 3600 et
824 3554 958 3604 numeris.
988 3549 1128 3603 Obscurus
1148 3549 1252 3605 locus.''
1272 3554 1358 3608 llOl'.

172 3629 198 3679 7.
218 3623 341 3691 Tempus*
354 3624 461 3688 emisse]
483 3620 560 3692 Apud
580 3624 741 3675 Ciceronem
761 3622 876 3694 legitur:
895 3630 1001 3693 tempus
1014 3627 1102 3694 ipsum
1120 3630 1226 3679 emisse.

152 3696 225 3752 1111.
245 3695 379 3748 Iudicium
395 3713 473 3747 suum
491 3697 598 3765 aretem]
620 3699 710 3750 Ptine.
727 3695 787 3749 111.
806 3725 842 3739 ·—
861 3697 992 3749 iudicium
1010 3708 1101 3750 aretem
1119 3717 1198 3751 suum
1217 3703 1312 3755 ceteri.

154 3776 199 3830 15.
219 3773 250 3825 V
250 3772 277 3822 et
293 3770 409 3821 alicuius
425 3771 593 3840 eloquentia]
614 3770 676 3825 111.
700 3798 729 3813 -
764 3772 812 3822 vei
831 3772 924 3842 aliqua
939 3790 970 3823 re
989 3774 1158 3844 eloquentius
1175 3777 1268 3831 Princ.
1285 3805 1324 3818 -
1341 3773 1391 3828 vel

79 3847 195 3899 aiisssr'us
213 3848 381 3917 eloquentiae
400 3844 562 3900 01111.-
582 3849 641 3897 Aut
660 3852 690 3898 irs
708 3847 826 3897 aimerius
837 3847 992 3917 eloquentia
1011 3847 1081 3903 Lod.
1100 3862 1128 3903 st
1147 3861 1221 3922 seqq.

156 3922 201 3979 1is.
220 3923 283 3988 seso]
303 3925 361 3970 sica
382 3920 475 3972 Princ.
508 3965 514 3972 .

155 4003 200 4053 15.
217 3996 414 4065 plurimorum]
437 3992 503 4047 Lod.
523 4009 550 4047 et
569 4010 644 4067 seqq.
662 4022 700 4037 —
715 3995 864 4066 plurimum
884 3998 998 4070 priores.

153 4070 225 4124 1111.
245 4071 382 4136 uteretur]
404 4066 467 4123 add.
484 4067 550 4122 lod.
563 4085 588 4122 et
602 4088 677 4142 seqq.
716 4072 761 4128 16.
781 4071 978 4140 Deligeretur]
999 4063 1163 4140 diligeretur
1181 4072 1274 4129 Prion.

155 4150 200 4206 16.
219 4143 336 4215 Oppium]
357 4142 442 4215 Lugd.
461 4145 528 4199 llos.
548 4145 625 4198 Men.
646 4146 727 4198 Creu.
745 4168 782 4185 -
802 4147 910 4216 Appius
928 4150 1043 4218 priores.

154 4226 199 4278 19.
216 4221 332 4290 populus
344 4218 495 4287 Romanus]
510 4218 593 4290 lugd.
608 4219 672 4273 llot.
685 4221 761 4273 Man.
772 4219 853 4274 Cren.
867 4246 904 4262 -
914 4228 1034 4291 praetor
1049 4222 1225 4290 antiquiores.
1245 4219 1297 4275 sed
1313 4224 1387 4276 coni.

81 4310 149 4369 quas
169 4293 239 4348 inlrs
259 4295 385 4367 leguntur
403 4311 430 4365 p.
450 4298 494 4351 29.
513 4294 577 4346 Hor.
614 4295 691 4346 Solet
710 4303 802 4345 aretem
822 4313 858 4346 ex
877 4293 999 4347 moribus
1025 4313 1058 4345 ac
1078 4295 1162 4362 sarua
1186 4295 1305 4349 iudicum
1323 4299 1389 4350 itto-

82 4389 157 4435 rum,
183 4388 251 4442 quos
268 4377 319 4421 aus
338 4367 501 4420 reiieisbarst
519 4375 569 4418 aut
589 4368 763 4434 retinebant,
787 4368 821 4419 de
839 4372 985 4421 voluntate
1007 4375 1194 4421 coniecturam
1205 4368 1310 4441 facere
1322 4392 1389 4443 po-

78 4447 199 4517 pulus,
220 4449 267 4514 qui
285 4461 385 4496 carnae
406 4461 473 4494 suas
491 4441 650 4514 confidere,
670 4449 717 4514 qui
734 4460 908 4515 corrumpere
924 4443 1028 4494 iudices
1045 4445 1141 4501 veliet.

157 4520 340 4645 26.diegatio]
361 4517 422 4572 std.
441 4532 470 4571 es
487 4535 562 4590 seqq.
580 4545 618 4561 -
641 4519 755 4589 legatus
774 4520 865 4571 Prlne.
885 4518 990 4575 uentd.
1026 4519 1111 4572 Error
1130 4537 1163 4572 ex
1181 4534 1309 4591 sequente
1328 4540 1388 4578 soe.

82 4611 157 4648 ortus
178 4599 202 4646 ri
223 4610 292 4647 etur.

158 4668 228 4722 lbid.
243 4668 415 4737 proconsule]
435 4665 481 4721 810
501 4669 609 4740 scripsi.
628 4664 831 4737 -proconsul
846 4669 937 4722 Ptine.
955 4663 1064 4720 Beseld.
1082 4664 1143 4724 Ald.
1161 4695 1199 4712 ι-
1216 4670 1391 4736 proconsulis

85 4742 170 4816 Lngd.
184 4743 427 4799 unumunurm.
447 4768 481 4784 -·
502 4743 535 4795 ln
554 4741 622 4796 Lod.
642 4746 776 4816 scriptum
796 4759 837 4796 ess
856 4741 1009 4796 PROCOS.
1028 4760 1075 4816 per
1095 4744 1296 4820 compendium.

127 4845 250 4886 mussa
265 4847 288 4886 in
303 4843 347 4886 cie.
362 4844 407 4884 Vel.
422 4842 448 4884 V.
462 4843 482 4884 2

513 4917 518 4955 l
