3210 5280
580 238 630 302 lu·
650 234 975 303 Mlnouluunut.
1386 237 1427 301 39

126 377 261 450 Miloni,
293 378 352 440 sed
379 378 489 450 etiam,
519 389 653 458 propter
676 377 809 441 inrisum
835 377 1063 459 patrocinium,
1096 375 1261 440 Ciceroni.
1310 379 1428 441 Postea

123 469 299 551 Pompeios
328 481 361 532 et
386 469 541 533 Salustius
558 470 602 532 ‘in
626 471 803 550 suspicione
831 472 958 533 suerunt
987 470 1018 532 in
1047 470 1178 553 gratiam
1208 468 1325 532 redisse
1356 491 1427 531 cum

122 563 248 627 Hiione
277 583 316 623 ae
341 560 510 626 Cicerone.
566 564 700 626 Plancus
733 575 834 624 niuem
864 562 1060 629 infestissime
1089 563 1245 643 perstitit,
1282 574 1374 645 atquc
1395 561 1427 624 iu

121 652 314 721 Ciceronem
337 675 465 737 quoque
487 655 709 717 multitudinem
733 655 911 737 instigarit3
940 655 1097 736 Pompeio
1126 668 1226 718 etitem
1249 667 1426 736 suspectum

120 746 258 812 iaciebat
279 747 455 819 Milonem,
479 749 518 808 ad
539 746 706 826 perniciem
731 748 797 809 eiius
819 749 996 829 comparari
1013 750 1074 811 vim
1093 749 1304 823 vociferatum
1328 751 1452 813 Pom-i

122 840 276 923 petoque
309 842 355 904 ob
381 861 416 902 ea
441 841 563 920 saepius
585 842 794 922 querebatur,
825 841 892 903 fieri
926 843 985 904 sibi
1007 864 1135 926 quoquc
1158 843 1302 914 insidias,
1335 853 1366 906 et
1396 843 1427 904 id

120 934 242 1015 peirn,
266 953 305 996 ac
327 933 447 995 maiore
469 954 616 995 montisc
638 937 790 999 arctabat.
834 934 1000 996 Dicturum
1023 957 1151 1018 quoque
1170 935 1253 999 mern
1276 933 1426 998 Ciceroni

121 1026 260 1091 Pisaeus
288 1027 491 1098 ostendebam
521 1037 629 1105 postes
657 1024 824 1105 aitteut‘Q.
852 1029 1021 1108 Pompeius
1046 1016 1125 1090 idem
1156 1031 1321 1090 meditatus
1344 1038 1425 1089 erat.

120 1122 223 1185 Tanta
244 1129 351 1182 mosen
371 1118 545 1182 constantia
567 1139 603 1181 ac
624 1118 700 1180 tides
721 1118 780 1180 fuit
802 1117 986 1196 Ciceronis,
1009 1132 1042 1182 ut
1058 1142 1119 1183 oon
1135 1120 1245 1201 populi
1267 1141 1335 1182 ase
1350 1119 1425 1181 alie·

119 1212 270 1287 natione,
295 1234 360 1277 ooo
381 1211 444 1276 Cn.
466 1210 612 1291 Pompeii
632 1211 879 1292 suspicionibus,
905 1213 1121 1295 cooperiendi
1148 1211 1245 1275 futuri
1276 1226 1376 1287 ructu,
1400 1209 1425 1272 si
1439 1206 1469 1274 ¹⁰

118 1306 185 1369 dies
210 1307 253 1367 sd
280 1306 432 1384 populum
454 1305 629 1380 diceretur,
652 1326 717 1367 non
739 1305 850 1380 arinis,
874 1329 954 1390 quae
970 1308 1070 1388 petam
1087 1307 1117 1368 in
1132 1307 1287 1369 Milonem
1302 1318 1423 1386 sumpta
1436 1312 1498 1368 [¹⁴⁷1

117 1410 229 1474 mot,
252 1398 406 1460 deterreri
429 1399 568 1479 potuerit
589 1418 606 1459 a
627 1398 809 1460 defensione
824 1398 906 1472 eius,
929 1419 998 1460 cirin
1015 1410 1122 1479 posset
1137 1419 1229 1460 oume
1253 1397 1424 1479 periculum

117 1512 210 1553 surim
242 1502 277 1555 ct
304 1492 510 1555 offensionem
539 1489 681 1553 inimicae
711 1490 913 1553 ruiiltitudinis
942 1493 1112 1566 declinare,
1148 1492 1300 1554 redimere
1323 1501 1424 1553 atatem

117 1582 183 1648 cn.
207 1584 357 1665 Pompeii
378 1585 530 1658 adituum,
553 1584 581 1646 si
602 1584 726 1664 paulum
749 1605 789 1645 ex
811 1584 915 1647 studio
938 1583 1126 1646 defensionis
1148 1583 1331 1646 remisisset.

203 1677 336 1740 Perlata
358 1677 466 1739 deiude
488 1677 559 1759 lege
583 1675 746 1756 Pompeii,
769 1675 800 1738 in
822 1698 881 1759 que
904 1676 936 1738 id
957 1697 1084 1760 quoque
1110 1676 1260 1756 scriptum
1284 1687 1368 1749 erat,
1394 1668 1469 1736 utl⁵

116 1781 275 1854 quaestor
296 1770 450 1854 suffragio
465 1770 630 1851 populien
645 1767 701 1842 iis,
726 1768 780 1853 qui
794 1770 939 1831 consertes
955 1770 1095 1844 tuerent,
1118 1781 1298 1843 crearetur,
1322 1769 1425 1830 statim

117 1863 248 1927 consitis
279 1862 406 1936 habuit,
437 1875 624 1945 creatusque
657 1873 724 1922 erat
756 1862 801 1923 1..
833 1861 989 1926 Domitius
1021 1864 1232 1925 Acuobarturs
1265 1873 1425 1943 quaestor.
1487 1914 1490 1918 .

118 1956 269 2021 Aliorum
290 1977 418 2040 quoque
438 1955 591 2029 iudicum,
617 1954 670 2036 qui
691 1958 729 2016 dc
751 1975 787 2015 ea
802 1975 837 2016 re
852 1954 1041 2028 iudicarent,
1066 1955 1237 2036 Pompeius
1256 1955 1330 2015 tales
1349 1975 1426 2033 pru·

118 2050 248 2130 posuit,
274 2060 307 2110 ut
330 2070 484 2130 nunquam
504 2067 605 2130 neque
626 2047 776 2111 clariores
800 2047 905 2121 viros,
929 2070 1029 2130 neque
1052 2049 1224 2111 sanctiores
1243 2047 1426 2127 propositos

114 2163 186 2204 esse
202 2153 377 2205 constaret.
420 2143 501 2204 Post
517 2142 603 2224 quod
617 2140 719 2201 statim
736 2160 817 2203 nora
832 2140 903 2223 lege
915 2142 952 2204 M
957 2141 999 2204 iio
1014 2141 1190 2222 postulatus
1207 2154 1253 2203 est
1270 2162 1286 2202 a
1302 2143 1425 2202 driubus
1438 2139 1470 2186 ²⁰

218 2261 242 2310 1.
262 2252 430 2317 sedetiam,
460 2260 576 2322 propter
594 2255 714 2301 inuisum
729 2257 929 2321 patrocinium,
960 2252 1101 2321 Ciceroni]
1131 2251 1181 2302 sed
1204 2257 1288 2302 stiam
1310 2261 1428 2319 propter

102 2333 246 2380 inensam
265 2328 408 2380 Ciceronis
430 2330 616 2398 patrocinium
644 2325 734 2378 Prino.
755 2324 860 2378 uersu.
882 2351 917 2366 ···
935 2325 1086 2377 sedetiam
1102 2335 1218 2396 propter
1236 2330 1356 2376 invisum
1375 2325 1427 2376 Ci-

119 2408 218 2455 ceroni
235 2407 421 2457 patrocinium
440 2399 498 2454 Ald.
512 2400 596 2471 Lugd.
609 2399 686 2452 Meo.
701 2428 733 2440 —
748 2398 799 2450 sed
815 2406 901 2451 etiam
913 2401 1039 2452 Ciceroni
1053 2408 1169 2470 propter
1188 2404 1307 2450 inuisum
1323 2407 1427 2469 patro·

119 2483 227 2531 cuiiiem
243 2475 312 2529 Lod.
331 2507 365 2518 -
384 2475 435 2527 sed
452 2481 506 2546 ipsi
524 2481 607 2526 etiam
624 2482 739 2544 propter
759 2479 877 2526 invisum
894 2480 1094 2546 patrocinium,
1117 2475 1244 2526 Ciceroni
1262 2475 1325 2526 Hot.
1346 2477 1427 2523 ‘lieu

218 2559 246 2608 2.
264 2557 294 2602 in
319 2557 471 2623 suspicione
493 2551 610 2617 fuerunt
634 2555 664 2600 in
688 2554 816 2618 gratiam
840 2549 955 2616 redisse]
994 2553 1034 2603 De
1053 2554 1258 2603 constructione
1283 2547 1427 2602 verborum

122 2626 178 2681 eid.
199 2626 322 2698 Madvig.
342 2628 374 2679 ed
396 2644 422 2697 p.
442 2632 487 2686 95.
507 2627 571 2678 Hor.

200 2700 272 2752 titt.
290 2703 454 2770 suspicione]
477 2704 628 2768 suspitione
648 2698 739 2752 Prino.
759 2695 866 2752 Beseld.
904 2697 951 2752 stc
971 2697 1137 2772 pierumque.

199 2775 271 2830 ibid.
281 2775 416 2846 ficerunt]
430 2773 555 2845 scierant
576 2775 667 2826 Prino.
686 2770 794 2826 Benld.

201 2849 273 2905 thid.
293 2849 412 2919 redisse]
441 2849 556 2900 rediisse
575 2846 681 2900 Bersid.
704 2845 771 2900 Lod.

219 2931 247 2983 5.
267 2930 424 2994 comparari
442 2926 512 2990 uim]
544 2924 627 2993 bugd.
652 2921 717 2974 Hot.
737 2920 815 2975 Man.
834 2921 915 2976 Creu.
933 2950 970 2965 -
989 2928 1164 2992 comparavit
1182 2939 1242 2972 eum
1261 2924 1375 2994 priores.
1395 2946 1430 2960 -

122 3000 202 3071 qu,
220 3006 380 3067 comparari
396 2999 482 3052 vim.’'
510 2996 655 3050 MANUT.
675 3000 702 3047 in
723 2994 809 3067 Lugd.

218 3076 248 3131 6.
267 3073 446 3144 querebatur]
477 3071 660 3142 quaerebatur
682 3074 770 3124 Prino.

218 3154 246 3204 7.
266 3156 294 3199 et
312 3147 344 3199 id
357 3148 468 3219 palam]
495 3154 523 3198 et
540 3144 603 3197 ideo
618 3145 714 3215 palam
735 3143 803 3198 Lod.

219 3226 238 3278 8
268 3222 350 3289 Mem]
378 3221 439 3275 Ald.
459 3237 486 3274 et
505 3237 578 3291 seqq.
599 3249 636 3262 ·-
654 3217 718 3270 inde
738 3221 828 3272 Prino.
850 3217 957 3274 Beseld.

201 3295 274 3350 thid.
294 3299 455 3364 meditatus]
475 3299 566 3350 Ptine.
585 3292 693 3349 Beruid.
714 3291 774 3346 sid.
797 3295 863 3346 Lod.
882 3323 918 3336 -
937 3298 1080 3346 niinitatus
1098 3297 1191 3344 reteri.
1210 3321 1248 3333 -
1266 3291 1360 3361 „Ego,
1380 3298 1433 3341 mi-

124 3376 239 3423 nitatus
256 3381 335 3424 erat:
363 3373 434 3443 quod
461 3371 527 3424 haee
546 3371 626 3422 rerba
651 3368 766 3420 alterum
788 3386 837 3439 pro
856 3369 942 3421 altero
961 3367 1106 3439 aliquando
1128 3372 1214 3437 posits
1237 3364 1431 3427 annuntium,

123 3463 156 3499 ot
170 3452 198 3499 io
212 3460 282 3499 orit.
296 3463 345 3518 pso
359 3447 421 3498 Sex.
436 3447 549 3498 Roscio:
569 3443 650 3513 de
667 3449 748 3495 aiisnt
765 3444 842 3494 ilium
861 3447 927 3496 See.
941 3444 1037 3496 Roscio
1056 3447 1208 3492 intentasse
1227 3449 1255 3491 et
1275 3447 1433 3491 rrsinituturn

124 3539 202 3572 esse:
221 3538 277 3592 qno
296 3526 362 3574 trem
382 3519 444 3574 loco
463 3520 626 3572 meditatum
645 3534 708 3570 ente
728 3517 895 3589 tegebaris·
915 3518 1058 3571 MANUT.
1079 3523 1106 3569 in
1129 3518 1212 3586 Lugii.

204 3603 248 3650 tu
269 3595 402 3664 Pompeii]
433 3595 545 3664 Pompei
563 3595 653 3646 Princ.
673 3591 735 3646 Alii.

202 3668 274 3723 thid.
289 3671 407 3740 periculi
418 3668 518 3740 fictici
535 3671 622 3734 metu]
658 3666 741 3738 Lugd.
763 3669 827 3720 Hot.
846 3667 924 3720 Mna.
944 3666 1025 3718 Creo.
1050 3694 1088 3706 -
1109 3665 1261 3734 periculum
1279 3662 1431 3734 frustrum,

128 3751 159 3796 ni
179 3746 272 3800 Ptine.
293 3743 398 3798 Bereid.
420 3742 477 3797 nid.
498 3772 534 3785 -
550 3743 672 3812 pericido
682 3742 808 3810 futtuo,
828 3747 854 3794 ei
874 3739 941 3794 Lod.

204 3831 249 3876 11.
267 3824 293 3870 si
311 3819 385 3889 dies]
406 3821 497 3872 Prior.
515 3817 623 3872 Berold.
644 3815 705 3871 itu.
726 3815 794 3871 Lod.
817 3846 849 3858 -
869 3821 895 3867 si
913 3815 966 3867 sihi
985 3819 1044 3870 dies
1063 3817 1158 3868 ceteri.
1268 3878 1271 3891 ‚

203 3892 276 3947 lbtd.
295 3893 444 3960 diceretur]
464 3893 569 3945 diceret
589 3894 678 3945 Ptine.
699 3889 760 3946 ild.

205 3973 252 4023 te.
272 3967 446 4037 defensione]
479 3967 668 4036 defensionem
695 3969 786 4019 Prino.

205 4045 250 4099 13.
269 4045 407 4110 inimicae]
442 4046 608 4093 inimiciciae
632 4040 740 4095 Betiti.

202 4117 274 4171 ibid.
294 4119 402 4187 aretem]
423 4119 513 4171 Prino.
531 4118 640 4170 Betiti.
662 4145 691 4157 —
713 4120 797 4166 stiam
817 4110 876 4166 ΔΜ.
895 4129 922 4167 et
942 4129 1016 4185 seqq.

205 4195 251 4249 15.
271 4192 409 4262 Pompeii]
438 4191 550 4261 Pompei
571 4194 662 4245 Prino.
684 4189 743 4244 sid.

204 4270 250 4323 16.
269 4269 410 4334 quaestor]
429 4268 532 4319 ·Prinr.
559 4264 666 4319 Bersld.
691 4264 758 4318 Lod.
780 4293 810 4305 -
836 4267 976 4333 quaesitor
995 4263 1091 4314 ceteri.
1129 4257 1181 4315 Sed
1201 4256 1262 4313 eide
1282 4259 1437 4314 Gesnerom

127 4344 159 4393 io
179 4340 308 4394 theseoro
328 4358 350 4394 s.
371 4361 396 4396 v.
416 4348 568 4409 quaesitor.
587 4337 635 4392 cir.
655 4340 739 4392 Corte
760 4336 793 4390 id
813 4337 912 4391 Seiust.
934 4338 991 4408 lug.
1009 4353 1034 4388 c.
1053 4336 1099 4392 do.
1245 4334 1249 4341 ¹

205 4420 249 4474 17.
271 4416 302 4469 L.
322 4416 476 4481 Domitiam]
510 4416 574 4468 Hor.
593 4415 672 4467 Man.
691 4415 772 4466 Creo.
792 4442 829 4456 -
850 4414 899 4465 Cn.
916 4411 1058 4463 Domitius
1077 4408 1137 4462 edd.
1157 4413 1279 4480 priores,
1310 4405 1438 4477 frequen-

128 4495 238 4544 sissima
257 4486 426 4543 confusione.
447 4487 490 4543 Cf.
510 4504 570 4562 1³²ss-
590 4493 654 4547 152.
673 4488 739 4542 Hot.
757 4517 787 4530 -
803 4491 879 4558 ¹,Pro
899 4487 949 4538 Cn.
969 4489 1076 4559 reposui
1097 4485 1129 4538 Ι..
1148 4499 1209 4534 nem
1231 4485 1282 4534 Cn.
1298 4485 1437 4535 Domitius

126 4563 183 4616 init
202 4580 388 4637 cognomento
406 4562 551 4628 Calvinus,
571 4563 670 4616 Lucius
691 4577 780 4615 sotem
805 4559 1015 4627 Ahenobarbus,
1035 4563 1095 4627 hie,
1113 4562 1159 4630 qui
1179 4562 1317 4630 quaesitor
1337 4555 1387 4608 [uri
1410 4576 1438 4608 ru

129 4654 212 4693 esuis
235 4639 366 4702 Milonis,
386 4637 418 4691 de
438 4657 492 4709 qno
512 4655 539 4692 er
560 4642 588 4690 in
607 4637 759 4708 oratioue.”
792 4635 935 4690 MANUT.

205 4713 276 4767 itud.
294 4715 438 4787 quaestor]
472 4717 561 4766 Priue-
582 4711 687 4767 Deroid.
707 4741 744 4754 -
763 4719 905 4780 quiaesiior
926 4707 985 4763 did.
1004 4727 1030 4763 et
1049 4723 1124 4782 seqq.

206 4793 253 4846 20.
270 4789 431 4860 postulatus
449 4797 490 4840 est
509 4792 540 4857 a]
569 4787 669 4843 Deerit
689 4784 845 4867 essequod
865 4783 1018 4839 addendum
1038 4787 1105 4840 uidit
1125 4781 1288 4856 Madvigius.
