3210 5280
560 253 611 318 IN
634 252 997 323 coementariam.
1394 254 1432 318 61

118 395 212 472 ideo,
232 396 326 479 quod
345 393 446 457 lectus
464 392 510 457 eit
524 396 628 459 codex
650 415 668 458 a
688 394 836 469 miliano,
859 393 1049 459 imminutam
1071 414 1141 458 esee
1155 391 1358 458 tribuniciam
1372 415 1433 477 po·

120 498 282 552 testatem.
338 487 412 566 Qua
437 506 517 550 vern
544 498 613 549 arte
640 497 673 551 et
695 487 825 551 scientia
849 486 1022 564 orationis,
1059 487 1102 551 ita
1131 499 1165 550 nt
1195 499 1227 550 et
1254 488 1432 572 dignitatem
1442 503 1489 561 [ιιι

119 580 372 645 clarissimorum
397 578 530 654 civium,
565 590 676 644 contra
704 600 787 664 quoa
819 581 960 655 dicebat,
993 603 1056 644 nou
1085 580 1237 656 violaret,
1271 594 1302 643 et
1329 594 1433 645 tamen

121 674 314 738 auctoritate
344 693 456 736 eorum
484 673 567 739 laedi
594 694 684 738 reum
715 685 982 754 propalaretur,
1019 686 1196 758 quantaque
1218 676 1433 739 moderatione

120 788 190 831 rem
211 780 275 829 tam
298 764 454 829 difficilem
477 765 547 829 aliia
569 763 766 839 tractaverit,
791 764 885 829 lectio
899 765 966 847 ipsa
982 767 1167 831 declarabit.
1210 767 1458 831 Adiumentum⁵

116 875 221 924 autem
244 860 371 935 habuit,
402 861 506 941 quod,
535 859 618 925 sieut
639 858 788 932 diximus,
812 855 981 925 Cornelius
1003 872 1129 942 praeter
1156 861 1339 923 destrictum
1353 882 1431 942 pro·

119 953 263 1035 positum
285 955 439 1015 adversus
462 952 635 1033 principum
658 951 849 1014 voluntatem
871 966 996 1016 caetera
1012 954 1077 1016 vita
1092 954 1169 1016 nihil
1184 954 1324 1028 fecerat,
1348 956 1435 1038 quod

123 1066 244 1130 nagno
266 1065 368 1126 opere
394 1045 651 1125 improbaretur3
687 1057 870 1129 praeterea,
903 1049 987 1129 quod
1014 1059 1045 1108 et
1072 1047 1139 1128 ipse
1167 1048 1343 1124 Globulus,
1380 1044 1434 1131 qui

123 1140 370 1213 intercesserat,
396 1141 502 1200 aderat
526 1138 699 1214 Cornelio,
722 1151 772 1217 et,
795 1141 881 1224 quod
901 1138 1002 1223 ipeum
1024 1161 1151 1224 quoque
1172 1139 1323 1216 diximus,
1348 1142 1434 1224 quod

123 1231 298 1296 Cornelius
320 1231 467 1312 Pompeii
489 1231 601 1314 Magni
630 1244 781 1315 quaestor
807 1232 913 1295 fuerat
933 1235 1016 1315 apud
1037 1235 1112 1296 duaa
1144 1276 1431 1297 .........
1444 1238 1475 1288 ¹⁰

125 1369 171 1389 ..
198 1370 209 1387 .
254 1324 469 1406 praefecturas
491 1327 628 1406 equitum
652 1327 867 1389 Romanorum
896 1337 927 1388 et
955 1326 1083 1388 tribuno
1107 1368 1432 1390 ..........

125 1461 136 1481 .
161 1460 172 1481 .
196 1428 229 1479 et
251 1439 292 1480 ex
313 1415 406 1479 tertia
427 1438 554 1502 quoque
576 1428 665 1498 parte
687 1459 1074 1482 ............
1096 1419 1178 1499 apud
1192 1417 1360 1501 plerosque
1376 1440 1433 1481 ea·

124 1509 228 1592 ceptis
250 1509 288 1572 iia
312 1552 566 1574 ........
589 1509 750 1573 familiaria
770 1511 948 1594 principum
970 1513 1116 1575 civitatis.
1153 1578 1156 1583 Δ

209 1604 278 1667 Res
300 1614 367 1664 acta
387 1613 435 1663 eet
449 1622 563 1686 magno
578 1614 736 1666 conventu
751 1624 925 1690 magnaque
940 1604 1194 1687 exspectatione,
1218 1604 1287 1687 quie
1302 1615 1432 1666 eventus

124 1694 233 1758 iudicii
252 1696 380 1760 intuma
403 1707 485 1759 earet
514 1737 873 1762 ...........
906 1700 938 1762 Α
959 1698 1086 1761 cummis
1108 1700 1186 1762 viris
1208 1700 1271 1762 dici
1292 1692 1475 1760 testimo-¹⁵

221 2046 248 2096 1.
266 2058 323 2092 nou
341 2039 404 2092 ideo
423 2040 510 2112 quod]
537 2040 606 2094 Lod.
624 2056 651 2095 et
670 2058 745 2113 teqq.
765 2068 794 2082 -
819 2057 874 2091 non
892 2040 974 2093 video
992 2040 1067 2112 quod
1083 2042 1175 2097 Ptine.
1194 2041 1302 2095 Berald.
1320 2070 1358 2083 -
1379 2057 1435 2093 nort

123 2115 188 2168 a'deo
206 2135 260 2187 quo
278 2121 304 2166 si
324 2114 385 2169 ΔΜ.

200 2190 273 2244 ibid.
292 2207 351 2241 aare
371 2189 561 2259 tribuniciam]
581 2208 640 2242 cese
660 2195 689 2240 in
708 2188 882 2241 tribunitiam
902 2191 994 2243 Prine.

222 2271 249 2325 3.
268 2269 420 2333 etiamn]
449 2264 557 2320 Berald.
579 2263 649 2319 Lod.
670 2264 756 2336 Lngd.
776 2266 841 2317 llor.
861 2265 942 2318 Cren.
971 2292 1006 2308 -
1033 2272 1190 2317 eremium
1208 2266 1297 2320 Princ.
1317 2262 1380 2320 Ali.
1398 2291 1434 2308 -

123 2349 220 2391 tanen
239 2341 310 2413 (om.
332 2338 372 2412 ei)
391 2342 467 2394 itm.

221 2418 248 2472 ir.
268 2414 354 2481 laedi]
381 2414 435 2465 ledi
455 2417 546 2469 Princ.

216 2495 244 2547 7.
262 2487 426 2541 destrictum
442 2493 616 2558 propositum
635 2489 703 2553 cem]
725 2487 789 2556 „lta
810 2485 959 2539 destrictus
977 2485 1048 2561 apud
1071 2489 1224 2559 Auguereae
1244 2492 1341 2541 aeraria
1359 2492 1435 2540 acri-

125 2580 222 2638 ptom
242 2580 297 2615 non
317 2564 436 2629 dicitur,
455 2562 561 2616 Claudii
582 2578 608 2614 er
628 2563 745 2616 Neronia
766 2577 853 2614 aetate
872 2578 962 2636 caepe.
1001 2566 1118 2627 <luicio
1137 2560 1200 2615 addi
1221 2579 1308 2633 patrer
1329 2581 1435 2635 praeter

126 2642 243 2695 Arrenii
272 2637 363 2690 locum
389 2638 550 2690 destrictum
576 2641 761 2687 testimonium
779 2656 812 2688 ex
831 2636 890 2690 Val.
912 2639 987 2691 Max.
1008 2636 1083 2692 Vlll.
1102 2642 1135 2701 5,
1156 2643 1182 2692 2.
1221 2639 1302 2691 Recte
1323 2642 1434 2693 Aeconil

125 2714 216 2767 editio
235 2717 325 2786 prima
344 2711 507 2765 destrictum
527 2709 607 2764 habet
636 2711 803 2780 [districtum
830 2711 915 2783 Lngd.
934 2714 999 2764 Hor.
1021 2715 1096 2765 Man.
1118 2712 1228 2780 Cremla
1256 2719 1333 2786 origo
1354 2714 1434 2765 huius

125 2786 237 2840 dicendi
259 2804 323 2840 neue
343 2793 461 2860 perepici
482 2802 569 2859 porcat
591 2805 622 2838 ex
642 2787 736 2839 Seuer.
755 2785 788 2838 de
809 2790 849 2838 ira
868 2787 907 2838 ll.
927 2796 970 2844 10.
984 2786 1018 2839 cl.
1032 2786 1065 2839 de
1079 2785 1167 2841 benel.
1181 2787 1229 2840 Vl.
1242 2787 1287 2848 ai.
1307 2789 1435 2841 Extrema

125 2879 215 2915 aerare
235 2861 379 2913 destriciia
399 2880 448 2934 pro
466 2867 617 2912 severitate
637 2860 794 2920 macharum
823 2876 897 2913 certe
917 2866 956 2914 im
976 2867 1087 2934 scripsit
1105 2860 1306 2935 Caeaiodorue.)
1344 2866 1437 2935 lpenm

122 2942 266 3009 propriu
284 2936 448 2989 vocabulum
468 2953 518 3010 pro
537 2934 709 2990 cubitantivo
728 2935 822 2989 addito
841 2933 977 2990 adieetlvo
996 2942 1116 3010 porinum
1132 2937 1234 3009 aliquid
1253 2942 1316 2990 noel
1336 2938 1436 2990 habere

126 3011 262 3065 viderur.”
284 3012 400 3064 MADV.

219 3091 246 3145 8.
262 3094 413 3157 praeterea
430 3083 504 3155 quad
520 3092 548 3137 ei
565 3085 634 3155 ipse]
675 3084 766 3136 Ptine.
785 3080 893 3140 Berald.
914 3081 980 3136 Lod.
1012 3113 1042 3125 -·
1069 3095 1219 3156 praeterea
1244 3095 1273 3138 et
1297 3091 1355 3157 ipse
1374 3084 1441 3140 nli.

127 3157 216 3232 Lngd.
237 3160 315 3213 Man.
336 3158 431 3231 Sigon.
449 3167 652 3229 -praeterea
672 3157 746 3228 qieod
762 3162 820 3228 ipse
839 3159 905 3212 llot.
925 3161 1005 3212 Creu.

219 3237 248 3291 9.
270 3240 316 3304 qui
335 3239 550 3298 intercesserat,
575 3233 687 3298 aderat]
724 3230 811 3304 Lugd.
828 3232 892 3286 ssot.
912 3236 989 3289 Man.
1007 3233 1090 3288 Creu.
1109 3264 1146 3278 -
1165 3241 1211 3304 qui
1228 3270 1237 3289 .
1257 3272 1266 3289 .
1285 3273 1293 3289 .
1313 3273 1321 3289 .
1340 3273 1350 3290 .
1369 3273 1405 3292 .·
1444 3273 1453 3290 .

126 3316 206 3360 errat
223 3308 327 3361 aderat
346 3310 439 3362 Princ.
461 3307 523 3363 Ald.
541 3336 579 3350 -
597 3313 643 3376 qui
660 3307 761 3358 adera!
784 3306 890 3361 Berald.
912 3307 977 3362 Lod.

203 3382 277 3436 lbid.
298 3384 423 3436 Cornelio
442 3391 470 3434 et
488 3381 571 3452 prend]
594 3385 658 3435 Hor.
679 3384 758 3435 Creu.
780 3409 816 3423 —
836 3382 963 3434 Cornelio
982 3382 1056 3454 quod
1071 3386 1168 3436 ceteri.

202 3465 248 3515 11.
268 3457 339 3509 duas
357 3456 376 3491 ἢ
391 3457 602 3529 praefecturas]
644 3457 752 3508 Lacuna
777 3458 900 3529 neglecta
926 3473 966 3511 ιιι
990 3457 1132 3512 aBerald.
1152 3456 1219 3511 Lod.
1239 3457 1323 3532 Lngd.
1344 3459 1438 3532 Sigon.

128 3534 209 3586 Creu.
240 3560 272 3573 -
304 3533 459 3602 „lnurilem
489 3528 645 3601 corrigendi
673 3547 783 3603 operam
811 3549 867 3585 non
896 3549 956 3585 eum
978 3549 1033 3586 ιιιιι
1061 3536 1185 3605 ineptae,
1216 3550 1246 3587 ut
1274 3540 1434 3607 raecipiam.

128 3607 251 3660 Tantum
270 3606 350 3672 dieo,
371 3611 520 3661 Aeconium
539 3623 594 3659 nan
614 3602 647 3658 de
663 3605 855 3677 praefecturis
871 3613 964 3660 neeric
984 3606 1081 3680 quibua
1095 3612 1253 3679 aeripeiaee.
1272 3608 1333 3677 red,
1353 3627 1437 3680 quum

130 3680 233 3735 ludicen
248 3700 282 3735 ex
297 3680 384 3735 tribue
398 3682 516 3735 decuriie
529 3695 635 3744 cuent,
654 3679 817 3744 aduenae,
838 3680 904 3735 duaa
918 3681 1059 3747 decurias,
1076 3687 1198 3753 equitnm
1211 3697 1238 3737 et
1254 3685 1438 3750 tribunorum,

129 3756 277 3819 Cornelio,
317 3757 423 3829 cpulari
443 3757 568 3821 homini,
586 3772 642 3807 non
662 3754 774 3821 iniectae
794 3753 908 3810 inieeei’
936 3758 1054 3812 MADV.

200 3828 273 3885 ibid
292 3776 489 3902 Romanorum]
522 3846 577 3884 om.
599 3827 666 3883 Lnd.

202 3910 248 3961 12.
268 3907 379 3958 tribum
397 3904 417 3939 ἦ
435 3910 476 3975 ei]
515 3907 605 3959 Princ.
626 3901 687 3958 ild.
708 3903 773 3958 Hor.
793 3904 871 3957 Man.
899 3933 937 3948 -
965 3904 1092 3970 tribuno,
1121 3914 1149 3957 ei
1167 3899 1276 3961 Berald.
1296 3905 1381 3979 lugd.
1400 3936 1439 3951 -

129 3977 258 4031 tribum
275 3989 304 4034 ee
323 3979 391 4036 Lod.
410 4010 446 4023 -
465 3980 594 4031 tribunos
612 3987 640 4030 ei
660 3978 741 4032 Cred.
760 4007 796 4020 -
815 3980 988 4031 tribunorum
1007 3988 1033 4032 ei
1053 3984 1148 4053 Sigon.
1167 4010 1203 4023 -
1222 3980 1377 4054 legendum
1399 3987 1439 4035 ri·

128 4050 207 4109 detur
225 4055 399 4108 tribunorum
416 4061 592 4107 aerariorum
611 4061 639 4104 et
657 4069 711 4106 cet.
730 4051 793 4107 vid.
812 4054 847 4106 ad
867 4069 927 4127 pag.
947 4058 1010 4112 115.
1031 4056 1097 4109 Hor.

203 4128 277 4184 lbld.
294 4140 378 4200 parte
398 4126 416 4162 ’Ψ
434 4129 519 4200 apud]
540 4131 677 4182 Lacunam
699 4127 875 4200 neglexerunt
893 4126 1002 4184 Berald.
1020 4128 1085 4183 Lod.
1100 4129 1186 4202 Lngd.
1206 4128 1302 4201 Sigon.
1320 4131 1400 4184 Creu.

204 4208 250 4264 13.
268 4209 305 4256 iie
322 4202 341 4238 ⁴*
351 4203 524 4275 familiaris]
552 4206 663 4259 iliarum
683 4219 739 4256 non
759 4202 914 4257 indlcarunt
933 4203 1039 4258 Berald.
1060 4204 1126 4258 Lod.
1147 4203 1234 4276 Lngd.
1247 4205 1341 4278 Sigon.
1355 4207 1438 4258 Creu.

128 4309 165 4323 -
181 4279 267 4349 ‚Nlal
287 4278 434 4333 admodum
454 4277 553 4344 fallor,
569 4282 703 4333 Aeconiue
724 4292 830 4350 patrem
851 4279 991 4341 Cornelii,
1010 4295 1066 4330 non
1086 4280 1253 4345 Cornelium,
1276 4280 1438 4352 algnificavit

129 4351 213 4407 iniaee
224 4352 405 4423 familiarem
420 4359 576 4425 principum
595 4358 736 4417 civitatis,
758 4367 787 4404 ιιι
807 4370 907 4406 namen
922 4369 949 4406 er
963 4359 1192 4410 commemoratio
1206 4353 1328 4427 pluribua
1347 4354 1437 4408 nerliia

129 4431 327 4501 comprehensa
347 4444 452 4500 practer
472 4427 524 4481 alla
545 4425 716 4482 interclderlt
736 4431 863 4480 lareriis
881 4424 1091 4498 etjiamiliaria.
1129 4430 1191 4483 Non
1210 4444 1360 4502 pancorum
1379 4447 1438 4482 rer-

128 4501 226 4557 berum
246 4521 305 4557 erae
323 4502 433 4557 lacunae
452 4518 585 4556 extremae
604 4503 685 4555 holm
704 4502 775 4566 loei,
796 4519 870 4574 patet
889 4521 921 4555 ex
941 4507 991 4566 ila,
1012 4519 1081 4574 quie
1099 4504 1142 4555 hie
1163 4502 1327 4576 reapondcnt
1346 4523 1372 4577 p.
1391 4508 1437 4562 93.

129 4576 175 4631 abi
195 4593 280 4651 paene
300 4593 357 4632 rora
378 4583 499 4631 narratio
518 4576 550 4630 de
571 4575 675 4630 iudicio
695 4574 850 4631 Maniliano
878 4592 906 4630 er
926 4575 1029 4633 redttna
1048 4576 1082 4630 ed
1102 4582 1288 4632 narrationem
1308 4576 1343 4631 de
1363 4579 1438 4631 Cor-

129 4653 237 4706 neliano
256 4653 391 4706 inreritu'·
421 4652 539 4706 ΜΛΝ.
576 4650 656 4704 Cani.
675 4650 709 4704 ad
728 4666 791 4723 pag.
809 4655 854 4710 96.
874 4652 941 4708 llot.

200 4730 246 4784 ss.
264 4734 327 4798 quis
345 4728 471 4793 evertere]
491 4732 537 4797 qui
554 4734 670 4778 evenias
688 4723 797 4782 Berald.
819 4725 886 4782 tad.

201 4808 247 4862 15.
266 4810 340 4854 esset
358 4799 376 4835 ἦ
395 4801 437 4875 A]
456 4801 548 4857 Primo.
568 4800 629 4856 did.
648 4829 685 4846 -
707 4808 787 4856 emi.
806 4804 836 4855 A
853 4803 949 4857 aeteri.
