3210 5280
159 182 222 250 tes
333 246 338 256 ,
481 179 778 248 SCHOLIASTA
801 175 1141 244 GRONOVIANUS

241 332 356 412 Quum
384 324 452 407 hie]
495 321 589 388 Dixit
620 334 691 385 ante
719 342 800 385 rem.
852 318 955 386 Causa
980 315 1212 382 inimicitiarum
1238 327 1374 379 naturae
1404 336 1475 378 con·

160 420 300 485 veniens.
345 421 439 503 Ergo
455 418 527 504 quia
550 413 712 479 accusatio
726 414 853 478 illorum
869 416 909 478 ad
927 411 1143 479 defensionem
1166 409 1256 475 istius
1277 409 1474 494 pertinebat,

70 517 71 522 ’
158 537 216 598 pet·
238 513 504 596 comparationem
527 511 604 574 facit
625 521 732 591 caput.
1081 573 1086 584 ,
1180 545 1184 551 -

122 681 123 684 ,
242 608 306 675 Rei
318 606 538 700 familiaris]
562 607 637 670 IIoe
662 604 751 682 ideo,
775 604 848 690 quia
865 603 1011 668 dicebant
1025 600 1087 676 illi,
1112 599 1269 663 abiectum
1284 594 1477 660 hunesuiese

134 725 179 786 ,a
208 714 319 785 patre,
354 702 476 766 idcirco
509 701 597 765 illum
635 698 852 776 interfecisse,
888 697 982 762 dicite
1017 696 1189 772 „voluntas
1223 692 1309 778 patri
1343 691 1476 778 aequalis

159 797 243 861 eirca
265 797 362 860 hlium
385 796 480 860 fuit.''
1047 810 1052 828 ¹

245 892 297 956 19.
320 891 459 956 Primus
479 890 672 972 Ameriam]
694 891 803 974 Ipsum
826 889 896 954 vult
918 885 1017 952 videri
1032 883 1221 960 immissum,
1246 879 1303 968 qtri
1318 880 1478 946 occideret

159 983 326 1052 Roscium.

243 1077 408 1162 Quidam]
431 1077 562 1162 Duplex
585 1099 678 1141 causa
704 1076 911 1142 necessitatis.
956 1077 1038 1140 Nam
1062 1072 1164 1138 tenuis
1188 1071 1357 1155 corrumpi
1379 1070 1477 1154 potnit

119 1203 150 1253 ω
163 1165 345 1250 libertinus,
371 1172 427 1256 qiii
451 1172 544 1237 etiam
570 1172 730 1237 metuebat
753 1173 929 1237 offendere.

172 1286 178 1310 ·
244 1266 371 1350 cliens]
395 1269 472 1332 Hoc
494 1265 590 1342 mire,
614 1278 649 1331 ut
663 1267 703 1329 ab
718 1262 852 1329 inimicia
872 1267 913 1328 ad
927 1266 1056 1328 eaedem
1074 1263 1268 1327 subornatus
1282 1258 1343 1339 sit,
1368 1258 1475 1345 quibus

160 1358 228 1424 sine
251 1360 347 1424 dubio
371 1363 506 1424 debebat
531 1359 731 1447 obsequium.
842 1365 845 1375 '

245 1453 361 1536 Cisiis]
396 1456 504 1519 Genus
527 1454 665 1518 vehiculi
686 1451 816 1517 Gallici.

246 1548 299 1610 20.
325 1549 570 1629 Volaterrano]
599 1548 812 1611 Volaterrana
831 1545 942 1611 civitas
963 1543 1096 1620 dicitur,
1120 1563 1201 1627 quae
1219 1540 1377 1625 praecisis
1392 1539 1476 1605 undi-

120 1661 225 1726 15que
249 1640 403 1706 lateribus
427 1644 467 1705 ad
487 1663 597 1707 omnes
622 1653 726 1707 motus
752 1641 818 1705 alto
841 1663 876 1704 se
905 1650 1011 1703 rnonte
1036 1634 1210 1719 suspendit.
1254 1636 1349 1699 Haec
1370 1634 1473 1699 eiritm

163 1757 234 1798 cum
256 1735 366 1800 Mario
394 1747 550 1801 senserat.
595 1735 700 1799 Victis
729 1734 821 1799 etiam
851 1732 1007 1798 Marianis
1035 1732 1181 1815 partibus
1208 1726 1239 1792 in
1268 1731 1382 1794 eadem
1404 1749 1474 1794 con·

163 1826 277 1892 stantia
299 1829 533 1911 perseveravit.
572 1824 631 1894 'At
654 1826 755 1911 ipsam
778 1829 1021 1913 oppuguandam
1044 1826 1062 1860 ⁶
1084 1825 1101 1860 ⁰
1124 1823 1142 1860 ο
1162 1822 1180 1858 ⁰

249 1919 332 2003 Cap.
355 1923 440 1994 XII.
464 1923 482 1959 ⁰
505 1923 523 1959 ⁰
546 1922 563 1958 ο
590 1922 711 2005 patitur
732 1943 750 1985 a
772 1942 869 1985 servo
893 1938 1014 1998 exeo,
1039 1917 1096 2002 qni
1114 1915 1211 1993 facit,
1234 1915 1356 1994 idest,
1378 1915 1474 1996 Chry·

164 2034 321 2098 sogonna.
365 2018 459 2103 Ergo
489 2020 584 2082 modo
610 2031 682 2080 nata
714 2027 763 2080 est
784 2013 973 2100 indignitas,
1006 2033 1069 2077 non
1101 2034 1142 2076 ex
1166 2034 1227 2089 eo,
1263 2011 1319 2096 qtri
1346 2012 1471 2096 patitur,

121 2121 154 2172 tt
165 2105 238 2192 quia
256 2107 366 2173 Roscii
381 2131 517 2191 persona
535 2122 582 2175 est
598 2109 686 2186 vilis,
702 2113 759 2175 sed
774 2131 815 2173 ex
830 2129 888 2184 eo,
912 2107 967 2191 qui
980 2105 1075 2182 facit,
1099 2105 1131 2168 id
1146 2115 1212 2183 est,
1233 2104 1473 2192 Chrysogonus.

250 2199 334 2285 Cap.
358 2203 460 2268 XIII.
485 2205 538 2268 35.
562 2207 652 2269 Tres
672 2204 766 2285 sunt]
789 2201 926 2268 Partitio
949 2222 1074 2266 canisae.
1119 2201 1157 2265 ln
1181 2212 1248 2264 tres
1271 2213 1381 2283 partes
1403 2198 1475 2262 divi·

166 2294 261 2359 ditur.
306 2297 412 2361 Prima
435 2310 484 2361 est
504 2297 645 2363 defensio
669 2297 798 2374 Roscii,
822 2299 958 2359 secunda
981 2294 1142 2360 accersatio
1158 2294 1373 2371 Rosciorum
1395 2293 1476 2358 tertia

166 2390 205 2451 ad
226 2387 372 2451 invidiam
400 2389 608 2474 Chrysogoni
633 2390 793 2472 pertinet,
817 2411 898 2474 quae
922 2410 963 2452 ex
985 2386 1135 2472 potentia.
1150 2389 1303 2452 nascitur.

251 2483 304 2547 37.
328 2484 502 2550 Occidisse
520 2486 671 2568 patrem]
707 2483 846 2548 Extollit
872 2480 1116 2568 magnitudinem
1145 2480 1306 2560 criminis,
1340 2494 1374 2547 ut
1389 2481 1476 2562 sedes

123 2595 155 2645 ις
167 2577 354 2660 derogetur.
399 2577 527 2658 Quanto
543 2577 623 2640 enim
640 2599 785 2663 quaeque
808 2599 919 2662 magna
941 2589 1033 2654 sunt,
1057 2587 1146 2641 tanto
1167 2575 1201 2639 in
1223 2579 1385 2641 credendo
1407 2575 1476 2639 didi·

166 2668 250 2732 cilia.
295 2670 370 2734 Hoc
391 2669 425 2733 in
446 2671 682 2736 defensionibus
708 2683 795 2734 recte
821 2670 953 2735 facirnus
977 2679 1048 2733 aute
1069 2668 1315 2752 probationem
1339 2670 1371 2733 in
1393 2690 1476 2732 aceu-

167 2763 340 2826 sationibus
363 2776 463 2828 autem
479 2767 617 2847 probato
633 2763 762 2827 crimine
785 2767 935 2828 debemus
950 2784 1081 2847 augere.
1126 2764 1206 2828 Item
1223 2763 1303 2826 dixit
1317 2761 1473 2847 principia,

167 2855 245 2918 dixit
261 2858 493 2934 narrationem
519 2879 686 2933 excessus;
709 2878 791 2922 nunc
812 2879 961 2921 stammam
978 2856 1066 2921 dicit.
1110 2856 1237 2920 Summa
1253 2869 1359 2922 autern
1374 2857 1475 2921 dieitur

167 2949 306 3013 criminis
329 2952 493 3016 collectio.

124 3064 155 3114 ³⁰
251 3045 303 3107 38.
327 3047 453 3111 Nonne
475 3059 508 3110 et
529 3045 727 3128 medneinm]
763 3048 997 3134 Argumentum
1026 3066 1045 3109 a
1073 3064 1229 3128 persona,
1264 3043 1349 3110 sitne
1374 3044 1477 3110 idonea

167 3137 207 3198 ad
227 3136 445 3218 parricidium.

252 3230 336 3316 Cap.
367 3235 467 3299 xlv.
499 3236 552 3301 39.
590 3239 729 3300 Patrem
756 3235 894 3318 occidit]
931 3233 1106 3321 Congessit
1124 3235 1302 3299 ‘schemata
1333 3232 1477 3298 oratoria.

167 3325 249 3388 Nam
283 3348 342 3409 per
374 3329 588 3413 quaestionem
620 3340 876 3414 argumentatur;
913 3329 1153 3413 responsionem
1179 3327 1286 3416 facit..
1316 3329 1478 3410 Quotiens·

168 3439 291 3502 cunque
308 3421 490 3485 coniectura
506 3436 570 3500 est,
596 3444 715 3487 erumna
730 3422 879 3505 ponitur,
904 3423 1057 3507 incipiens
1073 3446 1091 3487 a
1107 3443 1223 3508 genere
1241 3421 1477 3496 criminationis,

125 3525 297 3577 tenaturae
319 3516 524 3579 conveniens.
568 3515 675 3582 Causa
706 3517 803 3593 lucri,
828 3539 921 3581 carisa
944 3516 1175 3581 inimicitiarum
1203 3527 1329 3598 patrem
1355 3515 1477 3587 occidite

168 3618 297 3672 naturae
319 3609 525 3676 couveniens.
569 3611 706 3676 Erucius
731 3612 826 3678 vellet
848 3624 953 3694 aptam
975 3610 1089 3676 sceleri
1112 3610 1281 3696 designare
1304 3630 1478 3694 personam.

167 3701 346 3785 Descripsit
367 3704 468 3768 seram
492 3708 645 3788 quandam
670 3706 767 3771 fuisse
793 3719 937 3769 nattrram
963 3704 1093 3779 Roscii,
1124 3704 1251 3768 dicens:
1284 3698 1480 3767 miraminisi

167 3797 228 3861 iste
249 3799 365 3876 bomo,
408 3797 463 3885 qui
500 3800 530 3863 iu
559 3822 640 3885 agro
673 3813 704 3864 et
734 3800 958 3864 solitudinibus
992 3821 1063 3862 curn
1092 3799 1180 3876 nullo
1209 3798 1330 3863 vixerit
1359 3842 1371 3863 .
1402 3842 1412 3862 .
1439 3837 1478 3858 ..

241 4063 268 4117 7.
287 4062 452 4128 immissum]
479 4074 518 4112 ω
541 4065 655 4111 missum
675 4058 741 4116 Sch.
792 4057 864 4116 Ibid.
889 4060 1053 4131 ὀπωπαί]
1079 4061 1115 4116 G.
1135 4060 1187 4116 Gr.
1212 4087 1248 4102 -
1269 4061 1406 4115 ceciderit
1424 4060 1481 4116 Sch-

168 4130 214 4189 ll.
236 4133 444 4202 Volaterrana]
475 4134 540 4189 Sch.
570 4163 608 4178 -
634 4135 829 4190 Volaterrana
854 4135 897 4190 bis
924 4136 959 4191 G.
987 4137 1037 4191 Gr.
1063 4152 1093 4189 ιιι
1120 4153 1202 4210 saepe
1221 4135 1310 4191 Codd.
1331 4137 1480 4190 Dolobelle.

168 4207 313 4274 Ceterum,
334 4225 402 4281 quae
422 4210 455 4262 de
476 4209 616 4263 Volaterra
637 4211 714 4265 affere
735 4209 846 4280 fichol,
876 4210 978 4265 babent
998 4210 1121 4265 colorem
1140 4211 1196 4266 loci
1217 4230 1250 4265 ea
1270 4213 1414 4266 Htstortco
1433 4213 1481 4264 ali-

167 4299 223 4353 quo
242 4282 284 4336 vel
298 4286 463 4358 Geogrnpho
484 4283 634 4358 desumpti.
656 4285 704 4338 Ad
721 4303 816 4338 omnes
835 4296 927 4339 metris
941 4303 1102 4361 corruptum
1116 4286 1233 4345 videtur.
1254 4287 1415 4361 Requirienr
1428 4288 1481 4342 sctl.

168 4356 201 4409 ad
222 4374 315 4411 ornnes
335 4360 405 4414 eaelt
426 4376 536 4433 partes,
556 4377 669 4414 tractus.
708 4363 820 4415 tuisne:
841 4363 890 4418 ut)
904 4363 1037 4419 OMNIS.
1057 4363 1124 4418 1111.
1143 4362 1316 4418 UBNTOS?
1337 4363 1439 4436 Georg.
1453 4367 1486 4426 l,

169 4435 231 4491 297.
252 4442 386 4503 qrsattnor
405 4436 514 4488 addunt
532 4437 673 4507 Quattuor
692 4456 710 4488 a
728 4443 823 4489 neustr
840 4468 860 4481 ·
878 4468 897 4481 -
906 4437 1070 4509 fenestras.
1097 4438 1153 4493 On.
1193 4441 1238 4495 23·
1252 4435 1344 4510 fides]
1365 4439 1400 4493 de
1419 4442 1439 4493 l.
1456 4437 1480 4490 Ρ.

168 4509 302 4563 Gronosfl
323 4516 459 4565 sententia
480 4516 595 4566 inseruit
614 4512 679 4567 sen.
717 4510 797 4566 uben
824 4529 840 4566 a
868 4513 904 4568 G.
924 4514 973 4569 Gr.
1012 4516 1059 4572 55.
1083 4516 1285 4585 qteaestionem]
1320 4513 1388 4570 sch.
1415 4516 1481 4568 coni·

168 4609 204 4626 ι-
223 4592 367 4653 peruentum
385 4588 420 4642 G.
442 4587 491 4642 Gr.
529 4589 574 4646 5²4.
594 4591 769 4659 coniectura]
790 4587 826 4643 G.
846 4588 896 4643 Gr.
916 4616 951 4630 -
976 4593 1129 4641 coniectum
1149 4588 1215 4642 sch.
1242 4592 1337 4644 tacite.
1376 4594 1422 4651 55
1441 4590 1481 4642 ste

168 4663 320 4732 posteriore
341 4676 429 4714 aetate
449 4661 632 4735 loquebantur
650 4681 700 4736 pro
720 4664 792 4716 lescrt
810 4682 896 4717 ecana
915 4679 970 4723 cet.
998 4664 1052 4720 Oe.
1090 4666 1136 4726 56.
1154 4667 1289 4734 naturae]
1309 4667 1359 4723 sle
1377 4666 1479 4739 aertpat.

168 4762 204 4777 -
222 4742 329 4788 natiue
348 4735 384 4794 G.
403 4737 453 4793 Gr.
480 4739 543 4794 sch.
