3210 5280
248 211 289 273 36
522 270 525 278 ,
695 256 700 265 ·
793 212 1018 279 Asconius
1078 209 1083 219 ’

246 352 397 414 Metellus
420 351 526 433 Scipio
547 352 580 414 in
606 365 714 416 senatu
736 365 844 417 contra
868 355 920 416 M.
944 351 1135 434 Caepionem
1157 365 1347 438 conquestus
1369 367 1443 429 est,
1460 377 1496 419 ac
1511 360 1550 419 de

245 450 340 508 coede
364 449 404 508 P.
429 445 536 508 Clodii
560 447 670 508 lalsnm
702 468 770 509 esse
795 446 889 522 dixit,
925 450 1011 530 quod
1045 448 1127 510 Milo
1152 448 1197 508 sic
1227 469 1260 509 se
1285 448 1485 524 deleodcret,
1518 463 1550 513 et

246 536 394 601 Clodium
419 539 565 600 Aricinos
587 539 770 600 decuriones
797 540 975 623 alloquendi
1002 542 1101 623 gratia
1126 541 1246 614 abisse,
1275 540 1453 621 proiectum
1478 565 1549 604 cum

244 654 311 698 sex.
323 653 359 692 ae
377 634 457 693 XX.
481 631 601 703 servis;
623 631 776 693 Milouem
793 632 897 692 subito
913 644 985 711 post
1003 635 1111 695 horam
1126 643 1290 716 quartam,
1313 646 1424 694 senatu
1439 634 1546 712 misso,

145 770 148 778 ·
221 741 314 788 icum
338 724 436 785 servis
460 723 590 804 amplius
613 722 715 786 CCC.
739 725 863 786 armatis
880 727 1005 788 obviam
1028 727 1055 787 ei
1072 727 1286 798 contendisse,
1310 739 1340 787 et
1363 748 1457 806 snpra
1482 729 1568 789 130..

247 818 335 878 villas
358 816 566 902 inopinantem
589 816 618 876 in
641 815 754 878 itinere
776 838 977 900 aggressutn3
1000 818 1042 881 ibi
1066 820 1106 882 P.
1123 818 1289 891 Clodium,
1312 819 1414 880 tribus
1438 820 1548 882 vulue-

244 911 332 973 ribus
356 910 509 991 acceptis,
533 909 673 971 Bovillas
695 911 866 991 perlatum3
891 913 1067 984 tabernam,
1091 913 1121 974 in
1145 933 1236 996 quam
1259 912 1466 995 profugerat,
1490 935 1547 973 ex·

243 1017 413 1087 pugnatam
437 1024 454 1064 a
477 1002 619 1076 Milone;
643 1003 850 1066 sertrianiruem
868 1001 1014 1066 Clodium
1039 1017 1211 1066 extracuuu
1237 1048 1491 1068 ........
1516 1008 1546 1068 in

244 1098 292 1158 via
317 1097 422 1177 Appia
445 1094 581 1158 occisum
605 1116 692 1169 esse,
716 1098 902 1180 anulumque
921 1099 987 1160 eius
1006 1099 1033 1159 ei
1057 1097 1200 1159 morienti
1222 1110 1413 1171 extractum
1437 1100 1546 1161 deiude

202 1204 231 1252 ιο
245 1189 415 1263 Milonem,
439 1209 509 1250 cum
531 1189 624 1250 sciret
644 1187 675 1249 in
697 1190 822 1251 Albano
845 1191 1008 1269 parvulum
1030 1191 1125 1250 lilium
1149 1187 1254 1252 Clodii
1278 1191 1396 1269 [esse],
1422 1192 1545 1254 venisse
1585 1224 1588 1229 ·

242 1286 279 1344 ad
298 1282 417 1356 villam,
440 1294 489 1357 et,
510 1302 579 1344 cnm
595 1301 675 1362 puer
690 1292 760 1344 ante
782 1287 958 1346 subtractus
981 1295 1080 1356 esset,
1106 1305 1146 1343 cx
1159 1303 1256 1356 ,servo
1277 1283 1426 1346 Halicore
1448 1306 1547 1367 quae·

241 1375 374 1438 ctionem
391 1377 432 1438 ita
446 1375 609 1448 habuisse,
633 1385 667 1435 ut
682 1395 750 1435 cum
766 1375 948 1438 articulatim
964 1387 1166 1447 cousccaret;
1183 1375 1319 1437 villicum
1336 1389 1365 1437 et
1381 1389 1545 1456 praeterea

237 1470 321 1532 ditos
353 1488 465 1531 servos
492 1467 668 1549 iugulasse3
701 1488 741 1529 ex
768 1468 869 1530 servis
899 1467 1024 1541 Clodii,
1059 1469 1111 1549 qui
1141 1470 1297 1530 dominum
1328 1469 1542 1544 defenderint,

241 1562 382 1624 undecim
412 1581 481 1622 csse
503 1558 705 1631 intersectum
740 1559 854 1623 Miloni
881 1563 959 1623 duos
985 1561 1081 1623 solos·
1097 1560 1221 1622 saucios
1249 1559 1351 1622 laetos
1380 1582 1465 1622 esse:
1501 1563 1544 1622 ob

199 1675 321 1738 ,5quae
336 1653 491 1716 Milonem
513 1663 644 1733 postero
660 1651 717 1714 die
738 1652 822 1715 ΧΠ.
845 1674 976 1727 servos,
1000 1652 1054 1736 qui
1075 1652 1208 1716 maxime
1223 1674 1350 1735 operam
1365 1654 1545 1736 navasscut,

240 1745 472 1819 manumisisse,
504 1745 691 1827 populoque
720 1744 857 1806 tribmim
889 1746 1010 1828 singula
1042 1747 1134 1808 millia
1166 1747 1247 1808 aeris
1270 1749 1308 1808 ad
1332 1747 1544 1810 defendendos

240 1840 278 1900 de
309 1858 342 1899 sc
372 1858 515 1900 rumores
537 1836 670 1899 dedisse.
728 1835 813 1900 Milo
843 1838 962 1900 misisse
992 1842 1031 1899 ad
1057 1838 1120 1902 Cu.
1145 1839 1331 1920 Pompeium
1360 1840 1543 1914 dicebatur,

239 1933 326 2014 quod
354 1931 506 2011 Hypsaeo
534 1950 653 1992 summe
681 1931 846 2006 studebat,
881 1933 966 2012 qnod
988 1919 1091 1994 luerat
1113 1931 1180 1994 eius
1201 1944 1367 2015 quaestor,
1391 1932 1544 1996 desistere

236 2058 577 2082 h-————--

332 2155 357 2202 1.
377 2147 410 2215 Q.
430 2145 564 2197 Metellus
581 2145 684 2216 Scipio]
724 2147 822 2214 ,Dicit
842 2147 878 2214 Q.
899 2144 1060 2209 Metellum,
1091 2163 1188 2217 quem,
1218 2164 1301 2219 quum
1320 2162 1392 2200 esset
1410 2163 1444 2198 cx
1462 2163 1543 2218 gente

238 2221 380 2286 Cornelia,
399 2223 435 2289 Q.
455 2220 590 2274 Caecilius
612 2220 739 2274 Metellus
760 2222 822 2272 Pius
842 2218 1008 2292 adoptavit.”
1038 2220 1123 2273 ΗΟΤ.
1303 2229 1308 2233 ’

313 2295 384 2349 lbitl.
404 2297 580 2365 Caepionem]
608 2296 672 2347 Hor.
692 2299 769 2349 Man.
788 2294 870 2347 Creo.
888 2323 926 2335 -
945 2295 1088 2365 Cepionem
1108 2299 1203 2349 ceteri.
1222 2323 1259 2336 -
1278 2295 1343 2366 ,M.
1363 2296 1540 2366 Caepionem]

238 2372 292 2424 dut
313 2376 404 2442 accipe
424 2373 456 2438 de
475 2371 518 2422 M.
536 2370 639 2435 Bruto,
659 2375 705 2441 qni
726 2371 828 2441 Caepio
846 2375 1055 2440 cognominatus
1076 2387 1132 2434 cst,
1152 2386 1180 2421 ut
1195 2371 1282 2442 Epist.
1302 2370 1334 2421 ad
1350 2372 1472 2422 Atticum
1491 2370 1541 2424 lib.

236 2447 273 2498 ll.
293 2450 339 2515 qni
362 2445 495 2496 Milonem
515 2461 542 2496 ct
562 2450 619 2515 ipse
640 2449 741 2515 scripta
762 2448 886 2496 oratione
906 2442 1041 2497 defendit:
1061 2460 1107 2498 ant
1128 2445 1187 2516 lege
1200 2445 1244 2498 M.
1259 2446 1426 2500 Ciceronem.
1445 2447 1541 2513 (Quod

236 2524 258 2572 si
278 2519 311 2572 dc
331 2521 416 2572 Bruto
435 2519 513 2571 malis
534 2525 673 2592 accipere,
693 2520 838 2588 Quinclum
858 2523 949 2590 potins
969 2534 1049 2589 qnam
1063 2520 1192 2570 Marcum
1213 2535 1377 2590 praenomen
1397 2523 1422 2571 ei
1443 2519 1542 2572 dehere

236 2611 293 2647 esse
313 2593 486 2646 crediderim.
506 2609 570 2644 narn
590 2599 734 2666 adoptatos
756 2608 935 2664 praenomen,
964 2610 1081 2658 nomen,
1105 2609 1255 2664 cognomen
1276 2591 1310 2643 ob
1330 2598 1379 2659 iis,
1405 2599 1451 2664 qni
1472 2593 1542 2645 ado-

235 2668 365 2741 ptabant,
386 2673 511 2741 accipere
529 2666 626 2721 solitos
647 2684 705 2719 esse
724 2665 974 2722 animadvertimus.
1011 2667 1132 2720 videnda
1152 2685 1224 2733 snnt,
1244 2683 1312 2737 qnae
1331 2667 1364 2720 de
1383 2670 1437 2721 hoo
1455 2671 1542 2721 Bruto

235 2743 354 2797 diximus
381 2747 408 2794 in
439 2747 520 2815 epist.
545 2741 577 2794 ad
604 2747 727 2796 Atticum
752 2747 951 2794 commenterio
978 2741 1123 2815 tm.11.)’‘
1155 2743 1299 2796 meunt.
1348 2744 1435 2795 Verba
1462 2748 1542 2796 nucis

236 2818 340 2871 inclusa
361 2817 460 2870 absunt
479 2832 494 2868 a
513 2814 598 2888 Lngd.

311 2891 380 2944 ibid.
399 2910 433 2943 ac
451 2890 497 2958 de]
529 2889 587 2946 aid.
613 2889 698 2963 Lugd.
723 2891 788 2949 Hot.
817 2891 894 2943 Man.
915 2891 997 2945 Creu.
1019 2919 1055 2932 -
1074 2889 1107 2942 de
1126 2889 1177 2942 lice
1197 2891 1288 2944 Ptine,
1307 2889 1415 2944 Berald.
1434 2919 1468 2933 -
1489 2889 1542 2943 hac

235 2966 269 3018 de
289 2965 356 3020 Lod.
899 2971 926 3019 2.
943 2970 982 3016 sic
1000 2968 1041 3032 se]
1061 2983 1090 3015 se
1109 2971 1149 3015 sic
1167 2964 1235 3017 Lod.

325 3045 352 3099 5.
374 3042 516 3107 Aricinos]
536 3037 623 3112 Lngd.
642 3040 708 3093 Hor.
729 3041 805 3094 Man.
824 3038 905 3092 Cren.
925 3067 961 3079 -
980 3045 1087 3091 vicinos
1108 3043 1196 3092 Ptine.
1217 3035 1325 3092 Berald.
1344 3037 1405 3093 dld.
1425 3038 1540 3091 Lod.-

235 3116 374 3187 ²,lleposni
396 3117 543 3178 Aricinos,
564 3129 593 3166 nt
614 3115 694 3187 paulo
713 3129 794 3186 snpra
813 3114 926 3165 etiarn)¹
960 3115 1103 3168 mantin.
1125 3119 1153 3166 in
1175 3111 1261 3186 Lngd.

310 3189 381 3243 lbid.
400 3190 504 3258 abisse]
524 3190 624 3242 Princ.
644 3187 750 3241 Berald.
770 3217 807 3231 -
825 3188 925 3239 abiisse
945 3192 1038 3240 ceteri.

325 3263 353 3319 ls.
372 3281 424 3314 see
442 3281 476 3314 cc
496 3261 568 3335 XX]
587 3281 638 3314 sex
657 3263 690 3314 de
711 3263 772 3315 XX
788 3262 864 3317 Man.
915 3265 942 3320 ἰ1.
961 3265 1057 3329 naisso]
1078 3261 1192 3313 Matisco
1212 3261 1279 3315 Lod.

325 3342 354 3397 6.
372 3341 413 3405 in]
435 3353 491 3389 orn.
512 3340 604 3391 Ptine.
621 3337 729 3391 Berald.
748 3335 807 3390 ald.
827 3336 894 3390 Lod.

328 3419 355 3472 8.
373 3421 534 3464 extractum
553 3449 761 3468 ........
780 3415 821 3478 in]
855 3413 964 3464 Lacona
991 3425 1046 3464 non
1073 3414 1127 3463 nisi
1146 3415 1175 3462 in
1195 3409 1237 3463 cd.
1258 3414 1382 3483 principe
1400 3427 1441 3463 est
1462 3409 1538 3463 indl-

231 3499 310 3547 cata;
330 3491 422 3559 magui
443 3503 533 3538 tamen
554 3491 688 3540 momenti
709 3491 753 3540 sis
772 3483 824 3539 luit
844 3491 867 3540 si
887 3486 951 3556 qnid
972 3484 1083 3538 excidit.
1124 3488 1212 3538 Possis
1233 3485 1357 3557 supplere
1377 3505 1391 3535 e
1411 3486 1539 3550 taberna,

235 3558 277 3612 vel
296 3566 326 3612 in
341 3561 477 3632 publicum
496 3579 529 3612 cx
548 3578 608 3634 pag.
630 3561 692 3621 1118.
714 3563 748 3614 Η.
899 3569 942 3616 1ο.
958 3561 1118 3630 panvinium]
1136 3561 1286 3630 parvolmn
1308 3565 1397 3614 Princ.

311 3643 354 3691 11.
373 3634 470 3686 deinde
488 3635 624 3688 Milonem
643 3667 661 3679 -
681 3670 697 3681 -
715 3639 824 3688 venisse
843 3635 882 3686 ad
898 3635 1012 3704 villam]
1047 3633 1207 3686 Addidimus
1237 3635 1402 3687 inlinitirnm
1428 3652 1487 3684 esse
1512 3649 1539 3686 et

234 3715 400 3763 mutavimus
421 3715 685 3781 interpunctionem,
704 3728 788 3783 quum
807 3710 887 3782 vulgo
909 3709 980 3760 male
999 3703 1191 3780 iungerentur:
1208 3726 1269 3760 cnm
1288 3715 1373 3759 sciret
1384 3714 1414 3759 in
1430 3709 1539 3759 Albano

232 3787 380 3854 parvulum
391 3783 487 3856 filiurn
508 3784 599 3837 Clodii
616 3794 727 3836 venisse
746 3784 785 3836 ad
801 3785 909 3837 villam.
965 3836 975 3846 ,

308 3856 378 3911 lbid.
396 3863 444 3926 ex]
470 3859 559 3912 Princ.
579 3858 687 3912 Berald.
708 3859 769 3913 nid.
790 3856 857 3911 Lod.
878 3886 913 3900 -
932 3856 966 3908 de
987 3855 1070 3928 Lngd.
1090 3857 1155 3910 Hor.
1176 3857 1346 3910 Mamerco.
1384 3855 1435 3908 Sed
1456 3873 1539 3926 quum

170 3974 172 3979 .
233 3930 305 3983 hand
333 3937 424 3985 minus
451 3950 523 3986 tecte
552 3932 659 3986 dicator
682 3951 812 4005 precerere
838 3951 875 3983 ex
902 3934 996 4003 aliquo
1014 3948 1095 4002 quarn
1115 3949 1246 4002 quaerere
1265 3931 1298 3980 ele
1317 3932 1423 3998 aliquo,
1455 3936 1539 3981 etiam

233 4012 419 4075 quaestionem
438 4006 538 4059 habere
557 4027 593 4058 eat
620 4009 712 4078 aliquo
736 4006 809 4060 hand
836 4011 927 4059 minus
952 4009 1105 4077 legitimum
1130 4023 1171 4059 est
1200 4023 1281 4076 quant
1301 4013 1405 4074 qttnesl.
1423 4004 1487 4056 lead.
1506 4004 1539 4054 tle

233 4081 335 4150 aliquo.
375 4084 463 4134 livius
483 4081 616 4136 xxxtli.
646 4087 690 4139 28.
728 4082 761 4132 In
777 4087 940 4154 praesentia
956 4083 1063 4152 placuit
1082 4080 1272 4149 comprehendi
1296 4097 1358 4144 eos,
1387 4084 1433 4150 qui
1459 4079 1543 4129 sirnrel

226 4152 374 4226 ficissent,
391 4160 627 4226 quaestionemque
645 4175 682 4207 ex
702 4155 744 4207 lu's
761 4155 865 4208 haberi.

308 4229 379 4282 lbid.
398 4230 543 4301 Halicore]
566 4228 656 4284 Princ.
675 4230 781 4284 Berald.
801 4228 868 4282 Lod.
890 4257 925 4271 ·-
947 4230 1057 4281 Alicore
1076 4233 1170 4282 ceteri.

309 4309 352 4361 12.
372 4309 541 4372 consecraret]
575 4305 659 4376 Lugd.
682 4307 745 4358 llot.
765 4305 841 4359 Man.
862 4307 941 4357 Creu.
972 4333 1010 4345 -
1041 4310 1220 4354 consererent
1240 4303 1331 4354 Princ.
1351 4299 1459 4354 Berald.
1480 4298 1540 4354 ild.

236 4376 301 4432 lod.
321 4379 392 4450 qnod
412 4377 526 4451 fortasse
546 4377 610 4431 ierri
632 4384 734 4452 possit,
756 4384 778 4431 si
801 4379 926 4451 suppleas
948 4392 1075 4430 tortores.
1089 4406 1122 4420 -
1139 4385 1335 4429 consertarent
1347 4379 1456 4429 Graevii
1478 4376 1541 4429 cod.

309 4460 352 4513 15.
370 4462 520 4523 praelerea
537 4453 621 4524 duos]
651 4456 742 4507 Princ.
767 4453 874 4507 Berald.
896 4451 963 4504 Lod.
983 4480 1020 4493 —
1039 4453 1109 4503 dttos
1124 4460 1272 4521 praetcrea
1292 4450 1350 4504 Ald.
1370 4450 1455 4521 Lugd.
1475 4450 1541 4502 llot.

233 4524 309 4580 Man.
330 4530 410 4580 Creo.
568 4524 572 4529 “
901 4527 944 4583 ill.
962 4530 1082 4595 sattcios]
1103 4531 1212 4576 scretios
1231 4527 1322 4579 Ptine.

309 4607 354 4660 15.
375 4607 420 4672 qtti
439 4605 572 4669 maxime]
592 4607 638 4671 qui
656 4606 683 4653 el
701 4605 821 4652 maxime
840 4602 903 4654 tior.
924 4606 1004 4653 Creo.

309 4683 354 4736 18.
373 4676 445 4746 quod
463 4707 480 4718 -
499 4677 585 4746 quod]
619 4675 708 4730 Altero
733 4676 797 4730 loco
824 4675 917 4728 malim
946 4681 1010 4745 quie
1041 4691 1186 4744 utrumque
1206 4689 1298 4727 autern
1318 4689 1379 4726 voc.
1399 4676 1427 4725 in
1447 4673 1541 4726 Ptine.

233 4767 281 4823 pst
299 4750 491 4825 compendium
510 4756 644 4824 scriptum
664 4767 714 4805 cst.
