<?xml version="1.0" encoding="UTF-8"?>
<!DOCTYPE html PUBLIC "-//W3C//DTD XHTML 1.0 Transitional//EN"
    "http://www.w3.org/TR/xhtml1/DTD/xhtml1-transitional.dtd">
<html xmlns="http://www.w3.org/1999/xhtml" xml:lang="en" lang="en">
 <head>
  <title>
</title>
<meta http-equiv="Content-Type" content="text/html;charset=utf-8" />
  <meta name='ocr-system' content='tesseract 3.04.00' />
  <meta name='ocr-capabilities' content='ocr_page ocr_carea ocr_par ocr_line ocrx_word'/>
</head>
<body>
  <div class='ocr_page' id='page_1' title='image "./operaquaesupers03halmgoog/operaquaesupers03halmgoog_0078.png"; bbox 0 0 3210 5280; ppageno 0'>
   <div class='ocr_carea' id='block_1_1' title="bbox 548 202 1429 301">
    <p class='ocr_par' dir='ltr' id='par_1_1' title="bbox 548 202 1429 301">
     <span class='ocr_line' id='line_1_1' title="bbox 548 202 1429 301; baseline 0.007 -10"><span class='ocrx_word' id='word_1_1' title='bbox 548 202 621 292; x_wconf 85' lang='lat' dir='ltr'><strong>¹1n</strong></span> <span class='ocrx_word' id='word_1_2' title='bbox 651 226 975 301; x_wconf 79' lang='lat' dir='ltr'><strong>MtLottlnttnM.</strong></span> <span class='ocrx_word' id='word_1_3' title='bbox 1387 232 1429 297; x_wconf 80' lang='lat' dir='ltr'><strong>er</strong></span> 
     </span>
    </p>
   </div>
   <div class='ocr_carea' id='block_1_2' title="bbox 118 364 1453 916">
    <p class='ocr_par' dir='ltr' id='par_1_2' title="bbox 118 364 1453 916">
     <span class='ocr_line' id='line_1_2' title="bbox 120 364 1428 451; baseline 0.008 -24"><span class='ocrx_word' id='word_1_4' title='bbox 120 364 385 429; x_wconf 73' lang='lat' dir='ltr'><strong>manifestassent</strong></span> <span class='ocrx_word' id='word_1_5' title='bbox 406 365 564 449; x_wconf 85' lang='lat' dir='ltr'><strong>pertinere</strong></span> <span class='ocrx_word' id='word_1_6' title='bbox 585 371 621 428; x_wconf 89' lang='lat' dir='ltr'><strong>ad</strong></span> <span class='ocrx_word' id='word_1_7' title='bbox 642 367 671 429; x_wconf 89' lang='lat' dir='ltr'><strong>id</strong></span> <span class='ocrx_word' id='word_1_8' title='bbox 690 380 832 449; x_wconf 89' lang='lat' dir='ltr'><strong>ternpus,</strong></span> <span class='ocrx_word' id='word_1_9' title='bbox 866 391 929 451; x_wconf 91' lang='lat' dir='ltr'><strong>quo</strong></span> <span class='ocrx_word' id='word_1_10' title='bbox 951 380 1024 450; x_wconf 85' lang='lat' dir='ltr'><strong>post</strong></span> <span class='ocrx_word' id='word_1_11' title='bbox 1044 371 1283 449; x_wconf 72' lang='lat' dir='ltr'><strong>rogationem</strong></span> <span class='ocrx_word' id='word_1_12' title='bbox 1310 370 1428 437; x_wconf 87' lang='lat' dir='ltr'><strong>Clodio</strong></span> 
     </span>
     <span class='ocr_line' id='line_1_3' title="bbox 120 458 1430 543; baseline 0.005 -22"><span class='ocrx_word' id='word_1_13' title='bbox 120 458 151 521; x_wconf 86' lang='lat' dir='ltr'><strong>is</strong></span> <span class='ocrx_word' id='word_1_14' title='bbox 170 481 242 521; x_wconf 79' lang='lat' dir='ltr'><strong>enin</strong></span> <span class='ocrx_word' id='word_1_15' title='bbox 261 462 495 541; x_wconf 67' lang='lat' dir='ltr'><strong>promulgatam</strong></span> <span class='ocrx_word' id='word_1_16' title='bbox 519 464 598 521; x_wconf 80' lang='lat' dir='ltr'><strong>turbe</strong></span> <span class='ocrx_word' id='word_1_17' title='bbox 620 463 725 524; x_wconf 69' lang='lat' dir='ltr'><strong>creant.</strong></span> <span class='ocrx_word' id='word_1_18' title='bbox 770 463 877 542; x_wconf 80' lang='lat' dir='ltr'><strong>Quare</strong></span> <span class='ocrx_word' id='word_1_19' title='bbox 898 464 998 538; x_wconf 86' lang='lat' dir='ltr'><strong>dieat,</strong></span> <span class='ocrx_word' id='word_1_20' title='bbox 1023 465 1185 527; x_wconf 89' lang='lat' dir='ltr'><strong>insidiata</strong></span> <span class='ocrx_word' id='word_1_21' title='bbox 1201 466 1357 540; x_wconf 77' lang='lat' dir='ltr'><strong>Pompeio</strong></span> <span class='ocrx_word' id='word_1_22' title='bbox 1371 474 1430 543; x_wconf 86' lang='lat' dir='ltr'><strong>est,</strong></span> 
     </span>
     <span class='ocr_line' id='line_1_4' title="bbox 118 544 1429 637; baseline 0.002 -24"><span class='ocrx_word' id='word_1_23' title='bbox 118 550 267 615; x_wconf 70' lang='lat' dir='ltr'><strong>fortassis</strong></span> <span class='ocrx_word' id='word_1_24' title='bbox 290 554 462 635; x_wconf 82' lang='lat' dir='ltr'><strong>quaeratis.</strong></span> <span class='ocrx_word' id='word_1_25' title='bbox 505 553 623 616; x_wconf 82' lang='lat' dir='ltr'><strong>Pisone</strong></span> <span class='ocrx_word' id='word_1_26' title='bbox 652 566 682 615; x_wconf 88' lang='lat' dir='ltr'><strong>et</strong></span> <span class='ocrx_word' id='word_1_27' title='bbox 714 555 848 616; x_wconf 79' lang='lat' dir='ltr'><strong>Gabinio</strong></span> <span class='ocrx_word' id='word_1_28' title='bbox 883 555 977 619; x_wconf 89' lang='lat' dir='ltr'><strong>Coss.</strong></span> <span class='ocrx_word' id='word_1_29' title='bbox 1010 559 1102 637; x_wconf 84' lang='lat' dir='ltr'><strong>pulso</strong></span> <span class='ocrx_word' id='word_1_30' title='bbox 1126 544 1282 618; x_wconf 85' lang='lat' dir='ltr'><strong>Cicerone</strong></span> <span class='ocrx_word' id='word_1_31' title='bbox 1306 555 1336 617; x_wconf 91' lang='lat' dir='ltr'><strong>io</strong></span> <span class='ocrx_word' id='word_1_32' title='bbox 1361 556 1429 617; x_wconf 79' lang='lat' dir='ltr'><strong>esi-</strong></span> 
     </span>
     <span class='ocr_line' id='line_1_5' title="bbox 119 642 1427 727; baseline 0.002 -22"><span class='ocrx_word' id='word_1_33' title='bbox 119 642 212 717; x_wconf 87' lang='lat' dir='ltr'><strong>lioru,</strong></span> <span class='ocrx_word' id='word_1_34' title='bbox 235 667 308 707; x_wconf 85' lang='lat' dir='ltr'><strong>euni</strong></span> <span class='ocrx_word' id='word_1_35' title='bbox 333 645 399 709; x_wconf 89' lang='grc'><strong>111.</strong></span> <span class='ocrx_word' id='word_1_36' title='bbox 423 646 497 708; x_wconf 91' lang='lat' dir='ltr'><strong>ldus</strong></span> <span class='ocrx_word' id='word_1_37' title='bbox 520 646 656 709; x_wconf 78' lang='lat' dir='ltr'><strong>Sextiles</strong></span> <span class='ocrx_word' id='word_1_38' title='bbox 677 648 848 727; x_wconf 70' lang='lat' dir='ltr'><strong>Pompeius</strong></span> <span class='ocrx_word' id='word_1_39' title='bbox 871 647 901 711; x_wconf 91' lang='lat' dir='ltr'><strong>iu</strong></span> <span class='ocrx_word' id='word_1_40' title='bbox 921 662 1058 710; x_wconf 84' lang='lat' dir='ltr'><strong>senatum</strong></span> <span class='ocrx_word' id='word_1_41' title='bbox 1079 649 1181 722; x_wconf 90' lang='lat' dir='ltr'><strong>veuit,</strong></span> <span class='ocrx_word' id='word_1_42' title='bbox 1206 648 1318 711; x_wconf 88' lang='lat' dir='ltr'><strong>dieitur</strong></span> <span class='ocrx_word' id='word_1_43' title='bbox 1332 667 1427 708; x_wconf 90' lang='lat' dir='ltr'><strong>servo</strong></span> 
     </span>
     <span class='ocr_line' id='line_1_6' title="bbox 119 736 1453 820; baseline 0.001 -21"><span class='ocrx_word' id='word_1_44' title='bbox 119 737 158 800; x_wconf 83' lang='lat' dir='ltr'><strong>P.</strong></span> <span class='ocrx_word' id='word_1_45' title='bbox 179 736 291 801; x_wconf 77' lang='lat' dir='ltr'><strong>Clodii</strong></span> <span class='ocrx_word' id='word_1_46' title='bbox 313 738 376 801; x_wconf 83' lang='lat' dir='ltr'><strong>siea</strong></span> <span class='ocrx_word' id='word_1_47' title='bbox 400 740 570 813; x_wconf 70' lang='lat' dir='ltr'><strong>excidisse,</strong></span> <span class='ocrx_word' id='word_1_48' title='bbox 609 760 708 820; x_wconf 87' lang='lat' dir='ltr'><strong>eaque</strong></span> <span class='ocrx_word' id='word_1_49' title='bbox 736 743 774 799; x_wconf 89' lang='lat' dir='ltr'><strong>ad</strong></span> <span class='ocrx_word' id='word_1_50' title='bbox 804 741 971 803; x_wconf 85' lang='lat' dir='ltr'><strong>Gabinium</strong></span> <span class='ocrx_word' id='word_1_51' title='bbox 998 743 1156 805; x_wconf 77' lang='lat' dir='ltr'><strong>consulem</strong></span> <span class='ocrx_word' id='word_1_52' title='bbox 1186 742 1285 803; x_wconf 80' lang='lat' dir='ltr'><strong>delata</strong></span> <span class='ocrx_word' id='word_1_53' title='bbox 1311 741 1453 801; x_wconf 72' lang='lat' dir='ltr'><strong>dietumi</strong></span> 
     </span>
     <span class='ocr_line' id='line_1_7' title="bbox 118 825 1428 916; baseline 0.002 -27"><span class='ocrx_word' id='word_1_54' title='bbox 118 840 183 903; x_wconf 88' lang='lat' dir='ltr'><strong>est,</strong></span> <span class='ocrx_word' id='word_1_55' title='bbox 217 850 316 894; x_wconf 82' lang='lat' dir='ltr'><strong>servo</strong></span> <span class='ocrx_word' id='word_1_56' title='bbox 341 833 527 911; x_wconf 73' lang='lat' dir='ltr'><strong>insperatum</strong></span> <span class='ocrx_word' id='word_1_57' title='bbox 549 854 565 892; x_wconf 85' lang='lat' dir='ltr'><strong>a</strong></span> <span class='ocrx_word' id='word_1_58' title='bbox 587 832 627 894; x_wconf 88' lang='lat' dir='ltr'><strong>P.</strong></span> <span class='ocrx_word' id='word_1_59' title='bbox 652 834 787 906; x_wconf 80' lang='lat' dir='ltr'><strong>Clodio,</strong></span> <span class='ocrx_word' id='word_1_60' title='bbox 823 846 856 894; x_wconf 92' lang='lat' dir='ltr'><strong>ut</strong></span> <span class='ocrx_word' id='word_1_61' title='bbox 878 825 1060 916; x_wconf 78' lang='lat' dir='ltr'><strong>Pompeius</strong></span> <span class='ocrx_word' id='word_1_62' title='bbox 1074 835 1285 896; x_wconf 81' lang='lat' dir='ltr'><strong>occideretur.</strong></span> <span class='ocrx_word' id='word_1_63' title='bbox 1329 834 1428 895; x_wconf 84' lang='lat' dir='ltr'><strong>Pour-</strong></span> 
     </span>
    </p>
   </div>
   <div class='ocr_carea' id='block_1_3' title="bbox 115 923 1469 1736">
    <p class='ocr_par' dir='ltr' id='par_1_3' title="bbox 115 923 1469 1736">
     <span class='ocr_line' id='line_1_8' title="bbox 118 923 1428 1004; baseline -0.001 -19"><span class='ocrx_word' id='word_1_64' title='bbox 118 923 208 1004; x_wconf 84' lang='lat' dir='ltr'><strong>prins</strong></span> <span class='ocrx_word' id='word_1_65' title='bbox 235 924 340 987; x_wconf 88' lang='lat' dir='ltr'><strong>ststirn</strong></span> <span class='ocrx_word' id='word_1_66' title='bbox 370 928 493 985; x_wconf 82' lang='lat' dir='ltr'><strong>durrrum</strong></span> <span class='ocrx_word' id='word_1_67' title='bbox 525 926 617 987; x_wconf 87' lang='lat' dir='ltr'><strong>rediit</strong></span> <span class='ocrx_word' id='word_1_68' title='bbox 647 936 679 986; x_wconf 89' lang='lat' dir='ltr'><strong>ct</strong></span> <span class='ocrx_word' id='word_1_69' title='bbox 703 946 737 987; x_wconf 90' lang='lat' dir='ltr'><strong>se</strong></span> <span class='ocrx_word' id='word_1_70' title='bbox 766 926 850 987; x_wconf 88' lang='lat' dir='ltr'><strong>domi</strong></span> <span class='ocrx_word' id='word_1_71' title='bbox 883 931 992 989; x_wconf 80' lang='lat' dir='ltr'><strong>tenurit.</strong></span> <span class='ocrx_word' id='word_1_72' title='bbox 1037 928 1196 991; x_wconf 81' lang='lat' dir='ltr'><strong>Obsessos</strong></span> <span class='ocrx_word' id='word_1_73' title='bbox 1221 938 1269 987; x_wconf 90' lang='lat' dir='ltr'><strong>est</strong></span> <span class='ocrx_word' id='word_1_74' title='bbox 1298 926 1428 987; x_wconf 87' lang='lat' dir='ltr'><strong>etiama</strong></span> 
     </span>
     <span class='ocr_line' id='line_1_9' title="bbox 118 1014 1428 1101; baseline 0.003 -26"><span class='ocrx_word' id='word_1_75' title='bbox 118 1014 234 1078; x_wconf 72' lang='lat' dir='ltr'><strong>titano</strong></span> <span class='ocrx_word' id='word_1_76' title='bbox 264 1014 372 1079; x_wconf 81' lang='lat' dir='ltr'><strong>ctoati</strong></span> <span class='ocrx_word' id='word_1_77' title='bbox 403 1018 575 1089; x_wconf 74' lang='lat' dir='ltr'><strong>Bactriano,</strong></span> <span class='ocrx_word' id='word_1_78' title='bbox 614 1030 648 1079; x_wconf 89' lang='lat' dir='ltr'><strong>ut</strong></span> <span class='ocrx_word' id='word_1_79' title='bbox 674 1040 715 1082; x_wconf 85' lang='lat' dir='ltr'><strong>ex</strong></span> <span class='ocrx_word' id='word_1_80' title='bbox 747 1020 824 1080; x_wconf 87' lang='lat' dir='ltr'><strong>actis</strong></span> <span class='ocrx_word' id='word_1_81' title='bbox 853 1019 919 1080; x_wconf 86' lang='lat' dir='ltr'><strong>eius</strong></span> <span class='ocrx_word' id='word_1_82' title='bbox 943 1019 1042 1098; x_wconf 88' lang='lat' dir='ltr'><strong>[anui]</strong></span> <span class='ocrx_word' id='word_1_83' title='bbox 1066 1018 1223 1101; x_wconf 79' lang='lat' dir='ltr'><strong>cognovi,</strong></span> <span class='ocrx_word' id='word_1_84' title='bbox 1260 1019 1294 1081; x_wconf 89' lang='lat' dir='ltr'><strong>in</strong></span> <span class='ocrx_word' id='word_1_85' title='bbox 1315 1018 1428 1101; x_wconf 84' lang='lat' dir='ltr'><strong>quituts</strong></span> 
     </span>
     <span class='ocr_line' id='line_1_10' title="bbox 118 1106 1424 1195; baseline 0.002 -26"><span class='ocrx_word' id='word_1_86' title='bbox 118 1106 198 1169; x_wconf 77' lang='lat' dir='ltr'><strong>XV.</strong></span> <span class='ocrx_word' id='word_1_87' title='bbox 227 1108 304 1171; x_wconf 80' lang='lat' dir='ltr'><strong>itai.</strong></span> <span class='ocrx_word' id='word_1_88' title='bbox 334 1110 529 1188; x_wconf 70' lang='lat' dir='ltr'><strong>Septembris</strong></span> <span class='ocrx_word' id='word_1_89' title='bbox 562 1111 604 1171; x_wconf 80' lang='lat'><strong>1..</strong></span> <span class='ocrx_word' id='word_1_90' title='bbox 627 1110 769 1185; x_wconf 86' lang='lat' dir='ltr'><strong>Novius,</strong></span> <span class='ocrx_word' id='word_1_91' title='bbox 815 1112 957 1173; x_wconf 88' lang='lat' dir='ltr'><strong>tribunus</strong></span> <span class='ocrx_word' id='word_1_92' title='bbox 985 1113 1104 1193; x_wconf 85' lang='lat' dir='ltr'><strong>piebis,</strong></span> <span class='ocrx_word' id='word_1_93' title='bbox 1150 1112 1275 1195; x_wconf 75' lang='lat' dir='ltr'><strong>collega</strong></span> <span class='ocrx_word' id='word_1_94' title='bbox 1301 1110 1424 1182; x_wconf 86' lang='lat' dir='ltr'><strong>Clodii,</strong></span> 
     </span>
     <span class='ocr_line' id='line_1_11' title="bbox 115 1200 1469 1286; baseline 0.001 -25"><span class='ocrx_word' id='word_1_95' title='bbox 115 1220 183 1261; x_wconf 68' lang='lat' dir='ltr'><strong>arn</strong></span> <span class='ocrx_word' id='word_1_96' title='bbox 206 1200 325 1263; x_wconf 87' lang='lat' dir='ltr'><strong>Damio</strong></span> <span class='ocrx_word' id='word_1_97' title='bbox 346 1204 511 1263; x_wconf 87' lang='lat' dir='ltr'><strong>adversum</strong></span> <span class='ocrx_word' id='word_1_98' title='bbox 528 1203 671 1265; x_wconf 86' lang='lat' dir='ltr'><strong>Flavium</strong></span> <span class='ocrx_word' id='word_1_99' title='bbox 687 1215 865 1286; x_wconf 81' lang='lat' dir='ltr'><strong>praetorem</strong></span> <span class='ocrx_word' id='word_1_100' title='bbox 882 1208 1051 1286; x_wconf 82' lang='lat' dir='ltr'><strong>appetieret</strong></span> <span class='ocrx_word' id='word_1_101' title='bbox 1071 1208 1232 1278; x_wconf 87' lang='lat' dir='ltr'><strong>tribunos,</strong></span> <span class='ocrx_word' id='word_1_102' title='bbox 1263 1215 1295 1266; x_wconf 87' lang='lat' dir='ltr'><strong>et</strong></span> <span class='ocrx_word' id='word_1_103' title='bbox 1309 1202 1426 1265; x_wconf 88' lang='lat' dir='ltr'><strong>tribuni</strong></span> <span class='ocrx_word' id='word_1_104' title='bbox 1439 1201 1469 1250; x_wconf 86' lang='lat'><strong>¹⁰</strong></span> 
     </span>
     <span class='ocr_line' id='line_1_12' title="bbox 118 1294 1427 1377; baseline 0.005 -24"><span class='ocrx_word' id='word_1_105' title='bbox 118 1294 153 1354; x_wconf 89' lang='lat' dir='ltr'><strong>de</strong></span> <span class='ocrx_word' id='word_1_106' title='bbox 173 1294 389 1371; x_wconf 79' lang='lat' dir='ltr'><strong>appeliatione</strong></span> <span class='ocrx_word' id='word_1_107' title='bbox 412 1309 657 1373; x_wconf 68' lang='lat' dir='ltr'><strong>cognoscerent,</strong></span> <span class='ocrx_word' id='word_1_108' title='bbox 682 1297 721 1357; x_wconf 90' lang='lat' dir='ltr'><strong>ita</strong></span> <span class='ocrx_word' id='word_1_109' title='bbox 745 1298 925 1359; x_wconf 83' lang='lat' dir='ltr'><strong>seutentiam</strong></span> <span class='ocrx_word' id='word_1_110' title='bbox 950 1299 1049 1360; x_wconf 83' lang='lat' dir='ltr'><strong>dixit:</strong></span> <span class='ocrx_word' id='word_1_111' title='bbox 1080 1296 1120 1359; x_wconf 84' lang='lat' dir='ltr'><strong>lit</strong></span> <span class='ocrx_word' id='word_1_112' title='bbox 1141 1300 1207 1360; x_wconf 81' lang='lat' dir='ltr'><strong>doe</strong></span> <span class='ocrx_word' id='word_1_113' title='bbox 1231 1299 1427 1377; x_wconf 80' lang='lat' dir='ltr'><strong>apparitore</strong></span> 
     </span>
     <span class='ocr_line' id='line_1_13' title="bbox 118 1385 1429 1468; baseline -0.001 -21"><span class='ocrx_word' id='word_1_114' title='bbox 118 1388 149 1447; x_wconf 81' lang='lat' dir='ltr'><strong>P.</strong></span> <span class='ocrx_word' id='word_1_115' title='bbox 169 1387 286 1449; x_wconf 70' lang='lat' dir='ltr'><strong>Clodii</strong></span> <span class='ocrx_word' id='word_1_116' title='bbox 305 1388 500 1449; x_wconf 76' lang='lat' dir='ltr'><strong>vnlneratus</strong></span> <span class='ocrx_word' id='word_1_117' title='bbox 534 1410 628 1466; x_wconf 89' lang='lat' dir='ltr'><strong>sum,</strong></span> <span class='ocrx_word' id='word_1_118' title='bbox 660 1398 692 1453; x_wconf 87' lang='lat' dir='ltr'><strong>et</strong></span> <span class='ocrx_word' id='word_1_119' title='bbox 720 1387 907 1451; x_wconf 76' lang='lat' dir='ltr'><strong>dominibus</strong></span> <span class='ocrx_word' id='word_1_120' title='bbox 938 1393 1078 1451; x_wconf 88' lang='lat' dir='ltr'><strong>armatis</strong></span> <span class='ocrx_word' id='word_1_121' title='bbox 1121 1386 1296 1468; x_wconf 83' lang='lat' dir='ltr'><strong>praesidiis</strong></span> <span class='ocrx_word' id='word_1_122' title='bbox 1318 1385 1429 1464; x_wconf 86' lang='lat' dir='ltr'><strong>dispo·</strong></span> 
     </span>
     <span class='ocr_line' id='line_1_14' title="bbox 118 1474 1428 1558; baseline 0 -23"><span class='ocrx_word' id='word_1_123' title='bbox 118 1478 185 1536; x_wconf 86' lang='lat' dir='ltr'><strong>sitis</strong></span> <span class='ocrx_word' id='word_1_124' title='bbox 208 1496 233 1537; x_wconf 91' lang='lat' dir='ltr'><strong>a</strong></span> <span class='ocrx_word' id='word_1_125' title='bbox 258 1496 295 1538; x_wconf 81' lang='lat' dir='ltr'><strong>re</strong></span> <span class='ocrx_word' id='word_1_126' title='bbox 315 1474 459 1554; x_wconf 76' lang='lat' dir='ltr'><strong>publiea</strong></span> <span class='ocrx_word' id='word_1_127' title='bbox 479 1489 623 1539; x_wconf 83' lang='lat' dir='ltr'><strong>remotos</strong></span> <span class='ocrx_word' id='word_1_128' title='bbox 649 1496 741 1551; x_wconf 76' lang='lat' dir='ltr'><strong>suin,</strong></span> <span class='ocrx_word' id='word_1_129' title='bbox 774 1477 829 1537; x_wconf 78' lang='lat' dir='ltr'><strong>On.</strong></span> <span class='ocrx_word' id='word_1_130' title='bbox 861 1482 1036 1558; x_wconf 67' lang='lat' dir='ltr'><strong>Pompeios</strong></span> <span class='ocrx_word' id='word_1_131' title='bbox 1068 1475 1216 1540; x_wconf 79' lang='lat' dir='ltr'><strong>obsessas</strong></span> <span class='ocrx_word' id='word_1_132' title='bbox 1245 1484 1304 1539; x_wconf 87' lang='lat' dir='ltr'><strong>est.</strong></span> <span class='ocrx_word' id='word_1_133' title='bbox 1345 1475 1428 1537; x_wconf 78' lang='lat' dir='ltr'><strong>Cum</strong></span> 
     </span>
     <span class='ocr_line' id='line_1_15' title="bbox 118 1562 1427 1649; baseline 0.002 -26"><span class='ocrx_word' id='word_1_134' title='bbox 118 1566 292 1643; x_wconf 85' lang='lat' dir='ltr'><strong>oppetirr,</strong></span> <span class='ocrx_word' id='word_1_135' title='bbox 306 1586 373 1627; x_wconf 92' lang='lat' dir='ltr'><strong>non</strong></span> <span class='ocrx_word' id='word_1_136' title='bbox 387 1576 466 1627; x_wconf 88' lang='lat' dir='ltr'><strong>ntor</strong></span> <span class='ocrx_word' id='word_1_137' title='bbox 476 1571 546 1633; x_wconf 85' lang='lat' dir='ltr'><strong>eius</strong></span> <span class='ocrx_word' id='word_1_138' title='bbox 559 1572 735 1649; x_wconf 74' lang='lat' dir='ltr'><strong>exempto,</strong></span> <span class='ocrx_word' id='word_1_139' title='bbox 758 1587 857 1648; x_wconf 84' lang='lat' dir='ltr'><strong>quern</strong></span> <span class='ocrx_word' id='word_1_140' title='bbox 871 1572 1045 1649; x_wconf 81' lang='lat' dir='ltr'><strong>vitupero,</strong></span> <span class='ocrx_word' id='word_1_141' title='bbox 1066 1576 1097 1631; x_wconf 88' lang='lat' dir='ltr'><strong>et</strong></span> <span class='ocrx_word' id='word_1_142' title='bbox 1108 1565 1275 1628; x_wconf 84' lang='lat' dir='ltr'><strong>indiciam</strong></span> <span class='ocrx_word' id='word_1_143' title='bbox 1284 1562 1427 1626; x_wconf 82' lang='lat' dir='ltr'><strong>tollam:</strong></span> 
     </span>
     <span class='ocr_line' id='line_1_16' title="bbox 118 1654 1469 1736; baseline 0.001 -23"><span class='ocrx_word' id='word_1_144' title='bbox 118 1664 147 1713; x_wconf 85' lang='lat' dir='ltr'><strong>rt</strong></span> <span class='ocrx_word' id='word_1_145' title='bbox 165 1654 292 1736; x_wconf 73' lang='lat' dir='ltr'><strong>reliqua</strong></span> <span class='ocrx_word' id='word_1_146' title='bbox 316 1658 355 1716; x_wconf 90' lang='lat' dir='ltr'><strong>de</strong></span> <span class='ocrx_word' id='word_1_147' title='bbox 377 1655 614 1720; x_wconf 88' lang='lat' dir='ltr'><strong>intercessione.</strong></span> <span class='ocrx_word' id='word_1_148' title='bbox 1438 1666 1469 1714; x_wconf 76' lang='lat' dir='ltr'><strong>ts</strong></span> 
     </span>
    </p>
   </div>
   <div class='ocr_carea' id='block_1_4' title="bbox 115 1746 1499 2568">
    <p class='ocr_par' dir='ltr' id='par_1_4' title="bbox 118 1746 1428 1917">
     <span class='ocr_line' id='line_1_17' title="bbox 198 1746 1428 1832; baseline 0.001 -23"><span class='ocrx_word' id='word_1_149' title='bbox 198 1746 325 1826; x_wconf 81' lang='lat' dir='ltr'><strong>(ibid)</strong></span> <span class='ocrx_word' id='word_1_150' title='bbox 366 1750 470 1811; x_wconf 89' lang='lat' dir='ltr'><strong>Haeo</strong></span> <span class='ocrx_word' id='word_1_151' title='bbox 491 1753 580 1811; x_wconf 90' lang='lat' dir='ltr'><strong>viam</strong></span> <span class='ocrx_word' id='word_1_152' title='bbox 598 1752 761 1832; x_wconf 79' lang='lat' dir='ltr'><strong>Appiam,</strong></span> <span class='ocrx_word' id='word_1_153' title='bbox 792 1761 1044 1816; x_wconf 79' lang='lat' dir='ltr'><strong>monumentum</strong></span> <span class='ocrx_word' id='word_1_154' title='bbox 1075 1749 1218 1811; x_wconf 87' lang='lat' dir='ltr'><strong>nominis</strong></span> <span class='ocrx_word' id='word_1_155' title='bbox 1247 1747 1319 1820; x_wconf 86' lang='lat' dir='ltr'><strong>soi,</strong></span> <span class='ocrx_word' id='word_1_156' title='bbox 1348 1765 1428 1810; x_wconf 84' lang='lat' dir='ltr'><strong>nece</strong></span> 
     </span>
     <span class='ocr_line' id='line_1_18' title="bbox 118 1835 484 1917; baseline 0.005 -20"><span class='ocrx_word' id='word_1_157' title='bbox 118 1835 261 1917; x_wconf 82' lang='lat' dir='ltr'><strong>Papiria</strong></span> <span class='ocrx_word' id='word_1_158' title='bbox 283 1842 484 1903; x_wconf 77' lang='lat' dir='ltr'><strong>cruentavit.</strong></span> 
     </span>
    </p>

    <p class='ocr_par' dir='ltr' id='par_1_5' title="bbox 115 1918 1499 2568">
     <span class='ocr_line' id='line_1_19' title="bbox 197 1918 1427 2013; baseline -0.007 -22"><span class='ocrx_word' id='word_1_159' title='bbox 197 1929 376 2009; x_wconf 83' lang='lat' dir='ltr'><strong>Pompeius</strong></span> <span class='ocrx_word' id='word_1_160' title='bbox 397 1940 469 2007; x_wconf 85' lang='lat' dir='ltr'><strong>post</strong></span> <span class='ocrx_word' id='word_1_161' title='bbox 491 1927 681 2010; x_wconf 85' lang='lat' dir='ltr'><strong>triumphum</strong></span> <span class='ocrx_word' id='word_1_162' title='bbox 704 1929 956 1993; x_wconf 88' lang='lat' dir='ltr'><strong>Mithridaticum</strong></span> <span class='ocrx_word' id='word_1_163' title='bbox 976 1927 1126 2013; x_wconf 82' lang='lat' dir='ltr'><strong>Tigranis</strong></span> <span class='ocrx_word' id='word_1_164' title='bbox 1146 1924 1242 2009; x_wconf 72' lang='lat' dir='ltr'><strong>fliium</strong></span> <span class='ocrx_word' id='word_1_165' title='bbox 1264 1923 1296 1987; x_wconf 90' lang='lat' dir='ltr'><strong>in</strong></span> <span class='ocrx_word' id='word_1_166' title='bbox 1312 1918 1427 1985; x_wconf 86' lang='lat' dir='ltr'><strong>eatenis</strong></span> 
     </span>
     <span class='ocr_line' id='line_1_20' title="bbox 117 2018 1499 2108; baseline -0.004 -27"><span class='ocrx_word' id='word_1_167' title='bbox 117 2020 307 2099; x_wconf 75' lang='lat' dir='ltr'><strong>deposuerat</strong></span> <span class='ocrx_word' id='word_1_168' title='bbox 333 2022 416 2100; x_wconf 89' lang='lat' dir='ltr'><strong>apud</strong></span> <span class='ocrx_word' id='word_1_169' title='bbox 440 2018 582 2083; x_wconf 82' lang='lat' dir='ltr'><strong>Flavium</strong></span> <span class='ocrx_word' id='word_1_170' title='bbox 612 2035 810 2085; x_wconf 81' lang='lat' dir='ltr'><strong>senatorem:</strong></span> <span class='ocrx_word' id='word_1_171' title='bbox 848 2024 902 2108; x_wconf 93' lang='lat' dir='ltr'><strong>qui</strong></span> <span class='ocrx_word' id='word_1_172' title='bbox 938 2034 1047 2105; x_wconf 84' lang='lat' dir='ltr'><strong>postea</strong></span> <span class='ocrx_word' id='word_1_173' title='bbox 1074 2042 1143 2082; x_wconf 90' lang='lat' dir='ltr'><strong>cum</strong></span> <span class='ocrx_word' id='word_1_174' title='bbox 1181 2027 1263 2080; x_wconf 86' lang='lat' dir='ltr'><strong>esset</strong></span> <span class='ocrx_word' id='word_1_175' title='bbox 1295 2026 1499 2097; x_wconf 73' lang='lat' dir='ltr'><strong>praetor-uso</strong></span> 
     </span>
     <span class='ocr_line' id='line_1_21' title="bbox 117 2110 1469 2197; baseline -0.004 -24"><span class='ocrx_word' id='word_1_176' title='bbox 117 2116 228 2174; x_wconf 83' lang='lat' dir='ltr'><strong>eodem</strong></span> <span class='ocrx_word' id='word_1_177' title='bbox 250 2133 351 2186; x_wconf 82' lang='lat' dir='ltr'><strong>anno,</strong></span> <span class='ocrx_word' id='word_1_178' title='bbox 391 2132 456 2193; x_wconf 94' lang='lat' dir='ltr'><strong>quo</strong></span> <span class='ocrx_word' id='word_1_179' title='bbox 474 2113 616 2175; x_wconf 89' lang='lat' dir='ltr'><strong>tribunus</strong></span> <span class='ocrx_word' id='word_1_180' title='bbox 634 2115 735 2194; x_wconf 85' lang='lat' dir='ltr'><strong>piebis</strong></span> <span class='ocrx_word' id='word_1_181' title='bbox 762 2114 911 2191; x_wconf 88' lang='lat' dir='ltr'><strong>Clodius,</strong></span> <span class='ocrx_word' id='word_1_182' title='bbox 943 2115 1032 2197; x_wconf 84' lang='lat' dir='ltr'><strong>petiit</strong></span> <span class='ocrx_word' id='word_1_183' title='bbox 1057 2116 1096 2176; x_wconf 90' lang='lat' dir='ltr'><strong>ab</strong></span> <span class='ocrx_word' id='word_1_184' title='bbox 1115 2134 1154 2175; x_wconf 91' lang='lat' dir='ltr'><strong>eo</strong></span> <span class='ocrx_word' id='word_1_185' title='bbox 1177 2110 1311 2174; x_wconf 79' lang='lat' dir='ltr'><strong>Clodius</strong></span> <span class='ocrx_word' id='word_1_186' title='bbox 1332 2129 1469 2189; x_wconf 66' lang='lat' dir='ltr'><strong>superpo</strong></span> 
     </span>
     <span class='ocr_line' id='line_1_22' title="bbox 117 2201 1427 2287; baseline -0.005 -20"><span class='ocrx_word' id='word_1_187' title='bbox 117 2225 270 2280; x_wconf 79' lang='lat' dir='ltr'><strong>coenant,</strong></span> <span class='ocrx_word' id='word_1_188' title='bbox 293 2216 329 2266; x_wconf 91' lang='lat' dir='ltr'><strong>nt</strong></span> <span class='ocrx_word' id='word_1_189' title='bbox 340 2204 511 2287; x_wconf 83' lang='lat' dir='ltr'><strong>Tigranem</strong></span> <span class='ocrx_word' id='word_1_190' title='bbox 528 2206 640 2268; x_wconf 85' lang='lat' dir='ltr'><strong>adduci</strong></span> <span class='ocrx_word' id='word_1_191' title='bbox 654 2205 795 2281; x_wconf 87' lang='lat' dir='ltr'><strong>iuberet,</strong></span> <span class='ocrx_word' id='word_1_192' title='bbox 815 2221 848 2269; x_wconf 90' lang='lat' dir='ltr'><strong>nt</strong></span> <span class='ocrx_word' id='word_1_193' title='bbox 862 2229 929 2270; x_wconf 83' lang='lat' dir='ltr'><strong>euin</strong></span> <span class='ocrx_word' id='word_1_194' title='bbox 948 2207 1080 2268; x_wconf 87' lang='lat' dir='ltr'><strong>videret.</strong></span> <span class='ocrx_word' id='word_1_195' title='bbox 1124 2205 1302 2266; x_wconf 89' lang='lat' dir='ltr'><strong>Adductum</strong></span> <span class='ocrx_word' id='word_1_196' title='bbox 1324 2201 1427 2263; x_wconf 84' lang='lat' dir='ltr'><strong>coilo-</strong></span> 
     </span>
     <span class='ocr_line' id='line_1_23' title="bbox 116 2293 1427 2380; baseline -0.004 -23"><span class='ocrx_word' id='word_1_197' title='bbox 116 2298 198 2360; x_wconf 84' lang='lat' dir='ltr'><strong>earit</strong></span> <span class='ocrx_word' id='word_1_198' title='bbox 221 2300 253 2359; x_wconf 90' lang='lat' dir='ltr'><strong>in</strong></span> <span class='ocrx_word' id='word_1_199' title='bbox 275 2297 475 2375; x_wconf 86' lang='lat' dir='ltr'><strong>convivium,</strong></span> <span class='ocrx_word' id='word_1_200' title='bbox 511 2299 581 2362; x_wconf 87' lang='lat' dir='ltr'><strong>dein</strong></span> <span class='ocrx_word' id='word_1_201' title='bbox 613 2299 727 2363; x_wconf 77' lang='lat' dir='ltr'><strong>Flavio</strong></span> <span class='ocrx_word' id='word_1_202' title='bbox 764 2321 825 2362; x_wconf 92' lang='lat' dir='ltr'><strong>non</strong></span> <span class='ocrx_word' id='word_1_203' title='bbox 857 2298 1007 2370; x_wconf 87' lang='lat' dir='ltr'><strong>reddidit;</strong></span> <span class='ocrx_word' id='word_1_204' title='bbox 1044 2299 1216 2380; x_wconf 82' lang='lat' dir='ltr'><strong>&#39;l&#39;igrauem</strong></span> <span class='ocrx_word' id='word_1_205' title='bbox 1250 2293 1362 2355; x_wconf 86' lang='lat' dir='ltr'><strong>dimisit</strong></span> <span class='ocrx_word' id='word_1_206' title='bbox 1395 2303 1427 2354; x_wconf 90' lang='lat' dir='ltr'><strong>ct</strong></span> 
     </span>
     <span class='ocr_line' id='line_1_24' title="bbox 115 2387 1423 2472; baseline -0.002 -23"><span class='ocrx_word' id='word_1_207' title='bbox 115 2389 222 2452; x_wconf 75' lang='lat' dir='ltr'><strong>naonis</strong></span> <span class='ocrx_word' id='word_1_208' title='bbox 245 2402 340 2453; x_wconf 80' lang='lat' dir='ltr'><strong>extra</strong></span> <span class='ocrx_word' id='word_1_209' title='bbox 361 2404 503 2466; x_wconf 81' lang='lat' dir='ltr'><strong>catenas,</strong></span> <span class='ocrx_word' id='word_1_210' title='bbox 527 2413 585 2453; x_wconf 91' lang='lat' dir='ltr'><strong>nec</strong></span> <span class='ocrx_word' id='word_1_211' title='bbox 605 2392 761 2472; x_wconf 86' lang='lat' dir='ltr'><strong>repetenti</strong></span> <span class='ocrx_word' id='word_1_212' title='bbox 783 2387 939 2472; x_wconf 83' lang='lat' dir='ltr'><strong>Pompeio</strong></span> <span class='ocrx_word' id='word_1_213' title='bbox 959 2391 1108 2463; x_wconf 83' lang='lat' dir='ltr'><strong>reddidit3</strong></span> <span class='ocrx_word' id='word_1_214' title='bbox 1140 2400 1251 2469; x_wconf 85' lang='lat' dir='ltr'><strong>postca</strong></span> <span class='ocrx_word' id='word_1_215' title='bbox 1267 2388 1296 2448; x_wconf 91' lang='lat' dir='ltr'><strong>io</strong></span> <span class='ocrx_word' id='word_1_216' title='bbox 1313 2407 1423 2448; x_wconf 87' lang='lat' dir='ltr'><strong>navem</strong></span> 
     </span>
     <span class='ocr_line' id='line_1_25' title="bbox 115 2480 1424 2568; baseline -0.002 -25"><span class='ocrx_word' id='word_1_217' title='bbox 115 2484 284 2564; x_wconf 84' lang='lat' dir='ltr'><strong>deposuit,</strong></span> <span class='ocrx_word' id='word_1_218' title='bbox 308 2495 340 2545; x_wconf 87' lang='lat' dir='ltr'><strong>et</strong></span> <span class='ocrx_word' id='word_1_219' title='bbox 361 2506 431 2547; x_wconf 87' lang='lat' dir='ltr'><strong>curn</strong></span> <span class='ocrx_word' id='word_1_220' title='bbox 451 2485 640 2568; x_wconf 77' lang='lat' dir='ltr'><strong>profugeret</strong></span> <span class='ocrx_word' id='word_1_221' title='bbox 661 2485 730 2563; x_wconf 87' lang='lat' dir='ltr'><strong>ille,</strong></span> <span class='ocrx_word' id='word_1_222' title='bbox 756 2497 938 2567; x_wconf 86' lang='lat' dir='ltr'><strong>tempestate</strong></span> <span class='ocrx_word' id='word_1_223' title='bbox 953 2485 1075 2547; x_wconf 85' lang='lat' dir='ltr'><strong>delatus</strong></span> <span class='ocrx_word' id='word_1_224' title='bbox 1091 2494 1138 2546; x_wconf 86' lang='lat' dir='ltr'><strong>est</strong></span> <span class='ocrx_word' id='word_1_225' title='bbox 1156 2480 1301 2545; x_wconf 88' lang='lat' dir='ltr'><strong>Antium.</strong></span> <span class='ocrx_word' id='word_1_226' title='bbox 1346 2481 1424 2542; x_wconf 87' lang='lat' dir='ltr'><strong>lude</strong></span> 
     </span>
    </p>
   </div>
   <div class='ocr_carea' id='block_1_5' title="bbox 1183 2642 1419 2659">
    <p class='ocr_par' dir='ltr' id='par_1_6' title="bbox 1183 2642 1419 2659">
     <span class='ocr_line' id='line_1_26' title="bbox 1183 2642 1419 2659; baseline -0.004 -2"><span class='ocrx_word' id='word_1_227' title='bbox 1183 2642 1419 2659; x_wconf 44' lang='grc' dir='ltr'><strong>α</strong></span> 
     </span>
    </p>
   </div>
   <div class='ocr_carea' id='block_1_6' title="bbox 115 2753 1429 4843">
    <p class='ocr_par' dir='ltr' id='par_1_7' title="bbox 115 2753 1426 2902">
     <span class='ocr_line' id='line_1_27' title="bbox 116 2753 1426 2828; baseline -0.004 -21"><span class='ocrx_word' id='word_1_228' title='bbox 116 2772 140 2807; x_wconf 80' lang='lat' dir='ltr'><strong>et</strong></span> <span class='ocrx_word' id='word_1_229' title='bbox 158 2772 236 2825; x_wconf 83' lang='lat' dir='ltr'><strong>seqq.</strong></span> <span class='ocrx_word' id='word_1_230' title='bbox 256 2754 337 2807; x_wconf 84' lang='lat' dir='ltr'><strong>male.</strong></span> <span class='ocrx_word' id='word_1_231' title='bbox 375 2755 482 2808; x_wconf 78' lang='lat' dir='ltr'><strong>Diserte</strong></span> <span class='ocrx_word' id='word_1_232' title='bbox 501 2762 574 2809; x_wconf 89' lang='lat' dir='ltr'><strong>enirn</strong></span> <span class='ocrx_word' id='word_1_233' title='bbox 592 2756 736 2828; x_wconf 79' lang='lat' dir='ltr'><strong>distinguit</strong></span> <span class='ocrx_word' id='word_1_234' title='bbox 751 2761 883 2810; x_wconf 80' lang='lat' dir='ltr'><strong>Asconius</strong></span> <span class='ocrx_word' id='word_1_235' title='bbox 908 2770 940 2808; x_wconf 85' lang='lat' dir='ltr'><strong>ea</strong></span> <span class='ocrx_word' id='word_1_236' title='bbox 958 2753 1211 2818; x_wconf 84' lang='lat' dir='ltr'><strong>verbsCicerouis,</strong></span> <span class='ocrx_word' id='word_1_237' title='bbox 1241 2767 1309 2824; x_wconf 86' lang='lat' dir='ltr'><strong>quse</strong></span> <span class='ocrx_word' id='word_1_238' title='bbox 1330 2754 1426 2803; x_wconf 82' lang='lat' dir='ltr'><strong>mani-</strong></span> 
     </span>
     <span class='ocr_line' id='line_1_28' title="bbox 115 2826 1115 2902; baseline -0.002 -19"><span class='ocrx_word' id='word_1_239' title='bbox 115 2826 214 2883; x_wconf 76' lang='lat' dir='ltr'><strong>iesrnrn</strong></span> <span class='ocrx_word' id='word_1_240' title='bbox 234 2835 272 2883; x_wconf 83' lang='lat' dir='ltr'><strong>sie</strong></span> <span class='ocrx_word' id='word_1_241' title='bbox 292 2848 347 2899; x_wconf 88' lang='lat' dir='ltr'><strong>qao</strong></span> <span class='ocrx_word' id='word_1_242' title='bbox 365 2836 535 2901; x_wconf 73' lang='lat' dir='ltr'><strong>pertineant,</strong></span> <span class='ocrx_word' id='word_1_243' title='bbox 554 2831 588 2883; x_wconf 84' lang='lat' dir='ltr'><strong>ab</strong></span> <span class='ocrx_word' id='word_1_244' title='bbox 608 2837 658 2897; x_wconf 80' lang='lat' dir='ltr'><strong>iis,</strong></span> <span class='ocrx_word' id='word_1_245' title='bbox 678 2848 745 2902; x_wconf 85' lang='lat' dir='ltr'><strong>qnae</strong></span> <span class='ocrx_word' id='word_1_246' title='bbox 766 2832 947 2885; x_wconf 80' lang='lat' dir='ltr'><strong>illustratione</strong></span> <span class='ocrx_word' id='word_1_247' title='bbox 967 2832 1115 2900; x_wconf 75' lang='lat' dir='ltr'><strong>indigeant.</strong></span> 
     </span>
    </p>

    <p class='ocr_par' dir='ltr' id='par_1_8' title="bbox 210 2904 644 2974">
     <span class='ocr_line' id='line_1_29' title="bbox 210 2904 644 2974; baseline 0.002 -19"><span class='ocrx_word' id='word_1_248' title='bbox 210 2912 237 2960; x_wconf 82' lang='lat'><strong>1.</strong></span> <span class='ocrx_word' id='word_1_249' title='bbox 257 2908 323 2974; x_wconf 74' lang='lat' dir='ltr'><strong>quo]</strong></span> <span class='ocrx_word' id='word_1_250' title='bbox 343 2904 417 2973; x_wconf 82' lang='lat' dir='ltr'><strong>qvtod</strong></span> <span class='ocrx_word' id='word_1_251' title='bbox 432 2909 521 2958; x_wconf 76' lang='lat' dir='ltr'><strong>Ptine.</strong></span> <span class='ocrx_word' id='word_1_252' title='bbox 537 2905 644 2958; x_wconf 83' lang='lat' dir='ltr'><strong>Beratd.</strong></span> 
     </span>
    </p>

    <p class='ocr_par' dir='ltr' id='par_1_9' title="bbox 119 2975 1426 3109">
     <span class='ocr_line' id='line_1_30' title="bbox 189 2975 1426 3050; baseline -0.002 -20"><span class='ocrx_word' id='word_1_253' title='bbox 189 2978 264 3032; x_wconf 80' lang='lat' dir='ltr'><strong>ibid.</strong></span> <span class='ocrx_word' id='word_1_254' title='bbox 282 2997 301 3028; x_wconf 85' lang='lat' dir='ltr'><strong>a</strong></span> <span class='ocrx_word' id='word_1_255' title='bbox 319 2980 418 3031; x_wconf 87' lang='lat' dir='ltr'><strong>Ctadio</strong></span> <span class='ocrx_word' id='word_1_256' title='bbox 435 2984 465 3030; x_wconf 92' lang='lat' dir='ltr'><strong>in</strong></span> <span class='ocrx_word' id='word_1_257' title='bbox 483 2984 554 3047; x_wconf 73' lang='lat' dir='ltr'><strong>erana]</strong></span> <span class='ocrx_word' id='word_1_258' title='bbox 576 2979 681 3033; x_wconf 81' lang='lat' dir='ltr'><strong>tiernld.</strong></span> <span class='ocrx_word' id='word_1_259' title='bbox 696 2978 779 3050; x_wconf 77' lang='lat' dir='ltr'><strong>Lngd.</strong></span> <span class='ocrx_word' id='word_1_260' title='bbox 795 2979 872 3033; x_wconf 74' lang='lat' dir='ltr'><strong>Man.</strong></span> <span class='ocrx_word' id='word_1_261' title='bbox 894 3009 924 3021; x_wconf 93' lang='lat'>-</span> <span class='ocrx_word' id='word_1_262' title='bbox 947 2978 1043 3031; x_wconf 83' lang='lat' dir='ltr'><strong>Clodio</strong></span> <span class='ocrx_word' id='word_1_263' title='bbox 1061 2983 1090 3029; x_wconf 88' lang='lat' dir='ltr'><strong>in</strong></span> <span class='ocrx_word' id='word_1_264' title='bbox 1108 2995 1141 3029; x_wconf 87' lang='lat' dir='ltr'><strong>eo</strong></span> <span class='ocrx_word' id='word_1_265' title='bbox 1155 2976 1223 3049; x_wconf 89' lang='lat' dir='ltr'><strong>(om.</strong></span> <span class='ocrx_word' id='word_1_266' title='bbox 1234 2979 1266 3040; x_wconf 84' lang='lat' dir='ltr'><strong>a)</strong></span> <span class='ocrx_word' id='word_1_267' title='bbox 1279 2975 1369 3030; x_wconf 83' lang='lat' dir='ltr'><strong>Prior.</strong></span> <span class='ocrx_word' id='word_1_268' title='bbox 1389 3002 1426 3019; x_wconf 91' lang='lat'><em>-</em></span> 
     </span>
     <span class='ocr_line' id='line_1_31' title="bbox 119 3050 1367 3109; baseline -0.001 -5"><span class='ocrx_word' id='word_1_269' title='bbox 119 3052 214 3105; x_wconf 78' lang='lat' dir='ltr'><strong>Cdodio</strong></span> <span class='ocrx_word' id='word_1_270' title='bbox 227 3058 265 3104; x_wconf 81' lang='lat' dir='ltr'><strong>&#39;in</strong></span> <span class='ocrx_word' id='word_1_271' title='bbox 280 3071 341 3106; x_wconf 81' lang='lat' dir='ltr'><strong>eum</strong></span> <span class='ocrx_word' id='word_1_272' title='bbox 361 3054 421 3106; x_wconf 75' lang='lat' dir='ltr'><strong>nid.</strong></span> <span class='ocrx_word' id='word_1_273' title='bbox 443 3084 473 3096; x_wconf 90' lang='lat'>-</span> <span class='ocrx_word' id='word_1_274' title='bbox 495 3055 585 3107; x_wconf 85' lang='lat' dir='ltr'><strong>Clodii</strong></span> <span class='ocrx_word' id='word_1_275' title='bbox 604 3061 633 3106; x_wconf 90' lang='lat' dir='ltr'><strong>in</strong></span> <span class='ocrx_word' id='word_1_276' title='bbox 658 3073 719 3106; x_wconf 81' lang='lat' dir='ltr'><strong>earn</strong></span> <span class='ocrx_word' id='word_1_277' title='bbox 737 3053 803 3107; x_wconf 85' lang='lat' dir='ltr'><strong>Lod.</strong></span> <span class='ocrx_word' id='word_1_278' title='bbox 823 3084 860 3097; x_wconf 91' lang='grc'><strong>-</strong></span> <span class='ocrx_word' id='word_1_279' title='bbox 879 3072 897 3105; x_wconf 84' lang='lat' dir='ltr'><strong>a</strong></span> <span class='ocrx_word' id='word_1_280' title='bbox 920 3059 950 3109; x_wconf 80' lang='lat' dir='ltr'><strong>P.</strong></span> <span class='ocrx_word' id='word_1_281' title='bbox 968 3055 1063 3106; x_wconf 79' lang='lat' dir='ltr'><strong>Clodio</strong></span> <span class='ocrx_word' id='word_1_282' title='bbox 1082 3059 1111 3103; x_wconf 90' lang='lat' dir='ltr'><strong>iu</strong></span> <span class='ocrx_word' id='word_1_283' title='bbox 1125 3072 1184 3103; x_wconf 86' lang='lat' dir='ltr'><strong>euru</strong></span> <span class='ocrx_word' id='word_1_284' title='bbox 1205 3054 1269 3104; x_wconf 84' lang='grc' dir='ltr'><strong>11οι.</strong></span> <span class='ocrx_word' id='word_1_285' title='bbox 1285 3050 1367 3103; x_wconf 84' lang='lat' dir='ltr'><strong>Creu.</strong></span> 
     </span>
    </p>

    <p class='ocr_par' dir='ltr' id='par_1_10' title="bbox 208 3123 1424 3200">
     <span class='ocr_line' id='line_1_32' title="bbox 208 3123 1424 3200; baseline -0.002 -21"><span class='ocrx_word' id='word_1_286' title='bbox 208 3135 237 3185; x_wconf 84' lang='lat'><strong>2.</strong></span> <span class='ocrx_word' id='word_1_287' title='bbox 256 3129 354 3197; x_wconf 82' lang='lat' dir='ltr'><strong>cessit]</strong></span> <span class='ocrx_word' id='word_1_288' title='bbox 374 3133 486 3180; x_wconf 81' lang='lat' dir='ltr'><strong>arcessit</strong></span> <span class='ocrx_word' id='word_1_289' title='bbox 508 3132 599 3181; x_wconf 71' lang='lat' dir='ltr'><strong>irinc.</strong></span> <span class='ocrx_word' id='word_1_290' title='bbox 767 3136 793 3185; x_wconf 87' lang='grc'><strong>2.</strong></span> <span class='ocrx_word' id='word_1_291' title='bbox 813 3130 940 3200; x_wconf 84' lang='lat' dir='ltr'><strong>Pompeio</strong></span> <span class='ocrx_word' id='word_1_292' title='bbox 959 3133 1011 3196; x_wconf 84' lang='lat' dir='ltr'><strong>est]</strong></span> <span class='ocrx_word' id='word_1_293' title='bbox 1029 3133 1155 3198; x_wconf 82' lang='lat' dir='ltr'><strong>pompeio</strong></span> <span class='ocrx_word' id='word_1_294' title='bbox 1168 3135 1196 3178; x_wconf 81' lang='lat' dir='ltr'><strong>et</strong></span> <span class='ocrx_word' id='word_1_295' title='bbox 1212 3126 1305 3179; x_wconf 81' lang='lat' dir='ltr'><strong>Ptine.</strong></span> <span class='ocrx_word' id='word_1_296' title='bbox 1316 3123 1424 3181; x_wconf 78' lang='lat' dir='ltr'><strong>iterati.</strong></span> 
     </span>
    </p>

    <p class='ocr_par' dir='ltr' id='par_1_11' title="bbox 207 3202 1167 3274">
     <span class='ocr_line' id='line_1_33' title="bbox 207 3202 1167 3274; baseline 0.001 -21"><span class='ocrx_word' id='word_1_297' title='bbox 207 3208 236 3263; x_wconf 79' lang='lat'><strong>5.</strong></span> <span class='ocrx_word' id='word_1_298' title='bbox 257 3204 389 3268; x_wconf 73' lang='lat' dir='ltr'><strong>carunto]</strong></span> <span class='ocrx_word' id='word_1_299' title='bbox 404 3202 727 3258; x_wconf 77' lang='lat' dir='ltr'><strong>GabinoPrinc.Bersld.</strong></span> <span class='ocrx_word' id='word_1_300' title='bbox 765 3209 793 3261; x_wconf 81' lang='lat'><strong>11.</strong></span> <span class='ocrx_word' id='word_1_301' title='bbox 810 3203 928 3274; x_wconf 83' lang='lat' dir='ltr'><strong>dicitur]</strong></span> <span class='ocrx_word' id='word_1_302' title='bbox 948 3209 1054 3255; x_wconf 82' lang='lat' dir='ltr'><strong>vicitur</strong></span> <span class='ocrx_word' id='word_1_303' title='bbox 1076 3206 1167 3255; x_wconf 81' lang='lat' dir='ltr'><strong>Priuc.</strong></span> 
     </span>
    </p>

    <p class='ocr_par' dir='ltr' id='par_1_12' title="bbox 117 3276 1427 3419">
     <span class='ocr_line' id='line_1_34' title="bbox 208 3276 1426 3351; baseline -0.003 -25"><span class='ocrx_word' id='word_1_304' title='bbox 208 3282 236 3335; x_wconf 76' lang='lat'><strong>5.</strong></span> <span class='ocrx_word' id='word_1_305' title='bbox 255 3280 327 3344; x_wconf 85' lang='lat' dir='ltr'><strong>sico]</strong></span> <span class='ocrx_word' id='word_1_306' title='bbox 349 3276 456 3331; x_wconf 82' lang='lat' dir='ltr'><strong>Bersid.</strong></span> <span class='ocrx_word' id='word_1_307' title='bbox 473 3277 540 3330; x_wconf 83' lang='lat' dir='ltr'><strong>Lod.</strong></span> <span class='ocrx_word' id='word_1_308' title='bbox 560 3277 724 3351; x_wconf 76' lang='lat' dir='ltr'><strong>Madvigius.</strong></span> <span class='ocrx_word' id='word_1_309' title='bbox 748 3306 786 3319; x_wconf 91' lang='lat'>—</span> <span class='ocrx_word' id='word_1_310' title='bbox 808 3285 888 3331; x_wconf 80' lang='lat' dir='ltr'><strong>eicon</strong></span> <span class='ocrx_word' id='word_1_311' title='bbox 910 3284 1041 3332; x_wconf 71' lang='lat' dir='ltr'><strong>braevios</strong></span> <span class='ocrx_word' id='word_1_312' title='bbox 1060 3295 1075 3329; x_wconf 84' lang='lat' dir='ltr'><strong>e</strong></span> <span class='ocrx_word' id='word_1_313' title='bbox 1093 3276 1189 3329; x_wconf 84' lang='lat' dir='ltr'><strong>codice</strong></span> <span class='ocrx_word' id='word_1_314' title='bbox 1208 3291 1268 3327; x_wconf 86' lang='lat' dir='ltr'><strong>suo.</strong></span> <span class='ocrx_word' id='word_1_315' title='bbox 1287 3299 1323 3311; x_wconf 96' lang='lat'><em>-</em></span> <span class='ocrx_word' id='word_1_316' title='bbox 1341 3278 1426 3324; x_wconf 82' lang='lat' dir='ltr'><strong>sicam</strong></span> 
     </span>
     <span class='ocr_line' id='line_1_35' title="bbox 117 3345 1427 3419; baseline -0.013 -2"><span class='ocrx_word' id='word_1_317' title='bbox 117 3356 211 3405; x_wconf 58' lang='lat'><strong>²⁸⁶3·</strong></span> <span class='ocrx_word' id='word_1_318' title='bbox 769 3359 796 3409; x_wconf 82' lang='lat'><strong>5.</strong></span> <span class='ocrx_word' id='word_1_319' title='bbox 815 3354 973 3419; x_wconf 84' lang='lat' dir='ltr'><strong>Gabinium]</strong></span> <span class='ocrx_word' id='word_1_320' title='bbox 995 3354 1130 3403; x_wconf 68' lang='lat' dir='ltr'><strong>Gabinium</strong></span> <span class='ocrx_word' id='word_1_321' title='bbox 1147 3356 1236 3404; x_wconf 84' lang='lat' dir='ltr'><strong>i’rino.</strong></span> <span class='ocrx_word' id='word_1_322' title='bbox 1248 3345 1352 3401; x_wconf 75' lang='lat' dir='ltr'><strong>iterato.</strong></span> <span class='ocrx_word' id='word_1_323' title='bbox 1366 3347 1427 3400; x_wconf 80' lang='lat' dir='ltr'><strong>nid.</strong></span> 
     </span>
    </p>

    <p class='ocr_par' dir='ltr' id='par_1_13' title="bbox 118 3423 1428 3574">
     <span class='ocr_line' id='line_1_36' title="bbox 209 3423 1428 3499; baseline -0.003 -23"><span class='ocrx_word' id='word_1_324' title='bbox 209 3430 237 3481; x_wconf 78' lang='grc'><strong>7.</strong></span> <span class='ocrx_word' id='word_1_325' title='bbox 256 3433 285 3476; x_wconf 85' lang='lat' dir='ltr'><strong>et</strong></span> <span class='ocrx_word' id='word_1_326' title='bbox 305 3442 335 3476; x_wconf 82' lang='lat' dir='ltr'><strong>se</strong></span> <span class='ocrx_word' id='word_1_327' title='bbox 351 3424 428 3477; x_wconf 83' lang='lat' dir='ltr'><strong>domi</strong></span> <span class='ocrx_word' id='word_1_328' title='bbox 445 3430 556 3494; x_wconf 72' lang='lat' dir='ltr'><strong>tenurit]</strong></span> <span class='ocrx_word' id='word_1_329' title='bbox 576 3426 739 3499; x_wconf 75' lang='lat' dir='ltr'><strong>Madvigius.</strong></span> <span class='ocrx_word' id='word_1_330' title='bbox 758 3455 794 3470; x_wconf 92' lang='lat'>-</span> <span class='ocrx_word' id='word_1_331' title='bbox 813 3427 962 3498; x_wconf 26' lang='lat' dir='ltr'><strong>exveodem</strong></span> <span class='ocrx_word' id='word_1_332' title='bbox 982 3433 1072 3478; x_wconf 76' lang='lat' dir='ltr'><strong>tenuris</strong></span> <span class='ocrx_word' id='word_1_333' title='bbox 1096 3427 1187 3479; x_wconf 87' lang='lat' dir='ltr'><strong>Prino.</strong></span> <span class='ocrx_word' id='word_1_334' title='bbox 1215 3452 1253 3465; x_wconf 89' lang='lat'>—</span> <span class='ocrx_word' id='word_1_335' title='bbox 1279 3442 1315 3474; x_wconf 74' lang='lat' dir='ltr'><strong>es·</strong></span> <span class='ocrx_word' id='word_1_336' title='bbox 1333 3423 1428 3473; x_wconf 86' lang='lat' dir='ltr'><strong>eodem</strong></span> 
     </span>
     <span class='ocr_line' id='line_1_37' title="bbox 118 3499 1258 3574; baseline 0.001 -23"><span class='ocrx_word' id='word_1_337' title='bbox 118 3509 240 3570; x_wconf 74' lang='lat' dir='ltr'><strong>tmpore</strong></span> <span class='ocrx_word' id='word_1_338' title='bbox 256 3500 363 3554; x_wconf 80' lang='lat' dir='ltr'><strong>Bersid.</strong></span> <span class='ocrx_word' id='word_1_339' title='bbox 383 3499 448 3554; x_wconf 83' lang='lat' dir='ltr'><strong>Lod.</strong></span> <span class='ocrx_word' id='word_1_340' title='bbox 469 3503 553 3574; x_wconf 78' lang='lat' dir='ltr'><strong>Lugd.</strong></span> <span class='ocrx_word' id='word_1_341' title='bbox 573 3531 608 3545; x_wconf 89' lang='lat'><em>-</em></span> <span class='ocrx_word' id='word_1_342' title='bbox 627 3522 663 3553; x_wconf 76' lang='lat' dir='ltr'><strong>ca</strong></span> <span class='ocrx_word' id='word_1_343' title='bbox 681 3522 713 3553; x_wconf 82' lang='lat' dir='ltr'><strong>co</strong></span> <span class='ocrx_word' id='word_1_344' title='bbox 730 3501 805 3553; x_wconf 85' lang='lat' dir='ltr'><strong>dorni</strong></span> <span class='ocrx_word' id='word_1_345' title='bbox 824 3512 904 3553; x_wconf 74' lang='lat' dir='ltr'><strong>tenuis</strong></span> <span class='ocrx_word' id='word_1_346' title='bbox 922 3501 978 3554; x_wconf 83' lang='lat' dir='ltr'><strong>nid.</strong></span> <span class='ocrx_word' id='word_1_347' title='bbox 997 3504 1060 3554; x_wconf 78' lang='lat' dir='ltr'><strong>Hor.</strong></span> <span class='ocrx_word' id='word_1_348' title='bbox 1079 3504 1156 3554; x_wconf 85' lang='lat' dir='ltr'><strong>Man.</strong></span> <span class='ocrx_word' id='word_1_349' title='bbox 1177 3502 1258 3552; x_wconf 81' lang='lat' dir='ltr'><strong>Creo.</strong></span> 
     </span>
    </p>

    <p class='ocr_par' dir='ltr' id='par_1_14' title="bbox 207 3574 1358 3647">
     <span class='ocr_line' id='line_1_38' title="bbox 207 3574 1358 3647; baseline 0 -23"><span class='ocrx_word' id='word_1_350' title='bbox 207 3584 235 3633; x_wconf 82' lang='lat'><strong>8.</strong></span> <span class='ocrx_word' id='word_1_351' title='bbox 256 3578 334 3641; x_wconf 87' lang='lat' dir='ltr'><strong>anni]</strong></span> <span class='ocrx_word' id='word_1_352' title='bbox 356 3592 411 3627; x_wconf 82' lang='lat' dir='ltr'><strong>orn.</strong></span> <span class='ocrx_word' id='word_1_353' title='bbox 423 3578 513 3629; x_wconf 86' lang='lat' dir='ltr'><strong>Priuo.</strong></span> <span class='ocrx_word' id='word_1_354' title='bbox 527 3576 634 3630; x_wconf 76' lang='lat' dir='ltr'><strong>lteratd.</strong></span> <span class='ocrx_word' id='word_1_355' title='bbox 646 3576 709 3630; x_wconf 77' lang='lat' dir='ltr'><strong>Ald.</strong></span> <span class='ocrx_word' id='word_1_356' title='bbox 719 3577 786 3631; x_wconf 85' lang='lat' dir='ltr'><strong>Lod.</strong></span> <span class='ocrx_word' id='word_1_357' title='bbox 805 3605 842 3619; x_wconf 94' lang='lat'>-</span> <span class='ocrx_word' id='word_1_358' title='bbox 860 3583 992 3646; x_wconf 78' lang='lat' dir='ltr'><strong>temporis</strong></span> <span class='ocrx_word' id='word_1_359' title='bbox 1005 3575 1093 3647; x_wconf 78' lang='lat' dir='ltr'><strong>Lugd.</strong></span> <span class='ocrx_word' id='word_1_360' title='bbox 1106 3576 1170 3628; x_wconf 81' lang='grc' dir='ltr'><strong>11οι.</strong></span> <span class='ocrx_word' id='word_1_361' title='bbox 1185 3574 1263 3627; x_wconf 71' lang='lat' dir='ltr'><strong>Mna.</strong></span> <span class='ocrx_word' id='word_1_362' title='bbox 1277 3574 1358 3627; x_wconf 81' lang='lat' dir='ltr'><strong>Creo.</strong></span> 
     </span>
    </p>

    <p class='ocr_par' dir='ltr' id='par_1_15' title="bbox 188 3648 1370 3722">
     <span class='ocr_line' id='line_1_39' title="bbox 188 3648 1370 3722; baseline 0.01 -24"><span class='ocrx_word' id='word_1_363' title='bbox 188 3657 235 3705; x_wconf 77' lang='lat'><strong>10.</strong></span> <span class='ocrx_word' id='word_1_364' title='bbox 256 3651 423 3717; x_wconf 78' lang='lat' dir='ltr'><strong>appellaret]</strong></span> <span class='ocrx_word' id='word_1_365' title='bbox 437 3652 707 3720; x_wconf 77' lang='lat' dir='ltr'><strong>appellarentl’rittc.</strong></span> <span class='ocrx_word' id='word_1_366' title='bbox 753 3658 796 3709; x_wconf 77' lang='lat'><strong>11·</strong></span> <span class='ocrx_word' id='word_1_367' title='bbox 816 3651 865 3719; x_wconf 69' lang='lat' dir='ltr'><strong>El]</strong></span> <span class='ocrx_word' id='word_1_368' title='bbox 888 3655 931 3701; x_wconf 67' lang='lat' dir='ltr'><strong>Ab</strong></span> <span class='ocrx_word' id='word_1_369' title='bbox 952 3653 1063 3721; x_wconf 74' lang='lat' dir='ltr'><strong>Pighius</strong></span> <span class='ocrx_word' id='word_1_370' title='bbox 1075 3653 1145 3703; x_wconf 68' lang='grc'><strong>11111·</strong></span> <span class='ocrx_word' id='word_1_371' title='bbox 1157 3652 1190 3702; x_wconf 76' lang='grc' dir='ltr'><strong>Τ·</strong></span> <span class='ocrx_word' id='word_1_372' title='bbox 1205 3650 1293 3722; x_wconf 67' lang='lat' dir='ltr'><strong>lli-P-</strong></span> <span class='ocrx_word' id='word_1_373' title='bbox 1305 3648 1370 3705; x_wconf 69' lang='grc'><strong><em>565·</em></strong></span> 
     </span>
    </p>

    <p class='ocr_par' dir='ltr' id='par_1_16' title="bbox 190 3722 1290 3796">
     <span class='ocr_line' id='line_1_40' title="bbox 190 3722 1290 3796; baseline -0.003 -16"><span class='ocrx_word' id='word_1_374' title='bbox 190 3729 235 3780; x_wconf 74' lang='lat' dir='ltr'><strong>tt.</strong></span> <span class='ocrx_word' id='word_1_375' title='bbox 255 3724 357 3791; x_wconf 77' lang='lat' dir='ltr'><strong>Clodii]</strong></span> <span class='ocrx_word' id='word_1_376' title='bbox 376 3725 472 3777; x_wconf 79' lang='lat' dir='ltr'><strong>Clodio</strong></span> <span class='ocrx_word' id='word_1_377' title='bbox 492 3730 581 3780; x_wconf 83' lang='lat' dir='ltr'><strong>t’rinc.</strong></span> <span class='ocrx_word' id='word_1_378' title='bbox 748 3726 791 3783; x_wconf 77' lang='lat' dir='ltr'><strong>ti.</strong></span> <span class='ocrx_word' id='word_1_379' title='bbox 811 3727 944 3796; x_wconf 76' lang='lat' dir='ltr'><strong>appeller]</strong></span> <span class='ocrx_word' id='word_1_380' title='bbox 963 3726 1083 3796; x_wconf 77' lang='lat' dir='ltr'><strong>appellat</strong></span> <span class='ocrx_word' id='word_1_381' title='bbox 1101 3725 1211 3778; x_wconf 72' lang='lat' dir='ltr'><strong>Graevii</strong></span> <span class='ocrx_word' id='word_1_382' title='bbox 1227 3722 1290 3777; x_wconf 83' lang='lat' dir='ltr'><strong>cod.</strong></span> 
     </span>
    </p>

    <p class='ocr_par' dir='ltr' id='par_1_17' title="bbox 191 3800 692 3871">
     <span class='ocr_line' id='line_1_41' title="bbox 191 3800 692 3871; baseline 0.002 -18"><span class='ocrx_word' id='word_1_383' title='bbox 191 3803 237 3853; x_wconf 82' lang='grc'><strong>11.</strong></span> <span class='ocrx_word' id='word_1_384' title='bbox 257 3806 284 3848; x_wconf 89' lang='lat' dir='ltr'><strong>et</strong></span> <span class='ocrx_word' id='word_1_385' title='bbox 304 3801 372 3865; x_wconf 75' lang='lat' dir='ltr'><strong>ind]</strong></span> <span class='ocrx_word' id='word_1_386' title='bbox 392 3800 495 3856; x_wconf 78' lang='lat' dir='ltr'><strong>atiud.</strong></span> <span class='ocrx_word' id='word_1_387' title='bbox 517 3802 629 3871; x_wconf 74' lang='lat' dir='ltr'><strong>Pighius</strong></span> <span class='ocrx_word' id='word_1_388' title='bbox 641 3800 661 3856; x_wconf 89' lang='lat' dir='ltr'><strong>l.</strong></span> <span class='ocrx_word' id='word_1_389' title='bbox 673 3800 692 3854; x_wconf 91' lang='grc'><strong>1.</strong></span> 
     </span>
    </p>

    <p class='ocr_par' dir='ltr' id='par_1_18' title="bbox 117 3870 1428 4093">
     <span class='ocr_line' id='line_1_42' title="bbox 191 3870 1428 3947; baseline -0.003 -24"><span class='ocrx_word' id='word_1_390' title='bbox 191 3874 238 3929; x_wconf 80' lang='lat'><strong>16.</strong></span> <span class='ocrx_word' id='word_1_391' title='bbox 257 3874 334 3923; x_wconf 68' lang='lat' dir='ltr'><strong>uuo</strong></span> <span class='ocrx_word' id='word_1_392' title='bbox 351 3878 429 3924; x_wconf 79' lang='lat' dir='ltr'><strong>viam</strong></span> <span class='ocrx_word' id='word_1_393' title='bbox 449 3878 579 3946; x_wconf 81' lang='lat' dir='ltr'><strong>Appiam]</strong></span> <span class='ocrx_word' id='word_1_394' title='bbox 604 3874 671 3927; x_wconf 76' lang='lat' dir='ltr'><strong>daec</strong></span> <span class='ocrx_word' id='word_1_395' title='bbox 688 3881 775 3927; x_wconf 85' lang='lat' dir='ltr'><strong>irtam</strong></span> <span class='ocrx_word' id='word_1_396' title='bbox 794 3878 912 3945; x_wconf 81' lang='lat' dir='ltr'><strong>Appiam</strong></span> <span class='ocrx_word' id='word_1_397' title='bbox 932 3880 1008 3927; x_wconf 83' lang='lat' dir='ltr'><strong>viam</strong></span> <span class='ocrx_word' id='word_1_398' title='bbox 1038 3872 1123 3947; x_wconf 69' lang='lat' dir='ltr'><strong>Lopd.</strong></span> <span class='ocrx_word' id='word_1_399' title='bbox 1149 3875 1215 3929; x_wconf 82' lang='grc' dir='ltr'><strong>Ηοι.</strong></span> <span class='ocrx_word' id='word_1_400' title='bbox 1242 3873 1320 3926; x_wconf 82' lang='lat' dir='ltr'><strong>Mon.</strong></span> <span class='ocrx_word' id='word_1_401' title='bbox 1345 3870 1428 3921; x_wconf 87' lang='lat' dir='ltr'><strong>Creo.</strong></span> 
     </span>
     <span class='ocr_line' id='line_1_43' title="bbox 117 3946 1427 4023; baseline -0.003 -25"><span class='ocrx_word' id='word_1_402' title='bbox 117 3962 178 3999; x_wconf 79' lang='lat' dir='ltr'><strong>enta</strong></span> <span class='ocrx_word' id='word_1_403' title='bbox 195 3946 359 4017; x_wconf 79' lang='lat' dir='ltr'><strong>quibusoam</strong></span> <span class='ocrx_word' id='word_1_404' title='bbox 382 3950 461 4002; x_wconf 85' lang='lat' dir='ltr'><strong>editt.</strong></span> <span class='ocrx_word' id='word_1_405' title='bbox 480 3955 637 4016; x_wconf 61' lang='lat' dir='ltr'><strong>aaronis,</strong></span> <span class='ocrx_word' id='word_1_406' title='bbox 670 3949 741 4022; x_wconf 81' lang='lat' dir='ltr'><strong>opud</strong></span> <span class='ocrx_word' id='word_1_407' title='bbox 768 3969 846 4020; x_wconf 84' lang='lat' dir='ltr'><strong>quern</strong></span> <span class='ocrx_word' id='word_1_408' title='bbox 878 3969 949 4003; x_wconf 89' lang='lat' dir='ltr'><strong>nnnc</strong></span> <span class='ocrx_word' id='word_1_409' title='bbox 974 3949 1074 4023; x_wconf 70' lang='lat' dir='ltr'><strong>legitor</strong></span> <span class='ocrx_word' id='word_1_410' title='bbox 1094 3950 1161 4003; x_wconf 80' lang='lat' dir='ltr'><strong>daec</strong></span> <span class='ocrx_word' id='word_1_411' title='bbox 1181 3955 1268 4002; x_wconf 80' lang='lat' dir='ltr'><strong>istam</strong></span> <span class='ocrx_word' id='word_1_412' title='bbox 1291 3951 1427 4017; x_wconf 86' lang='lat' dir='ltr'><strong>Appiam,</strong></span> 
     </span>
     <span class='ocr_line' id='line_1_44' title="bbox 118 4026 1103 4093; baseline 0.006 -20"><span class='ocrx_word' id='word_1_413' title='bbox 118 4026 221 4074; x_wconf 70' lang='lat' dir='ltr'><strong>smisso</strong></span> <span class='ocrx_word' id='word_1_414' title='bbox 240 4039 265 4072; x_wconf 86' lang='lat' dir='ltr'><strong>r.</strong></span> <span class='ocrx_word' id='word_1_415' title='bbox 286 4027 373 4074; x_wconf 78' lang='lat' dir='ltr'><strong>viana.</strong></span> <span class='ocrx_word' id='word_1_416' title='bbox 755 4028 798 4080; x_wconf 77' lang='lat'><strong>¹6.</strong></span> <span class='ocrx_word' id='word_1_417' title='bbox 819 4028 894 4093; x_wconf 69' lang='lat' dir='ltr'><strong>racc]</strong></span> <span class='ocrx_word' id='word_1_418' title='bbox 914 4043 948 4075; x_wconf 83' lang='lat' dir='ltr'><strong>ne</strong></span> <span class='ocrx_word' id='word_1_419' title='bbox 967 4032 994 4076; x_wconf 86' lang='lat' dir='ltr'><strong>te</strong></span> <span class='ocrx_word' id='word_1_420' title='bbox 1013 4028 1103 4080; x_wconf 80' lang='lat' dir='ltr'><strong>Princ.</strong></span> 
     </span>
    </p>

    <p class='ocr_par' dir='ltr' id='par_1_19' title="bbox 193 4095 953 4169">
     <span class='ocr_line' id='line_1_45' title="bbox 193 4095 953 4169; baseline 0.012 -26"><span class='ocrx_word' id='word_1_421' title='bbox 193 4102 238 4152; x_wconf 74' lang='lat'><strong>¹7.</strong></span> <span class='ocrx_word' id='word_1_422' title='bbox 258 4095 384 4165; x_wconf 79' lang='lat' dir='ltr'><strong>Papiria]</strong></span> <span class='ocrx_word' id='word_1_423' title='bbox 402 4096 520 4169; x_wconf 82' lang='lat' dir='ltr'><strong>Papyrii</strong></span> <span class='ocrx_word' id='word_1_424' title='bbox 536 4098 604 4152; x_wconf 88' lang='lat' dir='ltr'><strong>Lod.</strong></span> <span class='ocrx_word' id='word_1_425' title='bbox 621 4116 684 4152; x_wconf 87' lang='lat' dir='ltr'><strong>cnm</strong></span> <span class='ocrx_word' id='word_1_426' title='bbox 704 4098 782 4152; x_wconf 83' lang='lat' dir='ltr'><strong>editt.</strong></span> <span class='ocrx_word' id='word_1_427' title='bbox 801 4100 953 4152; x_wconf 75' lang='lat' dir='ltr'><strong>Ciceronis.</strong></span> 
     </span>
    </p>

    <p class='ocr_par' dir='ltr' id='par_1_20' title="bbox 190 4169 863 4243">
     <span class='ocr_line' id='line_1_46' title="bbox 190 4169 863 4243; baseline 0.009 -23"><span class='ocrx_word' id='word_1_428' title='bbox 190 4174 237 4227; x_wconf 74' lang='grc'><strong>19.</strong></span> <span class='ocrx_word' id='word_1_429' title='bbox 256 4169 438 4240; x_wconf 80' lang='lat' dir='ltr'><strong>deposuerat]</strong></span> <span class='ocrx_word' id='word_1_430' title='bbox 455 4172 630 4243; x_wconf 81' lang='lat' dir='ltr'><strong>disposuerat</strong></span> <span class='ocrx_word' id='word_1_431' title='bbox 650 4178 741 4228; x_wconf 83' lang='lat' dir='ltr'><strong>Princ.</strong></span> <span class='ocrx_word' id='word_1_432' title='bbox 757 4174 863 4226; x_wconf 78' lang='lat' dir='ltr'><strong>Bersid.</strong></span> 
     </span>
    </p>

    <p class='ocr_par' dir='ltr' id='par_1_21' title="bbox 189 4246 864 4318">
     <span class='ocr_line' id='line_1_47' title="bbox 189 4246 864 4318; baseline 0.01 -24"><span class='ocrx_word' id='word_1_433' title='bbox 189 4252 237 4301; x_wconf 77' lang='lat'><strong>20.</strong></span> <span class='ocrx_word' id='word_1_434' title='bbox 253 4248 349 4314; x_wconf 78' lang='lat' dir='ltr'><strong>petiit]</strong></span> <span class='ocrx_word' id='word_1_435' title='bbox 370 4246 479 4299; x_wconf 85' lang='lat' dir='ltr'><strong>Graevii</strong></span> <span class='ocrx_word' id='word_1_436' title='bbox 496 4250 557 4301; x_wconf 88' lang='lat' dir='ltr'><strong>eod.</strong></span> <span class='ocrx_word' id='word_1_437' title='bbox 575 4276 614 4290; x_wconf 88' lang='lat'><em>-</em></span> <span class='ocrx_word' id='word_1_438' title='bbox 629 4254 702 4318; x_wconf 81' lang='lat' dir='ltr'><strong>petit</strong></span> <span class='ocrx_word' id='word_1_439' title='bbox 720 4248 864 4302; x_wconf 84' lang='lat' dir='ltr'><strong>editiones.</strong></span> 
     </span>
    </p>

    <p class='ocr_par' dir='ltr' id='par_1_22' title="bbox 188 4321 1271 4391">
     <span class='ocr_line' id='line_1_48' title="bbox 188 4321 1271 4391; baseline -0.001 -17"><span class='ocrx_word' id='word_1_440' title='bbox 188 4322 236 4374; x_wconf 76' lang='lat'><strong>21.</strong></span> <span class='ocrx_word' id='word_1_441' title='bbox 256 4321 381 4386; x_wconf 82' lang='lat' dir='ltr'><strong>coenam]</strong></span> <span class='ocrx_word' id='word_1_442' title='bbox 401 4338 496 4372; x_wconf 74' lang='lat' dir='ltr'><strong>unam</strong></span> <span class='ocrx_word' id='word_1_443' title='bbox 510 4326 599 4376; x_wconf 84' lang='lat' dir='ltr'><strong>Prine.</strong></span> <span class='ocrx_word' id='word_1_444' title='bbox 612 4322 720 4376; x_wconf 82' lang='lat' dir='ltr'><strong>Berald.</strong></span> <span class='ocrx_word' id='word_1_445' title='bbox 749 4328 794 4378; x_wconf 84' lang='lat'><strong>21.</strong></span> <span class='ocrx_word' id='word_1_446' title='bbox 813 4321 977 4391; x_wconf 76' lang='lat' dir='ltr'><strong>Tigranem]</strong></span> <span class='ocrx_word' id='word_1_447' title='bbox 998 4328 1155 4389; x_wconf 73' lang='lat' dir='ltr'><strong>trigranem</strong></span> <span class='ocrx_word' id='word_1_448' title='bbox 1176 4322 1271 4375; x_wconf 70' lang='lat' dir='ltr'><strong>Petne.</strong></span> 
     </span>
    </p>

    <p class='ocr_par' dir='ltr' id='par_1_23' title="bbox 188 4393 1309 4466">
     <span class='ocr_line' id='line_1_49' title="bbox 188 4393 1309 4466; baseline 0.003 -24"><span class='ocrx_word' id='word_1_449' title='bbox 188 4400 236 4450; x_wconf 76' lang='grc'><strong>29.</strong></span> <span class='ocrx_word' id='word_1_450' title='bbox 255 4395 391 4460; x_wconf 83' lang='lat' dir='ltr'><strong>reddidit]</strong></span> <span class='ocrx_word' id='word_1_451' title='bbox 411 4395 496 4466; x_wconf 68' lang='lat' dir='ltr'><strong>Loqd.</strong></span> <span class='ocrx_word' id='word_1_452' title='bbox 509 4397 574 4449; x_wconf 83' lang='lat' dir='ltr'><strong>Hor.</strong></span> <span class='ocrx_word' id='word_1_453' title='bbox 589 4398 664 4450; x_wconf 81' lang='lat' dir='ltr'><strong>Mau.</strong></span> <span class='ocrx_word' id='word_1_454' title='bbox 678 4400 758 4452; x_wconf 86' lang='lat' dir='ltr'><strong>Creo.</strong></span> <span class='ocrx_word' id='word_1_455' title='bbox 778 4423 814 4437; x_wconf 92' lang='lat'><em>-</em></span> <span class='ocrx_word' id='word_1_456' title='bbox 833 4397 926 4449; x_wconf 79' lang='lat' dir='ltr'><strong>reddit</strong></span> <span class='ocrx_word' id='word_1_457' title='bbox 943 4400 1035 4451; x_wconf 83' lang='lat' dir='ltr'><strong>Princ.</strong></span> <span class='ocrx_word' id='word_1_458' title='bbox 1047 4399 1154 4451; x_wconf 83' lang='lat' dir='ltr'><strong>Bersid.</strong></span> <span class='ocrx_word' id='word_1_459' title='bbox 1166 4396 1230 4452; x_wconf 77' lang='lat' dir='ltr'><strong>Ald.</strong></span> <span class='ocrx_word' id='word_1_460' title='bbox 1241 4393 1309 4447; x_wconf 88' lang='lat' dir='ltr'><strong>Lod.</strong></span> 
     </span>
    </p>

    <p class='ocr_par' dir='ltr' id='par_1_24' title="bbox 192 4466 734 4541">
     <span class='ocr_line' id='line_1_50' title="bbox 192 4466 734 4541; baseline 0.011 -21"><span class='ocrx_word' id='word_1_461' title='bbox 192 4466 264 4521; x_wconf 81' lang='lat' dir='ltr'><strong>ibid.</strong></span> <span class='ocrx_word' id='word_1_462' title='bbox 284 4468 452 4537; x_wconf 62' lang='lat' dir='ltr'><strong>Tipranam]</strong></span> <span class='ocrx_word' id='word_1_463' title='bbox 471 4487 528 4537; x_wconf 81' lang='lat' dir='ltr'><strong>om.</strong></span> <span class='ocrx_word' id='word_1_464' title='bbox 548 4470 633 4541; x_wconf 71' lang='lat' dir='ltr'><strong>Loqd.</strong></span> <span class='ocrx_word' id='word_1_465' title='bbox 657 4474 734 4526; x_wconf 78' lang='lat' dir='ltr'><strong>Man.</strong></span> 
     </span>
    </p>

    <p class='ocr_par' dir='ltr' id='par_1_25' title="bbox 189 4542 1069 4616">
     <span class='ocr_line' id='line_1_51' title="bbox 189 4542 1069 4616; baseline 0.001 -19"><span class='ocrx_word' id='word_1_466' title='bbox 189 4544 237 4599; x_wconf 75' lang='lat'><strong>23.</strong></span> <span class='ocrx_word' id='word_1_467' title='bbox 257 4544 412 4613; x_wconf 79' lang='lat' dir='ltr'><strong>repetenti]</strong></span> <span class='ocrx_word' id='word_1_468' title='bbox 433 4542 492 4599; x_wconf 78' lang='grc'><strong>111.</strong></span> <span class='ocrx_word' id='word_1_469' title='bbox 506 4562 533 4598; x_wconf 84' lang='lat' dir='ltr'><strong>et</strong></span> <span class='ocrx_word' id='word_1_470' title='bbox 547 4563 622 4616; x_wconf 82' lang='lat' dir='ltr'><strong>seqq.</strong></span> <span class='ocrx_word' id='word_1_471' title='bbox 643 4571 678 4587; x_wconf 91' lang='lat'>-</span> <span class='ocrx_word' id='word_1_472' title='bbox 696 4554 833 4615; x_wconf 81' lang='lat' dir='ltr'><strong>repetente</strong></span> <span class='ocrx_word' id='word_1_473' title='bbox 852 4547 944 4600; x_wconf 84' lang='lat' dir='ltr'><strong>Prine.</strong></span> <span class='ocrx_word' id='word_1_474' title='bbox 963 4544 1069 4599; x_wconf 87' lang='lat' dir='ltr'><strong>Berald.</strong></span> 
     </span>
    </p>

    <p class='ocr_par' dir='ltr' id='par_1_26' title="bbox 121 4618 1429 4768">
     <span class='ocr_line' id='line_1_52' title="bbox 190 4618 1429 4693; baseline 0.002 -24"><span class='ocrx_word' id='word_1_475' title='bbox 190 4621 235 4673; x_wconf 75' lang='grc'><strong>21.</strong></span> <span class='ocrx_word' id='word_1_476' title='bbox 255 4620 386 4685; x_wconf 81' lang='lat' dir='ltr'><strong>Antium]</strong></span> <span class='ocrx_word' id='word_1_477' title='bbox 406 4618 470 4671; x_wconf 81' lang='lat' dir='ltr'><strong>Hor.</strong></span> <span class='ocrx_word' id='word_1_478' title='bbox 486 4620 567 4673; x_wconf 73' lang='lat' dir='ltr'><strong>Crem</strong></span> <span class='ocrx_word' id='word_1_479' title='bbox 592 4648 620 4660; x_wconf 90' lang='lat'>-</span> <span class='ocrx_word' id='word_1_480' title='bbox 642 4629 753 4673; x_wconf 84' lang='lat' dir='ltr'><strong>tanturn</strong></span> <span class='ocrx_word' id='word_1_481' title='bbox 772 4627 887 4693; x_wconf 89' lang='lat' dir='ltr'><strong>priores.</strong></span> <span class='ocrx_word' id='word_1_482' title='bbox 926 4623 1108 4685; x_wconf 71' lang='lat' dir='ltr'><strong>,naumain</strong></span> <span class='ocrx_word' id='word_1_483' title='bbox 1128 4623 1170 4671; x_wconf 79' lang='lat' dir='ltr'><strong>via</strong></span> <span class='ocrx_word' id='word_1_484' title='bbox 1183 4635 1247 4671; x_wconf 84' lang='lat' dir='ltr'><strong>esse</strong></span> <span class='ocrx_word' id='word_1_485' title='bbox 1261 4620 1346 4689; x_wconf 66' lang='lat' dir='ltr'><strong>Appia</strong></span> <span class='ocrx_word' id='word_1_486' title='bbox 1361 4619 1429 4666; x_wconf 71' lang='lat' dir='ltr'><strong>mit</strong></span> 
     </span>
     <span class='ocr_line' id='line_1_53' title="bbox 121 4686 1385 4768; baseline 0 -27"><span class='ocrx_word' id='word_1_487' title='bbox 121 4686 232 4757; x_wconf 70' lang='lat' dir='ltr'><strong>oedip</strong></span> <span class='ocrx_word' id='word_1_488' title='bbox 250 4690 318 4745; x_wconf 80' lang='lat' dir='ltr'><strong>lieet</strong></span> <span class='ocrx_word' id='word_1_489' title='bbox 337 4711 371 4744; x_wconf 80' lang='lat' dir='ltr'><strong>ex</strong></span> <span class='ocrx_word' id='word_1_490' title='bbox 392 4692 533 4747; x_wconf 79' lang='lat' dir='ltr'><strong>Strabonis</strong></span> <span class='ocrx_word' id='word_1_491' title='bbox 552 4693 624 4747; x_wconf 88' lang='lat' dir='ltr'><strong>libro</strong></span> <span class='ocrx_word' id='word_1_492' title='bbox 643 4700 740 4764; x_wconf 89' lang='lat' dir='ltr'><strong>quinto</strong></span> <span class='ocrx_word' id='word_1_493' title='bbox 756 4695 858 4768; x_wconf 73' lang='lat' dir='ltr'><strong>Geogr.</strong></span> <span class='ocrx_word' id='word_1_494' title='bbox 879 4712 905 4748; x_wconf 85' lang='lat' dir='ltr'><strong>ct</strong></span> <span class='ocrx_word' id='word_1_495' title='bbox 926 4696 1008 4748; x_wconf 84' lang='lat' dir='ltr'><strong>Plinii</strong></span> <span class='ocrx_word' id='word_1_496' title='bbox 1029 4696 1100 4746; x_wconf 81' lang='lat' dir='ltr'><strong>libro</strong></span> <span class='ocrx_word' id='word_1_497' title='bbox 1120 4691 1276 4747; x_wconf 86' lang='lat' dir='ltr'><strong>secundo.”</strong></span> <span class='ocrx_word' id='word_1_498' title='bbox 1297 4689 1385 4744; x_wconf 74' lang='lat' dir='ltr'><strong>th‘i&#39;.</strong></span> 
     </span>
    </p>

    <p class='ocr_par' dir='ltr' id='par_1_27' title="bbox 188 4764 1152 4843">
     <span class='ocr_line' id='line_1_54' title="bbox 188 4764 1152 4843; baseline 0.002 -24"><span class='ocrx_word' id='word_1_499' title='bbox 188 4764 260 4820; x_wconf 77' lang='lat' dir='ltr'><strong>tots.</strong></span> <span class='ocrx_word' id='word_1_500' title='bbox 278 4765 360 4835; x_wconf 82' lang='lat' dir='ltr'><strong>Inde}</strong></span> <span class='ocrx_word' id='word_1_501' title='bbox 383 4765 429 4819; x_wconf 80' lang='lat' dir='ltr'><strong>Sic</strong></span> <span class='ocrx_word' id='word_1_502' title='bbox 447 4771 556 4843; x_wconf 88' lang='lat' dir='ltr'><strong>scripsi.</strong></span> <span class='ocrx_word' id='word_1_503' title='bbox 576 4797 614 4812; x_wconf 91' lang='lat'><em>-</em></span> <span class='ocrx_word' id='word_1_504' title='bbox 632 4770 708 4823; x_wconf 83' lang='lat' dir='ltr'><strong>iittco</strong></span> <span class='ocrx_word' id='word_1_505' title='bbox 727 4773 792 4826; x_wconf 83' lang='lat' dir='ltr'><strong>flor.</strong></span> <span class='ocrx_word' id='word_1_506' title='bbox 810 4775 890 4827; x_wconf 83' lang='lat' dir='ltr'><strong>Creo.</strong></span> <span class='ocrx_word' id='word_1_507' title='bbox 910 4798 945 4813; x_wconf 92' lang='lat'><strong>-·</strong></span> <span class='ocrx_word' id='word_1_508' title='bbox 971 4772 1018 4822; x_wconf 81' lang='lat' dir='ltr'><strong>iiie</strong></span> <span class='ocrx_word' id='word_1_509' title='bbox 1037 4775 1152 4843; x_wconf 86' lang='lat' dir='ltr'><strong>priores.</strong></span> 
     </span>
    </p>
   </div>
   <div class='ocr_carea' id='block_1_7' title="bbox 0 0 1610 5280">
    <p class='ocr_par' dir='ltr' id='par_1_28' title="bbox 0 0 1610 5280">
     <span class='ocr_line' id='line_1_55' title="bbox 0 0 1610 5280; baseline 0 0"><span class='ocrx_word' id='word_1_510' title='bbox 0 0 1610 5280; x_wconf 95' lang='lat' dir='ltr'><strong> </strong></span> 
     </span>
    </p>
   </div>
  </div>
 </body>
</html>
