3210 5280
163 216 226 280 nso
455 172 458 179 ’
582 214 789 283 scnonte
810 206 1062 283 nontuusm

167 399 170 405 ·
237 361 287 435 ll.
316 355 351 435 1.
380 357 456 436 Sed
482 370 605 435 tamen
631 333 731 459 quae·
752 369 839 452 eunt
864 367 996 433 nostra
1024 356 1172 430 iudicia.

244 480 441 542 'scotaverat
464 476 598 542 Crassus
622 481 834 554 adseverare,
864 497 930 541 non
951 476 1049 540 semel
1075 477 1113 539 de
1139 475 1199 536 heo
1220 470 1367 558 Aegypti
1389 468 1486 538 bere·

162 570 300 648 ditate¹‚
334 574 391 636 sed
421 571 675 655 frequentissime
703 569 965 655 praeiudicatum.
1022 571 1074 633 Ao
1106 568 1212 650 primo
1244 569 1391 653 quidem,
1428 567 1486 632 illo

159 674 323 747 ternpore,
347 688 411 749 quo
434 665 567 748 pecunia
589 664 725 748 repetita
747 685 816 728 esse
845 665 885 726 ab
907 666 998 747 Tyro
1020 677 1052 728 et
1073 667 1208 727 advecta
1233 663 1371 727 Romam
1395 661 1487 725 vide·

135 759 271 834 ibatur,
293 760 433 842 seposita
459 758 521 822 iam
549 780 651 841 nuper
675 761 716 824 ab
741 759 869 823 ΑΙωιει9
890 780 981 843 rege.
1025 757 1267 822 Occurrendum
1291 768 1338 818 est
1362 754 1484 840 igitur,

159 864 194 916 ut
223 853 303 916 baec
330 852 523 917 refutentur.
568 855 613 917 Et
636 851 669 916 in
698 852 769 937 ipsa
797 852 1021 939 propositione
1046 851 1210 938 insigniter
1240 850 1381 914 lacturn³
1416 859 1485 927 est,

159 947 247 1028 quod
267 945 316 1008 his
339 946 445 1012 verbis
467 945 592 1031 ingredi
613 946 771 1030 coeperit.

194 1052 199 1061 ’
235 1064 272 1143 2.
300 1053 446 1146 Debent
472 1096 554 1146 esse
582 1070 902 1171 modestissima⁴3
944 1074 1117 1173 quoniam
1151 1069 1298 1170 quidem
1326 1067 1488 1144 esthon

160 1184 291 1256 summi
315 1184 463 1282 imperii
489 1193 636 1258 nosmet
659 1187 763 1282 ipsos
790 1186 835 1261 de
862 1187 1004 1260 uostris
1026 1187 1145 1258 rebus
1170 1182 1350 1256 iudicare.

117 1323 149 1373 tt
226 1303 327 1375 ,Nam
351 1300 420 1364 vnit
442 1315 554 1366 orator
574 1302 718 1388 intellegi
740 1324 840 1386 paene
862 1303 1054 1388 inpudenter
1075 1312 1216 1365 senatum
1245 1303 1284 1362 de
1305 1319 1405 1363 cansa
1428 1319 1489 1363 sua

142 1392 296 1458 'iudicare
318 1395 477 1472 voluisse,
502 1417 597 1480 quum
622 1396 663 1459 sit
686 1397 848 1472 naturale,
872 1408 907 1460 ut
930 1418 1011 1459 unus
1026 1396 1162 1480 quisque
1174 1414 1236 1458 non
1252 1390 1358 1475 possit
1373 1391 1489 1477 aequi·

108 1542 115 1562 ,
159 1498 256 1550 tatem
277 1488 380 1565 uteri,
403 1491 443 1553 de
470 1490 563 1554 lucro
590 1511 651 1554 sno
677 1490 876 1572 potissimum
899 1490 1065 1574 cogitans,
1096 1488 1185 1573 quod
1213 1486 1405 1570 plerumque
1432 1505 1492 1549 co·

160 1580 302 1665 giratur⁵
324 1582 416 1646 etiam
439 1604 510 1646 cmn
532 1582 739 1666 improbitate
762 1585 950 1666 deposcere.

238 1699 274 1779 3.
303 1704 376 1806 Qui
388 1732 435 1780 ex
447 1705 653 1781 hereditate
667 1716 770 1782 tanta
789 1732 900 1780 unum
919 1706 1038 1780 solum
1052 1731 1191 1806 nomen
1210 1705 1490 1805 agnoverimus.

117 1847 149 1895 ts
245 1817 323 1885 cito
344 1819 450 1902 rapuit
471 1842 533 1904 pro
554 1842 590 1884 se
613 1833 850 1906 argumentum,
880 1819 1035 1884 indicasse
1056 1823 1294 1905 quodammodo
1318 1865 1328 1885 .
1354 1865 1366 1886 .
1392 1866 1403 1887 .

230 2034 255 2083 i.
274 2036 416 2082 reperitote.
453 2036 500 2082 Sed
520 2036 612 2093 recipio
630 2037 662 2082 el.
682 2035 714 2084 N.
744 2037 934 2082 emendationem
955 2031 1113 2091 ieereditots;
1142 2039 1246 2095 itemque
1270 2038 1380 2083 eiusdem
1401 2038 1489 2083 distis·

296 2106 401 2152 etionstn
422 2110 548 2152 contentus
571 2107 675 2152 'l'siiiaoi
699 2121 714 2151 a
736 2106 817 2153 serbis
840 2107 988 2162 interpretis.
1026 2103 1051 2151 2.
1071 2107 1159 2152 Cicero
1180 2108 1232 2153 bele
1253 2109 1359 2163 appellet
1376 2107 1490 2153 Alexan

204 2192 208 2198 ⁴
297 2189 351 2221 eetn
376 2156 542 2235 regern,⁴qni
566 2177 625 2232 Tyri
650 2179 705 2225 eant
732 2182 841 2221 mortuos
864 2181 914 2230 est,
943 2189 1059 2235 quemque
1080 2177 1104 2222 in
1125 2179 1222 2236 agraria
1250 2178 1362 2222 oratione
1384 2179 1492 2223 ascende

296 2242 425 2302 appellarit
440 2243 625 2292 Alexandrum.
663 2249 695 2290 nt
711 2245 824 2291 Patavina
843 2247 871 2290 de
889 2247 967 2290 doctr.
989 2250 1063 2302 tetnp.
1082 2246 1118 2291 Χ.
1139 2244 1180 2291 tt.
1195 2248 1308 2291 observet
1321 2249 1488 2292 ntemtren

297 2329 392 2373 quoque
405 2316 507 2372 primum
523 2318 610 2361 dictum
624 2330 678 2362 esse
690 2315 799 2360 Alexam
811 2315 841 2360 ab
853 2316 1002 2370 Epiphanio,
1022 2316 1137 2361 chronico
1145 2317 1214 2361 Alex.
1225 2348 1232 2371 ,
1246 2317 1358 2361 Cedreno
1372 2319 1487 2375 aliisque.

297 2386 344 2430 Sed
363 2387 391 2430 de
410 2384 625 2430 nornine-Alexae
644 2387 767 2442 praeclara
787 2391 824 2430 est
844 2386 1019 2430 animadversio
1041 2387 1072 2430 cl.
1092 2386 1217 2430 Garatonii
1238 2387 1267 2429 ad
1286 2387 1407 2430 orationis
1429 2387 1489 2431 'l'sl-

298 2456 376 2500 iianae
394 2468 439 2510 pro
457 2455 533 2499 Balbo
546 2461 616 2511 capnt
634 2455 737 2510 nih,
757 2455 824 2500 euius
842 2456 920 2499 locuto
940 2457 963 2499 in
982 2456 1047 2501 calce
1060 2459 1171 2499 cnrarottt
1184 2456 1342 2500 secundarum
1364 2459 1394 2500 ed
1414 2455 1488 2501 Piae·

296 2525 389 2569 ciaoam
412 2526 559 2582 purgandum
580 2527 666 2570 mendo
686 2526 787 2570 censuit.
824 2525 848 2569 ls
863 2530 988 2581 postquam
1009 2525 1041 2570 ibi
1058 2538 1102 2580 pro
1119 2522 1324 2569 Heracliensium
1340 2526 1487 2585 legionem,

298 2607 327 2638 es
345 2606 403 2637 tnss.
427 2596 530 2639 restituit
548 2589 738 2639 ffiroeiisnesm
756 2592 880 2648 Alexam,
908 2596 943 2639 sic
969 2596 1062 2652 pergin
1091 2608 1177 2639 nornen
1196 2594 1294 2639 Alexae
1320 2592 1385 2653 (stre
1413 2600 1440 2639 ttt
1463 2595 1488 2639 io

302 2663 469 2707 libertinorum
491 2664 566 2708 titolis
587 2666 648 2720 apud
674 2664 807 2709 Bentleinrn
830 2667 900 2719 epist.
920 2665 948 2708 ad
973 2665 1079 2708 Militum
1102 2678 1125 2719 p.
1151 2661 1206 2718 82.)
1231 2663 1316 2708 Ataeo
1336 2666 1488 2709 demittentem

297 2745 328 2777 ex
344 2731 493 2777 Alexandro
514 2738 551 2778 est
569 2738 638 2790 atque
660 2738 825 2790 contractum;
862 2727 887 2777 nt
904 2732 996 2778 Alexis
1016 2747 1110 2791 quoqne
1134 2735 1195 2789 apud
1216 2735 1362 2792 Virgilium,
1390 2735 1489 2778 Donato

297 2804 320 2847 in
340 2804 391 2847 eius
411 2804 457 2847 rita
476 2816 529 2858 cap.
550 2803 581 2846 V.
601 2804 729 2848 iudicante.
767 2803 793 2846 tt
812 2806 835 2846 in
853 2804 961 2862 Aegypto
979 2805 1081 2847 manime
1103 2805 1214 2847 usitatum
1232 2804 1398 2848 diminutionis
1409 2816 1487 2862 genos

298 2873 399 2916 dialecto
411 2873 585 2917 Alexandrinae
603 2887 617 2916 a
629 2875 672 2917 Sto
687 2874 726 2917 zio
739 2873 851 2916 tribuitur
865 2886 889 2927 p.
907 2870 964 2917 tie.
1003 2873 1084 2929 itaque
1104 2874 1239 2918 Alexander
1252 2875 1292 2918 ille
1306 2872 1484 2927 breinensis,

296 2944 325 2986 de
352 2955 398 2998 quo
417 2942 560 2986 Plutarchus
584 2943 607 2986 iu
631 2942 737 2986 Antonio
759 2955 812 2996 rep.
831 2941 934 2985 vatt.
955 2946 978 2987 et
998 2941 1132 2998 vattt.;
1162 2956 1234 2998 quum
1257 2948 1322 2987 esset
1339 2946 1443 2986 multam
1463 2946 1487 2988 io

299 3013 407 3070 Aegypto
433 3017 556 3065 versatos,
585 3005 693 3074 Ἀλεξᾶς
710 3025 803 3069 quoqne
823 3013 998 3055 nominabatur.
1037 3010 1061 3056 3.
1082 3012 1142 3055 Cod.
1156 3009 1232 3069 socio
1251 3018 1306 3065 eet;
1329 3026 1391 3069 quae
1413 3014 1488 3057 lertio

299 3087 337 3126 est
356 3083 442 3126 similis
467 3083 502 3126 illi
521 3076 680 3137 psalmisticus
698 3079 759 3124 lroec
777 3079 839 3125 mitt
850 3078 926 3139 sueto
943 3087 990 3125 eet.
1028 3080 1053 3126 l.
1073 3081 1197 3140 intellige:
1227 3080 1337 3134 iudicio,
1368 3082 1486 3128 etreier

298 3153 326 3195 ad
347 3153 472 3206 superiore
491 3151 537 3195 esd
553 3157 637 3195 tomen
658 3165 720 3209 prece
741 3157 801 3195 eunt
826 3157 913 3195 nostru
936 3149 1041 3195 iudicio.
1092 3153 1227 3196 Sententiae
1254 3153 1317 3196 enirn
1339 3152 1488 3206 interposuit

296 3222 519 3266 commentationem
531 3234 599 3264 suam
612 3222 740 3276 interpres.
757 3218 787 3265 N.
817 3219 842 3266 5.
863 3222 897 3266 lta
911 3222 971 3264 Coi.
985 3221 1122 3281 cogitetur.
1154 3221 1279 3275 (Fortasse
1290 3228 1408 3266 conoteer.
1422 3217 1485 3277 Oe.)

251 3341 278 3396 it.
298 3337 368 3393 eod.
393 3344 496 3408 aptirei
518 3337 584 3405 sed,
617 3342 834 3411 corruptissime.
874 3342 908 3392 At
935 3341 1008 3392 buno
1028 3339 1120 3392 locum
1141 3340 1255 3394 mirifice
1275 3338 1397 3394 declarat
1425 3347 1484 3415 ipse

158 3414 267 3469 Tullius
287 3429 358 3466 ortt.
380 3414 417 3466 ll.
437 3412 564 3466 adversus
585 3413 695 3466 Nullum
716 3429 778 3486 cap.
806 3415 897 3477 ΧΠ,
931 3415 977 3466 nbi
999 3420 1055 3487 agit
1082 3415 1115 3467 de
1144 3420 1214 3487 repis
1240 3415 1407 3483 Alexandri,
1438 3421 1486 3488 qul

158 3506 284 3542 snortuus
304 3506 345 3542 est
366 3488 427 3541 exnl
447 3488 530 3560 Tyri,
553 3503 738 3553 testamento,
759 3506 814 3558 qno
835 3490 967 3560 populum
990 3492 1143 3543 Romanum
1166 3495 1241 3560 regni
1255 3489 1391 3545 beredem
1412 3498 1487 3546 scri·
1540 3530 1543 3540 .

160 3581 260 3637 pseret.
305 3563 414 3627 Video,
434 3568 481 3631 qni
500 3571 697 3616 testamentum
717 3562 836 3634 foetum
861 3580 920 3615 esse
946 3564 1111 3635 confirmet:
1140 3571 1341 3618 atecioritotens
1367 3578 1486 3620 senatus

157 3647 272 3693 exstare
292 3637 458 3690 hereditatis
476 3637 571 3689 aditae
590 3644 679 3690 sentio
700 3646 774 3701 inm,
793 3639 904 3707 pilando
925 3640 1091 3691 Alexandro
1112 3650 1222 3692 rrtortno
1241 3642 1354 3709 legatos
1375 3643 1486 3715 Tyrum

97 3717 100 3720 ⁴
158 3720 300 3780 misimus,
334 3719 380 3786 qni
399 3713 434 3764 ab
453 3713 501 3766 ttto
524 3719 669 3782 pecuniam
696 3713 851 3782 depositone
875 3721 982 3766 reostris
1010 3725 1216 3786 recuperarent.
1264 3717 1341 3766 Haec
1370 3717 1485 3781 beriam

98 3781 100 3786 ¹
157 3789 313 3862 Philippum
336 3807 418 3856 saepe
440 3796 471 3841 in
492 3797 593 3840 senatu
613 3785 799 3862 confirmasse
822 3795 955 3841 memoria
979 3799 1067 3843 teneo.
1108 3790 1179 3842 Enrn
1200 3796 1246 3860 qni
1268 3808 1389 3858 regnum
1414 3781 1487 3847 linui

157 3873 254 3917 teneat
278 3863 329 3916 lsoc
350 3875 489 3933 tempore,
509 3883 594 3935 neprse
606 3883 710 3933 genere
729 3882 813 3932 neque
828 3870 908 3930 regio
927 3870 1021 3917 terrimo
1034 3882 1108 3930 esse,
1129 3870 1203 3916 inter
1216 3885 1310 3917 omnes
1314 3866 1387 3935 jere
1400 3868 1484 3920 video

157 3945 316 3993 convenire.
355 3939 469 3992 Dicitur
488 3948 589 3992 contra
607 3940 712 3991 nnlitem
731 3958 790 3991 esse
809 3948 1023 3992 testamentum:
1052 3959 1108 3993 non
1127 3950 1255 4010 oportere
1270 3944 1404 4012 populum
1423 3944 1485 3998 iio-

157 4034 270 4068 mantem
288 4020 408 4066 omniunt
428 4032 580 4082 regnorum
599 4023 775 4086 appetentem
794 4013 893 4067 videri.

251 4092 279 4148 6.
300 4090 426 4142 Fortasse
452 4088 486 4141 sd
515 4091 586 4142 hanc
612 4090 839 4143 distributionem
861 4094 984 4161 respexit
1005 4091 1235 4156 Fortunsttonue,
1269 4109 1355 4161 quum
1375 4090 1427 4146 ttt.
1447 4091 1485 4156 Ii.

158 4178 219 4238 cap.
239 4164 272 4216 de
288 4171 446 4234 partitione
465 4169 593 4236 scripsit:
613 4170 702 4217 omnis
718 4169 841 4235 partitio
860 4167 950 4234 qualis
968 4167 1031 4218 esti
1051 4175 1101 4218 ant
1120 4176 1237 4232 nostro,
1256 4184 1325 4236 pleae
1346 4175 1375 4217 el
1388 4187 1485 4240 προη-

158 4239 293 4317 γουαένη
312 4239 458 4315 διαίρεσις
477 4241 597 4301 elicitum
615 4249 666 4291 out
678 4240 854 4303 adversarii,
875 4258 944 4308 perne
958 4238 1116 4316 ἀναγκαῖα
1125 4239 1280 4315 ’διαίρεσις
1298 4247 1483 4303 anniteretur,-

158 4323 211 4367 aut
227 4321 396 4378 eommunis,
415 4333 485 4384 quoe
502 4312 597 4392 periers)
612 4325 709 4386 potest
728 4315 801 4380 diei,
822 4323 854 4365 nt
874 4315 972 4367 Cicero
992 4313 1025 4367 de
1046 4335 1109 4389 rege
1130 4314 1325 4371 Alexandrino.

251 4393 277 4447 9.
299 4391 405 4460 Nempe
424 4406 491 4441 nutn
519 4405 716 4443 testamentum
744 4389 888 4443 Alexandri
915 4395 1005 4462 regis,
1037 4409 1091 4463 quo
1120 4397 1143 4445 is
1172 4392 1302 4464 populum
1330 4393 1486 4445 Romanum

158 4469 308 4539 scripserat
329 4467 404 4534 regni
425 4462 571 4531 heredem,
599 4482 688 4518 rntntn
711 4464 865 4518 babendum
888 4471 921 4518 sit
943 4482 1039 4519 necne.

234 4544 279 4596 tt.
300 4541 405 4593 Nomen
427 4541 481 4591 boo
502 4538 564 4592 loco
584 4557 626 4593 est
647 4548 732 4608 captat
751 4549 903 4593 rationum.
931 4544 1006 4594 llicit
1022 4543 1136 4595 Cicero:
1156 4561 1187 4593 et
1204 4541 1363 4593 hereditate
1385 4545 1485 4614 integri

158 4619 235 4687 regni
256 4630 316 4666 eom
338 4630 419 4666 unern
440 4619 585 4685 pecuniam
606 4620 779 4686 accepimus,
799 4632 868 4687 quem
888 4615 921 4667 de
942 4617 1071 4669 slteeanro
1088 4615 1233 4669 alexandri
1249 4620 1352 4669 mortui
1369 4619 1485 4671 ltomsro

157 4689 234 4761 Tyro
254 4691 363 4742 advecta
384 4704 436 4741 est.
476 4690 598 4762 Regnum
626 4696 726 4764 quippe
748 4693 862 4745 Noniani
882 4696 1068 4766 permiserant
1088 4697 1141 4761 its,
1171 4697 1217 4764 qui
1237 4710 1267 4747 se
1287 4697 1346 4745 eius
1368 4693 1483 4748 lteredes

158 4763 296 4819 naturales
315 4763 452 4819 dicebant.
577 4779 580 4782 ·
