3210 5280
456 222 506 288 IN
528 223 636 289 ACT.
659 223 688 288 1.
711 223 760 288 IN
783 222 825 289 C.
848 223 1060 287 VERREM.
1350 222 1409 286 153

103 365 193 428 Beue
219 382 300 441 ergo
325 361 450 425 Trrliius
478 363 666 427 denuncians
695 361 882 426 adversariis
904 363 1120 445 compendium
1150 360 1313 427 brevitatis
1345 364 1409 427 hoo

13 484 17 489 ·
103 459 208 518 rerico
230 476 304 518 ursus
326 468 391 519 ests
413 460 505 523 Dixi.

188 551 264 612 Non
289 562 391 612 autern
425 548 467 611 ibi
499 547 608 611 finitur
639 547 739 631 prima
770 548 866 613 actio.
909 550 1100 612 Inducentur
1132 548 1211 610 enirn
1242 548 1358 610 dehine
1391 569 1409 611 a

106 641 217 704 Tullio
238 653 352 716 testes,
383 661 518 725 quiorum
543 643 638 703 verbs
661 641 694 704 in
717 644 860 705 oratione
881 642 1080 705 conscribere
1103 641 1215 703 nullius
1236 640 1409 723 elegantiae

102 733 177 797 fnit.
223 734 338 797 Multis
362 746 463 798 autem
485 733 595 796 dicbus
619 735 718 814 priora
734 735 817 798 actio
833 736 990 799 celebrata
1006 745 1070 809 est,
1093 736 1165 794 (lum
1184 745 1278 797 testes
1294 734 1434 796 Verriss

103 829 324 908 producuntur
345 826 505 888 crirninurn
528 827 746 901 diversorum,
771 831 840 890 ιιιιιιι
861 829 1033 892 recitantur
1048 827 1191 908 publicae
1205 828 1409 908 privataeque

103 919 233 980 literae:
257 920 369 1000 quibus
391 922 485 982 rebus
507 922 586 981 adeo
608 919 799 999 stupetactus
822 921 1011 984 Hortensius
1040 918 1171 992 dicitur,
1195 930 1228 980 ut
1254 919 1407 981 rationem

104 1009 295 1074 defensionis
318 1011 497 1085 omitteret,
528 1014 607 1073 adeo
629 1011 790 1089 perculsus
813 1013 951 1086 Verres,
976 1023 1008 1073 ut
1031 1012 1130 1073 abiret
1151 1009 1182 1072 in
1204 1010 1329 1073 exiliunt
1352 1026 1466 1082 ιιιιιιιι]

103 1114 233 1183 sponte.
291 1104 360 1166 Nec
389 1102 465 1187 quid
491 1103 623 1183 anrplius
652 1101 682 1164 iu
711 1102 826 1166 iudicio
849 1118 970 1188 gestum
993 1115 1058 1177 est,
1096 1102 1154 1165 nisi
1177 1105 1263 1187 quod
1285 1103 1406 1165 Tullius

104 1206 264 1269 metuens,
289 1218 327 1258 ne
343 1208 458 1258 tanturn
480 1194 641 1279 negotium
664 1216 763 1276 paene
786 1196 915 1260 tacitum
939 1198 1141 1279 praeteriret,
1165 1196 1255 1257 tinxit
1270 1196 1405 1258 Verrem
1420 1198 1451 1247 ¹⁰

105 1288 427 1368 comperendinatioui
449 1299 578 1370 praesto
600 1286 713 1363 inisse,
748 1300 782 1350 ιιι
810 1289 857 1352 bis
887 1290 1031 1351 defensus
1059 1299 1260 1351 accusaretur
1281 1288 1407 1375 iterrun.

107 1380 152 1441 Et
178 1383 437 1463 quemadmodum
468 1379 616 1443 uictoriae
645 1383 844 1444 consuluerat
872 1383 1025 1444 brevitate
1047 1381 1186 1455 dicendi,
1223 1380 1265 1442 ita
1288 1380 1407 1442 laudern

108 1472 308 1554 eloquentiae
337 1485 490 1557 taruquam
523 1472 652 1553 repetita
686 1474 883 1537 accusatione
914 1487 962 1538 est
991 1486 1179 1540 consecutus
1212 1471 1406 1556 reliquorum

106 1564 345 1645 conscriptione
367 1565 539 1641 libroruin,
571 1566 622 1647 qui
646 1579 788 1628 caeteros
809 1579 1056 1650 consequuntur.

203 1775 231 1829 5.
252 1770 317 1821 Non
335 1779 426 1823 nortem
440 1772 493 1841 thr]
514 1771 562 1824 Sic
575 1790 590 1825 c
603 1776 762 1824 coniectura
776 1773 999 1829 Melancbthonis
1013 1773 1077 1826 Ηοι.
1097 1773 1178 1826 Creu.
1192 1799 1229 1814 ·-
1241 1771 1306 1823 Non
1318 1779 1412 1821 aurern

104 1841 151 1895 lic
170 1842 255 1913 Logd.
277 1843 354 1897 Man.
377 1874 407 1885 -
428 1864 484 1897 non
502 1854 568 1897 ants
586 1846 653 1897 milri
673 1852 785 1918 priores.

201 1922 228 1973 9.
248 1919 307 1969 Nec
326 1919 393 1987 qnid
410 1952 427 1963 -
439 1951 458 1963 -
475 1931 585 1989 gestiam
604 1926 658 1989 est]
679 1922 763 1994 Lugii.
777 1923 841 1976 Hot.
856 1924 932 1976 Man.
946 1925 1026 1975 Creu.
1045 1951 1082 1965 -
1100 1939 1134 1972 nc
1152 1920 1218 1991 qaut
1234 1950 1253 1964 -
1266 1949 1282 1962 -
1300 1925 1410 1988 gestum

105 1998 182 2043 esset
199 1993 290 2046 Princ.
309 1991 416 2046 Berald.
437 2022 473 2037 -
491 2012 540 2048 nec
559 1997 625 2066 quid
643 2028 662 2040 -
681 2027 699 2039 -
717 2007 827 2067 gestum
846 2008 918 2050 essct
937 1998 997 2052 old.
1017 1996 1084 2051 Lod.
