3210 5280
178 230 219 294 tii
719 225 945 293 asconius

179 370 359 447 libertatis,
391 371 557 445 Cossium,
590 388 660 452 quo
693 370 768 449 lege
788 368 1039 449 suffragiorum
1059 366 1107 426 vis
1126 373 1341 450 potestasque
1363 385 1491 428 oonvu.

180 462 265 538 lnit,·
286 461 431 523 uiterom
453 460 617 530 Cossium,
639 478 726 542 quoe
746 462 871 538 populi
890 462 1022 524 indicio
1033 455 1199 529 firmavit.

267 551 356 630 Quae
378 550 416 613 eit
444 550 504 611 ista
533 549 585 611 lex
608 546 741 621 Cassia,
779 571 840 632 qua
877 547 1101 632 suffragiorum
1134 554 1275 625 potestas
1307 541 1490 617 convaluit,

181 642 376 707 manifestum
400 654 465 716 esta
503 662 571 703 nam
602 640 671 722 ipse
703 661 831 724 quoque
851 645 947 724 partio
981 654 1052 704 ante
1085 638 1183 711 dixit,
1216 638 1317 720 legem
1345 635 1490 700 Cassium

157 736 310 807 ttulisse.
335 747 370 797 ut
391 735 528 816 populus
550 753 608 815 pet·
626 733 771 795 tabellam
794 736 978 820 suffragium
993 734 1107 797 ferret.
1151 731 1263 794 Altera
1287 728 1394 792 Cassia
1419 729 1491 803 lex,

160 901 162 905 ¹
183 849 264 913 quae
278 825 389 909 populi
409 825 518 891 iudicia
534 824 687 899 bernarii,
712 846 792 910 quae
815 827 873 901 sit,
897 841 1004 911 potest
1027 823 1148 911 quaeri.
1192 826 1253 887 Est
1274 835 1375 884 autem
1391 823 1490 885 haec:

59 920 61 925 ’
183 923 227 985 L.
251 918 397 993 Cassius,
424 921 465 981 L.
492 919 534 982 F.
555 916 743 1001 Longinus,
767 918 910 983 tribunus
934 920 1053 1004 plebis,
1079 917 1120 980 C.
1145 913 1276 988 Mario,
1308 912 1349 977 C.
1376 907 1505 976 Flavio(

141 1033 143 1037 ¹
184 1033 269 1076 coss.
296 1011 403 1092 plures
424 1010 510 1094 leges
536 1012 574 1071 ad
597 1010 788 1072 minuendam
811 1012 987 1077 nobilitatis
1013 1009 1183 1095 potentiam
1209 1008 1297 1082 tulit,
1320 1006 1352 1069 in
1378 1007 1494 1088 quibus

184 1107 264 1166 hanc
286 1102 400 1180 etiam,
424 1113 475 1177 ut,
499 1123 591 1186 quem
614 1103 752 1183 populus
775 1106 968 1183 damnasset,
991 1105 1084 1167 ettive
1106 1101 1268 1183 imperinm
1291 1102 1492 1183 abrogasset,

143 1197 216 1260 itin
240 1208 350 1260 senatu
372 1217 435 1260 non
461 1207 556 1259 esset.
611 1195 744 1260 Tttlerat
772 1209 875 1261 autem
906 1221 972 1263 eam
999 1195 1131 1260 maxime
1163 1205 1297 1274 propter
1318 1191 1494 1253 simultates

183 1312 254 1355 oum
270 1291 313 1370 Q.
332 1287 487 1362 Servilio,
512 1287 651 1370 quiante
669 1288 824 1353 biennium
849 1294 960 1356 consui
980 1292 1101 1364 suerat,
1125 1299 1155 1350 et
1176 1287 1228 1349 etti
1240 1285 1396 1368 populus,
1420 1282 1494 1367 qnia

185 1384 265 1448 male
290 1386 443 1446 adversus
467 1380 616 1445 Cimbros
642 1404 708 1445 rem
739 1396 903 1467 gesserat,
922 1382 1088 1468 imperium
1109 1383 1292 1465 abrogavit.

272 1474 373 1558 [Dicit
394 1475 432 1536 de
455 1472 646 1554 nobilibus]:

268 1570 338 1647 Qui
356 1587 423 1629 arou
442 1565 543 1628 modo
564 1586 644 1629 oum
663 1567 782 1650 Sylla,
810 1591 922 1633 verum
942 1572 1063 1645 etium,
1097 1567 1160 1629 illo
1181 1574 1336 1639 mortno,
1365 1583 1497 1644 semper

144 1658 253 1724 saion
279 1676 340 1736 per
366 1677 401 1719 se
427 1657 566 1718 summis
588 1655 706 1736 opibus
733 1660 937 1723 retinendum
965 1664 1186 1740 putaverunt:
1217 1654 1442 1717 inimicissimi
1461 1653 1495 1715 0.

190 1748 306 1812 Coitae
317 1745 487 1826 fuerunt,
508 1743 602 1827 quod
622 1747 648 1806 is
671 1748 792 1813 oousul
811 1751 956 1829 paulum
977 1745 1116 1809 tribuatis
1135 1743 1241 1826 plebis
1261 1763 1330 1806 stou
1348 1750 1497 1822 potestu-

188 1837 251 1913 tt's,
271 1834 330 1898 sed
348 1834 524 1916 dt'gnitotis
544 1832 682 1895 addidit.

274 1923 338 1988 Hie
360 1923 474 2000 Cotta,
498 1933 655 2005 utputo,
676 1927 779 2009 legem
802 1924 889 1998 tulit,
914 1936 948 1989 ut
968 1923 1103 1992 tribunis
1126 1923 1226 2007 plebis
1252 1921 1362 1988 liceret
1382 1933 1498 2004 postea

190 2017 269 2082 aiios
292 2018 493 2102 magistratus
515 2037 646 2099 capere:
670 2020 756 2103 quod
777 2018 846 2102 lege
870 2019 974 2097 Syllae
995 2019 1035 2081 iis
1057 2029 1124 2082 erat
1145 2020 1334 2097 ademptum.

146 2150 179 2199 20
271 2111 442 2188 Quamdiu
463 2111 598 2197 quidem
618 2112 684 2173 lroo
713 2111 827 2172 ouimo
855 2130 939 2192 ergo
971 2131 1026 2174 vos
1059 2111 1124 2173 illa
1151 2107 1244 2190 plebs
1263 2110 1341 2182 erit,
1373 2128 1500 2191 quoae

117 2235 180 2295 [107]
191 2200 332 2265 ostendit
351 2222 437 2282 esse,
458 2222 536 2264 cum
558 2202 668 2283 legem
680 2196 872 2279 Aurelium,
893 2218 972 2263 oum
984 2200 1140 2263 liosoium
1153 2220 1223 2261 nort
1235 2197 1336 2260 modo
1350 2200 1500 2280 occepit,

189 2289 247 2354 sed
265 2291 368 2355 etium
388 2291 612 2371 efflagitavit.
1472 2343 1476 2351 ,

275 2379 408 2444 Aurelia
431 2381 503 2464 lege
525 2377 749 2443 communicata
772 2399 840 2442 esse
862 2377 973 2443 indicia
994 2379 1076 2442 iuter
1097 2389 1260 2442 senatores
1275 2388 1306 2440 et
1322 2386 1502 2460 equestrem

190 2571 238 2620 uio
258 2569 459 2638 praetermissa.
495 2565 591 2636 ltaque
609 2581 666 2616 non
684 2558 759 2617 reete
781 2562 900 2618 editores
931 2564 1148 2639 fragmentorum
1166 2566 1222 2620 hoo
1237 2563 1419 2638 fragmentum
1437 2578 1501 2616 cum

193 2645 334 2716 superiore
348 2657 403 2692 uno
422 2653 516 2692 tenore
536 2638 727 2693 exbibuerunt.

267 2713 338 2767 ibid.
355 2716 514 2783 praetereo]
534 2712 619 2784 Lugd.
639 2714 705 2768 Hos.
724 2714 802 2766 Man.
822 2713 903 2767 Creu.
926 2744 956 2756 -
977 2722 1126 2785 praeterea
1144 2719 1260 2788 priores.

267 2787 339 2843 Ibid.
358 2791 538 2855 iustissimae]
558 2793 708 2840 iustissime
729 2789 819 2843 Prius.
838 2787 947 2842 Beraid.
968 2849 973 2865 Ι

289 2926 315 2976 1.
334 2919 395 2988 vis]
415 2922 459 2969 ius
478 2918 570 2992 Sigon.
591 2919 690 2974 Graes.

288 2999 315 3054 5.
333 2996 384 3060 sit]
406 2993 489 3065 Lngd.
510 2995 573 3046 Hos.
593 2995 672 3047 Mau.
691 2993 772 3048 Creu.
795 3023 825 3035 -
847 3000 889 3044 esi
909 2996 1023 3065 priores.

288 3066 318 3123 ll.
338 3068 474 3135 Cassium]
496 3068 562 3121 Lod.
583 3084 610 3121 et
630 3086 704 3139 seqq.
728 3097 759 3110 -
782 3069 907 3122 Cassiam
926 3069 1018 3121 l’rlne.
1040 3064 1146 3121 Berald.
1166 3065 1228 3122 ati.

290 3147 317 3200 7.
337 3143 370 3197 I..
390 3142 515 3210 Cassius]
535 3143 567 3196 C.
587 3142 702 3196 Cassius
720 3142 828 3208 Berald.
849 3140 916 3195 Lod.
935 3142 1012 3195 Man.
1033 3143 1089 3215 sig.

271 3215 343 3271 lhid.
363 3216 395 3271 C.
416 3218 524 3285 Flavio]
556 3217 695 3290 Sigonius.
713 3245 750 3261 -
770 3218 801 3272 C.
819 3218 917 3269 Flacco
936 3221 1030 3270 ceteri.
1051 3244 1088 3259 -
1106 3214 1324 3288 ,deponendum
1343 3213 1451 3271 ridetur
1469 3217 1508 3273 L.

199 3293 297 3347 Cassio
317 3309 366 3364 pro
387 3291 417 3346 0.
439 3293 553 3350 Fiaeeor
575 3293 671 3345 horum
690 3297 763 3346 enirn
784 3294 940 3346 consolatus
961 3288 1147 3363 significator,
1167 3308 1229 3344 curn
1250 3296 1373 3364 proxime
1393 3291 1507 3358 inierat,

199 3369 236 3437 Q.
256 3367 407 3421 Caecilium
431 3366 545 3419 biennio
570 3382 633 3420 ante
659 3367 742 3420 latam
770 3366 857 3440 legem
886 3367 1027 3420 consulem
1051 3363 1164 3418 inisse.’'
1193 3366 1335 3419 MANUT.
1365 3371 1393 3420 in
1420 3368 1507 3439 Lngd.

199 3440 253 3496 sei
273 3441 345 3495 idem
365 3441 451 3495 multo
470 3440 639 3514 probabilius
660 3447 688 3494 in
708 3441 774 3495 edit.
794 3456 948 3514 postremas
982 3439 1200 3512 „Reponendnm
1220 3440 1327 3493 ridetur
1347 3441 1377 3494 C.
1397 3441 1507 3506 Flavio,

198 3532 227 3646 ἓξ
246 3516 899 3647 iiiii·ii.i:i‘ii.t.i'ii..⁰3ii“i³
914 3513 1507 3646 1311ἓῖ1111ἱζῖ,’ἒῖἑ“ῖῐ;.ἳ·.ῗ;;ῗ

199 3666 234 3721 Τ.
256 3667 307 3720 lll.
328 3686 354 3740 p.
374 3669 436 3723 151.
456 3682 483 3719 et
503 3685 530 3738 p.
554 3670 616 3724 152.
868 3672 912 3725 1ο.
931 3671 1000 3735 nou]
1026 3682 1075 3716 nee
1095 3667 1160 3720 Hos.
1179 3665 1259 3719 Creu.
1280 3609 1402 3737 Piqsshius.

275 3747 319 3798 11.
338 3741 373 3811 Q.
392 3742 523 3809 Seqvilt'o]
551 3744 646 3814 Sigon.
676 3770 706 3783 -
734 3741 769 3812 Q.
790 3742 892 3795 Ceeiit‘o
913 3745 1003 3795 Prius.
1023 3737 1085 3793 tid.
1102 3767 1140 3783 -
1164 3739 1198 3809 Q.
1218 3740 1338 3793 Caecilio
1357 3743 1452 3793 ceteri.
1471 3767 1507 3782 —

200 3814 280 3884 Quod
295 3820 399 3889 primns
414 3821 518 3889 recepit
539 3816 677 3889 Sigonius,
698 3833 840 3870 suaserunt
862 3832 968 3889 praescr
987 3815 1145 3868 Manutinm
1165 3815 1277 3886 Pighius
1296 3814 1314 3868 i.
1333 3813 1509 3867 LFabrioins

199 3896 229 3944 in
257 3895 312 3943 vita
339 3890 401 3944 Cic.
430 3909 457 3963 p.
484 3895 510 3946 7.
535 3890 578 3944 ed.
604 3892 734 3963 Hearing.
762 3897 808 3964 qoi
833 3893 875 3944 vel
899 3891 933 3961 Q.
953 3889 1074 3942 Servilio
1093 3888 1135 3941 vel
1154 3890 1188 3958 Q.
1208 3890 1344 3960 Caepione
1362 3886 1508 3961 legendum

199 3969 354 4040 proposuit.
393 3962 474 4019 coni.
495 3966 609 4018 Ferrarii
629 3965 718 4039 Epist.
739 3967 776 4024 it.
795 3971 822 4026 9.
842 3982 903 4041 paq.
924 3972 985 4023 107.

274 4045 318 4100 15.
339 4056 395 4092 om.
417 4042 508 4093 l’rinc.
529 4038 597 4095 Lod.
871 4043 915 4098 td.
934 4040 1009 4110 rtem]
1030 4056 1086 4094 om.
1104 4040 1198 4097 Prius.

275 4120 320 4172 15.
340 4115 445 4186 opibus]
477 4112 561 4185 and.
582 4116 646 4169 llos.
669 4115 745 4170 Man.
766 4116 847 4172 Creu.
865 4145 902 4160 -
921 4115 1049 4185 operibus
1065 4119 1182 4188 priores.

275 4187 348 4242 ibid.
367 4192 560 4258 inimicissimi]
579 4195 741 4242 amicissimi
760 4189 827 4244 Lod.

277 4268 322 4319 17.
341 4263 464 4335 addidit]
504 4265 588 4336 Lngd.
610 4266 674 4319 ssot.
694 4267 771 4320 Mau.
791 4266 872 4320 Creu.
901 4293 937 4307 -
965 4263 1048 4316 addit
1064 4266 1157 4320 Prius.
1176 4260 1285 4320 Berald.
1305 4261 1367 4317 tiri.
1387 4259 1457 4316 Lod.
1475 4285 1513 4301 -

201 4337 328 4403 additu,
347 4340 421 4390 olias
442 4341 552 4412 reliquit
571 4338 666 4413 Sigon.

279 4421 313 4475 18
343 4422 373 4465 ut
389 4419 471 4484 preto]
491 4412 555 4484 „ad
576 4430 621 4479 ea,
640 4429 708 4485 qnae
728 4414 825 4467 scribit
843 4418 873 4466 in
892 4412 966 4466 huno
985 4411 1078 4466 loeom
1100 4415 1251 4477 Asconius,
1271 4409 1357 4478 addo,
1377 4410 1432 4464 hoo
1451 4428 1515 4464 seu·

202 4494 270 4543 sisse
291 4494 375 4542 etiam
396 4490 522 4543 Macrum
543 4489 683 4542 tribunum
704 4488 740 4561 pl.
760 4487 831 4562 epod
850 4488 1009 4543 Sallustium
1030 4494 1058 4541 io
1077 4488 1132 4543 111.
1152 4489 1348 4541 historiarum.
1373 4503 1437 4539 eom
1457 4491 1512 4541 ait:

202 4565 269 4616 Nisi
279 4563 367 4635 sorte
385 4564 417 4616 C.
436 4564 521 4617 Cotto
540 4583 576 4616 ex
587 4566 723 4634 factione
742 4564 834 4615 media
852 4565 949 4616 coasts!
971 4566 1055 4615 aliter
1079 4580 1161 4631 qtsam
1187 4571 1261 4614 metu
1288 4567 1352 4613 iure
1377 4562 1514 4633 qtsaedum

204 4640 324 4690 tributus
341 4640 494 4692 restituit.”
523 4638 647 4693 SlGON.
870 4641 914 4695 19.
933 4641 979 4706 iis]
1000 4644 1026 4690 is
1044 4639 1135 4691 Ptine.

278 4718 324 4775 23.
343 4716 415 4784 esse]
445 4731 501 4766 om.
522 4713 606 4784 Lugd.
625 4715 690 4767 llot.
710 4714 787 4768 Man.
806 4714 887 4767 Creu.
915 4713 987 4767 haud
1014 4712 1096 4766 dubie
1122 4711 1194 4783 quod
1220 4711 1370 4765 infinitivus
1399 4710 1513 4764 verbum

204 4785 330 4855 linitum,
358 4793 430 4842 nude
449 4787 585 4865 pendeat,
610 4806 666 4843 nou
685 4789 778 4843 habet.
823 4793 860 4844 At
879 4805 962 4859 quotu
982 4791 1155 4861 insequenti
1181 4803 1261 4841 verso
1285 4801 1349 4841 ante
1373 4801 1433 4840 voe.
1460 4804 1516 4856 qua
