3210 5280
260 181 311 244 IN
334 172 477 248 olt'AT.
501 180 597 247 PRO
620 182 722 248 SEX.
746 180 918 250 ROSCIO
940 184 1175 253 AMERINO.
1318 191 1378 256 131

59 333 159 386 antem
187 322 384 405 exemplum,
407 325 491 385 unde
505 323 653 387 vulneret
668 323 832 389 Erucium.
877 325 929 389 M.
945 325 1061 391 Atilius
1077 328 1232 393 Serranus
1255 351 1380 413 semper

62 417 131 479 ruri
158 419 252 479 dabat
275 438 423 498 operam3
456 417 508 479 hic
534 418 606 479 darm
636 428 742 480 terrae
771 418 888 482 semina
915 423 1094 499 mandaret,
1127 423 1210 487 missi
1238 436 1310 489 sunt
1342 427 1381 487 ad

59 533 129 574 eum
157 510 267 594 legati.
312 512 428 575 Factus
455 510 657 574 cstconsnl.
708 511 894 575 Aratorinm
921 514 1084 595 pulverem
1109 517 1246 598 palmata
1271 518 1378 582 tersit.

61 603 156 686 Ergo
170 605 235 667 hoc
252 603 326 666 dicit
349 603 495 668 Tullius:
519 605 616 679 „'l'u,
641 603 762 678 Eruci,
785 604 842 687 qm
867 605 1029 687 vituperas
1055 609 1151 672 vitam
1173 612 1378 687 rusticanam,

58 699 150 761 valde
165 699 277 761 stultus
294 719 378 761 esses
401 698 456 761 illo
477 709 640 778 tempore,
665 718 731 779 quo
747 697 901 763 Serranus
916 702 1028 764 consul
1043 702 1160 767 iactans.
1206 705 1240 767 Si
1254 705 1406 790 quidemi

57 801 142 854 tanta
166 792 342 856 innocentia
369 812 520 874 agrorum
543 802 608 867 est,
633 802 667 852 ut
693 788 811 852 civitati
834 791 921 878 leges
947 795 1125 858 reserant.''

145 884 274 967 Cupide
295 884 513 967 appetebant]
536 885 600 948 Hic
625 885 742 946 Sullam
767 884 888 970 tangit,
913 888 972 950 stab
993 911 1058 973 quo
1081 890 1170 954 mariti
1194 911 1291 976 agros
1306 912 1380 956 suos

57 979 275 1060 perdiderunt.

62 1097 68 1120 ι
144 1073 196 1135 51.
220 1075 341 1157 Neque
363 1073 444 1134 baec
461 1068 632 1161 profana,
656 1093 724 1156 quo
748 1070 964 1162 conferenda
983 1072 1068 1155 sint]
1092 1060 1190 1155 Quasi
1212 1079 1381 1143 hocaccu·

59 1178 151 1230 sator
175 1166 327 1230 obiiciat:
365 1168 482 1251 „Ergo
516 1178 548 1228 tn
575 1164 702 1228 confers
731 1165 885 1228 Roscium
920 1177 952 1228 et
972 1163 1017 1229 illi
1042 1169 1184 1233 Serrano
1213 1184 1244 1234 et
1269 1175 1424 1238 eetertsn

58 1259 263 1324 nobilissimis
290 1259 403 1323 viris.''
446 1259 532 1323 Dicit
550 1257 689 1322 Cicero:
712 1260 810 1331 „Non
826 1281 889 1343 ego
906 1261 1038 1324 consero
1055 1284 1124 1324 cum
1145 1263 1193 1327 bis
1209 1267 1379 1344 Roscium,

58 1357 115 1416 sed
140 1353 216 1417 volo
240 1357 408 1417 ostendere
431 1364 548 1414 tantum
572 1372 668 1433 posse
684 1372 799 1436 agros,
824 1366 858 1415 ut
880 1353 1016 1418 maiores
1039 1357 1163 1433 nostri,
1188 1380 1283 1441 quirun
1299 1382 1381 1424 sem·

58 1469 118 1530 per
142 1447 187 1510 rei
212 1447 359 1528 publicae
381 1450 491 1509 darent
516 1466 668 1526 operam,
693 1458 795 1507 tamen
822 1467 949 1527 semper
974 1469 1070 1533 agros
1094 1451 1286 1514 coluerint.''

148 1541 201 1604 59.
224 1538 437 1621 Patiebatur]
471 1541 558 1603 Bene
582 1537 676 1614 dicit,
695 1539 914 1621 patiebatur,
938 1542 1027 1624 quasi
1048 1542 1147 1628 magis
1174 1542 1296 1608 volenti
1321 1548 1381 1611 ob·

58 1635 285 1717 temperaverit
306 1645 415 1715 pater,
441 1654 537 1717 quarum
561 1631 631 1713 ipse
653 1652 723 1694 eum
747 1633 889 1697 noluerit
912 1655 993 1698 esse.
1391 1649 1424 1698 15

143 1729 334 1812 Quisquam
356 1725 510 1808 uocabat]
545 1723 582 1787 Id
605 1735 671 1800 est,
694 1728 733 1787 ad
756 1747 902 1790 coenam.
947 1727 1154 1794 Severitatem
1181 1731 1294 1798 iudicis
1315 1734 1382 1799 risu

65 1822 236 1885 relaxavit.
282 1822 439 1901 Quoniam
460 1820 513 1884 illc
530 1817 709 1883 obiecerat:
734 1818 839 1894 „Cum
861 1821 949 1884 nullo
970 1823 1152 1887 convivium
1168 1826 1284 1901 iniit;''
1307 1827 1382 1891 dicit

59 1915 199 1982 Cicero:
224 1962 238 1988 ‚,
248 1914 327 1995 Quis
354 1936 424 1978 cum
446 1922 612 1996 pasceret,
637 1913 692 2000 quai
715 1925 746 1978 et
767 1913 799 1976 in
821 1934 902 1998 agro
926 1927 1009 1979 esset
1023 1938 1149 2000 semper
1171 1931 1203 1982 et
1223 1941 1380 2005 utinquam

57 2009 241 2074 invitantem
263 2009 453 2072 invitaturus
476 2007 613 2072 esset?’'

149 2105 202 2167 55.
226 2103 369 2168 Nemini
390 2114 540 2166 vestrum
561 2114 632 2179 est,
654 2099 777 2182 Eruet]
800 2099 896 2184 Apud
919 2101 1067 2187 antiquos
1089 2104 1268 2187 eloquentia
1293 2106 1425 2169 nrrllottt

57 2196 202 2280 praemio
224 2196 414 2260 laudabilior
429 2196 504 2272 iuit3
528 2198 555 2260 si
577 2196 702 2280 quidem
727 2193 826 2257 artinis
850 2216 902 2259 ars
925 2216 966 2259 ex
987 2197 1092 2279 pretio
1115 2197 1211 2262 vilior
1232 2198 1379 2263 efficitur.

58 2293 151 2374 Ergo
179 2310 238 2352 nec
267 2301 434 2352 accusator
466 2311 524 2352 nec
555 2290 706 2353 defensor
732 2285 908 2369 accipiebat
939 2290 1116 2370 pecuniam.
1174 2291 1280 2356 Modo
1311 2293 1382 2355 vult

58 2383 230 2447 ostendere
246 2394 374 2455 orator,
393 2382 465 2466 qrria
489 2383 611 2465 accepit
626 2380 791 2464 pecuniam
808 2380 964 2458 Erucius,
983 2394 1017 2444 nt
1032 2396 1195 2446 occursaret
1209 2383 1379 2448 Roscium.

57 2479 139 2541 Nam
167 2477 304 2541 ostendit
332 2498 401 2539 cnm
436 2497 476 2540 co
499 2476 675 2540 inimicitias
700 2475 817 2549 ittisse;
853 2475 940 2538 socia
970 2495 1051 2558 ergo
1078 2498 1130 2539 res
1159 2490 1227 2555 est,
1262 2489 1298 2540 nt
1318 2479 1382 2541 hoc

57 2571 322 2656 qrradruplatione
354 2571 486 2645 secerit;
523 2594 593 2634 nam
628 2570 655 2633 si
688 2578 869 2631 accusasset
903 2567 1016 2653 aliquis
1045 2589 1134 2632 reum
1168 2583 1199 2633 et
1231 2569 1423 2648 vicisset,tt

57 2675 201 2750 quartam
222 2675 343 2745 partem
367 2666 524 2728 bonorum
547 2665 614 2731 eius
635 2663 822 2745 accipiebat.

142 2763 270 2841 Legem
292 2757 499 2837 Remmiam]
533 2760 623 2840 Qua,
648 2757 704 2842 qui
727 2753 994 2833 calumniabatur,
1019 2757 1243 2836 damnabatur,
1267 2756 1294 2822 si
1316 2756 1381 2821 cri·

56 2873 128 2916 men
151 2853 334 2932 approbare
356 2873 420 2915 non
443 2863 596 2932 poterat.¹

145 2943 229 3027 Cap.
250 2946 333 3009 XX.
357 2946 588 3009 Accusatores
611 2981 652 2994 -
673 2945 761 3026 esse]
784 2945 919 3023 Semper
939 2939 1016 3003 vitia
1031 2940 1138 3006 vicino
1154 2940 1268 3007 timore
1283 2944 1380 3008 viles·

57 3052 145 3104 cunt.
190 3040 283 3123 Ergo
306 3039 337 3101 in
361 3038 408 3100 his
425 3039 581 3120 capitibus
596 3041 658 3102 boc
673 3037 747 3101 dicit
763 3036 900 3102 Cicero:
924 3034 954 3097 in
981 3034 1109 3100 civitate
1124 3056 1250 3119 semper
1265 3039 1423 3106 debentia

56 3136 166 3216 plures
191 3142 391 3195 accusatores
414 3152 502 3207 esse,
538 3144 572 3194 ut
597 3133 726 3196 timeant
752 3128 892 3212 improbi
926 3129 978 3191 vel
1000 3128 1198 3193 innocentes.
1244 3130 1324 3192 Nam
1348 3142 1380 3192 et

55 3226 241 3290 innocentes
268 3225 408 3288 damnari
431 3247 493 3289 non
521 3237 675 3307 possunt,
710 3224 768 3287 nisi
797 3221 935 3285 accusati
958 3222 1093 3296 luserim,
1126 3222 1205 3285 etsi
1233 3227 1295 3307 quia
1321 3222 1381 3285 erit

55 3318 195 3401 suspicio
224 3319 461 3396 innocentibus,
495 3321 569 3380 darm
595 3330 804 3394 accusantur,
838 3316 971 3401 purgari
1000 3328 1147 3398 possunt.
1192 3317 1285 3400 Ergo
1314 3336 1380 3379 non

56 3426 129 3476 sum
151 3413 405 3495 reprehendendi
429 3426 643 3477 accurantores.
695 3451 700 3457 ·

143 3508 195 3571 55.
220 3507 285 3588 [Si]
307 3508 487 3571 anseribus
508 3507 652 3588 cibaria]
682 3506 720 3570 ln
743 3502 908 3587 Capitolio
938 3526 1031 3569 canes
1056 3517 1088 3569 et
1112 3525 1241 3569 anseres
1262 3504 1381 3568 cibaria
1392 3526 1423 3576 35

55 3601 203 3665 solebant
225 3601 390 3682 accipere,
420 3612 592 3683 propterea
619 3603 707 3686 qnod
728 3620 856 3663 anseres
879 3599 979 3662 nrrntii
1001 3611 1075 3663 sum
1096 3599 1254 3676 hostium,
1286 3619 1381 3663 canes

57 3696 197 3769 ultores3
228 3697 316 3778 quod
341 3693 422 3756 enim
455 3693 502 3757 illi
528 3693 721 3757 clamoribus
747 3691 907 3771 anuntiant,
940 3690 986 3756 illi
1012 3693 1172 3756 morsibus
1206 3692 1379 3756 vindicant.

136 3986 161 4035 1.
181 3980 244 4031 Dat
263 4009 282 4022 -
301 4010 320 4023 -
338 3978 481 4045 Bruttium]
498 3994 602 4032 -om.
622 3977 689 4030 haec
710 3975 775 4030 Scir.
815 3975 886 4030 ibid.
907 3976 951 4032 M.
974 3978 1096 4048 Atilius]
1118 3975 1379 4034 deI.F.Gronouli
1472 3988 1478 4003 ¹

58 4069 177 4107 correct.
198 4055 263 4107 Sch.
282 4083 319 4097 ·-
338 4054 478 4106 Manilius
496 4053 532 4108 G.
553 4053 603 4107 Gr.
642 4057 669 4110 5.
688 4052 762 4106 Fora.
782 4056 889 4104 attritus
906 4050 1019 4104 habitus
1038 4070 1120 4107 esses.
1141 4053 1195 4108 Oa.
1235 4061 1261 4115 8.
1278 4055 1381 4126 pardi-

57 4128 171 4196 derunt]
194 4130 229 4183 G.
249 4129 300 4184 Gr.
328 4160 364 4173 -
388 4128 573 4199 perdiderant
593 4127 659 4182 Scir.
708 4136 753 4185 10.
773 4129 934 4195 acciuntur]
965 4126 998 4182 de
1024 4128 1136 4182 onem
1165 4133 1239 4183 coni.
1259 4129 1325 4183 aaa.
1343 4156 1382 4171 -

57 4213 191 4256 castrator
218 4207 253 4259 G.
273 4207 324 4260 Gr.
376 4203 448 4258 lbid.
469 4206 512 4275 et]
543 4204 577 4258 G.
604 4204 654 4258 Gr.
684 4228 721 4243 -
749 4218 809 4254 erem
831 4203 897 4257 Sela.
924 4202 980 4276 (att
998 4207 1098 4276 scripsi
1118 4221 1169 4277 pro
1188 4202 1238 4256 iiio
1257 4204 1294 4259 G.
1316 4205 1382 4272 Gr.)

58 4285 103 4340 13.
123 4280 276 4350 soluerint]
297 4282 347 4334 Gr.
368 4279 435 4334 sch.
453 4305 485 4321 -
507 4280 651 4332 reinserunt
671 4277 708 4333 G.
747 4282 793 4336 15.
814 4296 895 4348 petrem
915 4279 982 4346 ceu]
1003 4278 1037 4333 G.
1062 4306 1092 4319 ·-
1115 4296 1172 4334 om.
1192 4297 1252 4331 eum
1272 4282 1323 4334 Gr.
1343 4306 1380 4321 -

55 4373 139 4427 quum
157 4359 215 4424 ipse
233 4357 357 4407 voireerit
375 4371 433 4406 esse
452 4353 517 4408 Sela.
568 4357 613 4411 16.
634 4371 757 4406 coenam.
796 4353 984 4405 Severitatem
1009 4353 1110 4405 iudicis
1135 4354 1210 4425 rtsu]
1240 4353 1291 4408 Gr.
1312 4353 1378 4408 Scir.

55 4458 94 4473 ·—
112 4448 238 4483 coenam.
276 4430 468 4497 Severitatem]
488 4429 597 4481 Iudices
616 4434 675 4481 risu
688 4431 722 4484 G.
763 4431 808 4486 18.
828 4427 1091 4501 quisJSeh.-qui
1109 4429 1143 4483 G.
1159 4429 1209 4485 Gr.
1246 4429 1379 4501 20.l..egc

55 4521 89 4558 ex
109 4507 169 4558 Cle.
190 4505 281 4556 Nemo
299 4514 426 4557 nostrmn
446 4512 497 4557 est.
536 4509 581 4562 29.
600 4508 706 4572 vicina]
728 4504 791 4560 Sela.
805 4509 951 4556 -vr'eina
970 4501 1007 4558 G.
1029 4505 1077 4558 Gr.
1116 4506 1294 4575 52.improii
1312 4503 1380 4576 eea]

59 4609 90 4621 -
113 4580 241 4653 improbi.
261 4580 439 4652 [Acerasandi
457 4588 539 4646 sient,
568 4584 594 4632 si
612 4584 766 4651 susspicione
785 4597 840 4632 non
860 4582 988 4647 careant]
1017 4578 1066 4630 vei
1087 4583 1257 4633 innoeentes.
1303 4579 1380 4631 Nam

55 4665 188 4707 nocentes
206 4655 233 4709 d.
254 4657 319 4710 Sch.
338 4664 470 4707 nocentes
489 4661 642 4728 posteriore
662 4663 727 4709 loco
746 4669 821 4709 recte
841 4659 896 4708 iam
918 4656 930 4707 1
960 4655 990 4711 F.
1011 4654 1169 4708 Gronovius
1189 4669 1379 4730 proposuerat.

60 4735 109 4793 57.
131 4732 176 4783 atta
194 4734 243 4800 nu]
268 4761 298 4774 -
320 4730 350 4783 aa
368 4750 404 4786 m.
425 4731 491 4786 Sca.
