3210 5280
457 235 507 306 ut
531 235 673 301 cunr.
695 236 744 307 tu
768 233 1024 301 vu‘umuu.
1328 229 1396 312 ,sm

80 374 135 456 [Ρ.
162 375 230 455 Plu]
253 374 356 437 ornnia
385 374 572 439 simillimam
601 373 715 450 luisse3
747 385 782 437 ut
803 395 899 458 qurum
926 373 1073 437 Vatinius
1095 372 1270 438 laudaverit
1296 372 1399 438 Milo·

80 491 170 543 nem,
202 491 284 532 ortae
308 471 508 550 impudenter
536 481 648 534 contra
677 473 718 534 P.
745 468 880 533 Sestium
906 467 1126 532 testimonium*
1146 468 1248 542 dicat,
1280 468 1337 550 qrri
1358 468 1399 529 ab

80 565 178 624 rebus
210 562 310 646 gestis
335 564 500 648 collegae¹
535 564 584 627 stri
613 563 749 629 Milonis
777 563 860 626 niella
894 563 926 626 iu
956 573 1047 645 parte
1078 561 1301 634 dissenserit²;
1341 580 1402 622 nee

80 657 218 737 patiatur
240 658 303 720 hoe
325 657 408 720 ratio
432 658 593 737 veritatis,
616 657 701 723 idio
723 660 786 721 boc
807 656 971 734 accusari,
995 658 1083 741 qnod
1103 655 1135 718 in
1150 654 1276 718 Milone
1291 654 1400 716 leudu-

80 761 147 811 tum
169 749 222 812 sit.
301 789 309 800 ·
403 770 408 776 ·
1410 753 1424 801 ⁵

155 869 193 947 d.
223 875 419 950 Dixerisue
445 880 483 950 in
511 879 859 980 eumtestimonium
888 878 933 951 de
960 878 1017 973 vi,
1044 899 1152 974 quem
1181 868 1399 973 negaveris³¹

81 1010 185 1058 reum
212 991 361 1061 omniuo
388 989 433 1062 de
459 991 497 1062 vi
522 990 603 1062 fieri
630 986 831 1064 debuisse?

167 1106 230 1147 -¹'
252 1105 378 1169 Evertit
403 1106 543 1168 luaditus
564 1108 785 1170 arrctoritatem
814 1105 986 1171 testimonii
1009 1104 1097 1182 eius,
1127 1103 1182 1189 qui
1211 1102 1273 1169 sibi
1303 1107 1400 1185 repti-

82 1197 209 1280 guautia
231 1199 362 1278 dixerit,
386 1203 473 1283 qnod
495 1213 544 1264 est
568 1200 674 1264 vitium
696 1201 726 1264 in
749 1213 830 1265 teste
851 1199 1069 1283 praecipuum.

414 1313 656 1419 exemere
683 1343 748 1416 m
777 1340 1066 1419 muman.
1414 1349 1444 1396 «ο

475 1498 655 1565 INCIPIT
677 1532 718 1543 -
740 1495 1011 1564 FELICITER.

560 1691 922 1710 Μ

368 1910 479 2044 nu
525 1907 1097 2016 ‚ouu'rtonun

106 2142 200 2228 ru
248 2143 296 2236 r.
342 2122 724 2229 eubolum
765 2140 859 2227 us
908 2137 1363 2265 cultionem,

439 2571 441 2575 -
488 2483 713 2600 nnuours
746 2535 988 2601 montrum.

161 2675 331 2736 Orationis
366 2673 551 2739 Tullianae
577 2673 608 2737 in
635 2673 784 2741 Clodium
814 2687 845 2738 et
877 2674 1051 2740 Curionem
1082 2695 1202 2756 pauca
1235 2673 1333 2739 verba
1364 2677 1400 2737 in

60 2766 230 2854 'antiquis
259 2764 479 2842 editionibus,
509 2767 569 2831 sed
592 2768 760 2833 uberrima
792 2769 888 2852 apud
921 2770 1038 2851 plures
1069 2777 1226 2830 auctores
1256 2763 1400 2829 extabat

80 2859 264 2918 memoria.
298 2855 533 2920 Laudaverunt
547 2860 636 2920 enim
657 2881 701 2923 ex
722 2880 764 2923 ea
786 2860 982 2940 particulas
999 2859 1137 2943 aliquot
1154 2856 1399 2937 Quintilianus,

80 2946 212 3009 Nonius
234 2944 426 3008 Marcellus
457 2954 488 3008 et
513 2947 729 3025 Rufinianus,
761 2970 847 3032 quas
868 2952 940 3012 suis
964 2950 1053 3011 locis
1076 2968 1136 3009 nos
1161 2943 1399 3010 exhibebimus.

81 3035 238 3099 Meminit
256 3039 335 3122 eius
348 3038 451 3098 etiam
474 3046 586 3100 noster
607 3041 766 3119 interpres
786 3039 835 3100 od
852 3041 1042 3103 orationem
1062 3037 1094 3101 iu
1116 3035 1279 3101 Vatinium
1300 3033 1349 3096 X.
1374 3052 1401 3096 ι.

80 3126 283 3188 Clodianum
297 3135 412 3189 autem
433 3136 607 3206 stuprum,
629 3129 723 3211 quod
742 3131 959 3193 occasionem
971 3129 1130 3210 praebuit
1152 3131 1233 3195 huie
1249 3125 1401 3189 orationi

79 3215 292 3293 scribendae,
313 3218 477 3278 sexcentis
499 3219 532 3278 in
560 3219 648 3281 locis
674 3229 919 3284 commemorat
944 3221 1073 3283 Cicero.
1113 3220 1210 3294 Vide,
1239 3220 1271 3280 si
1292 3214 1402 3291 lubet,

81 3305 121 3367 de
135 3308 318 3385 provinciis
342 3306 580 3370 consularibus
605 3309 653 3371 X.
668 3306 710 3370 'in
734 3309 887 3372 Pisonem
908 3309 1084 3372 XXXIX.
1110 3307 1333 3390 paradoxum
1347 3304 1400 3366 IV.

79 3406 112 3459 et
135 3398 261 3474 passim
282 3417 347 3476 pro
373 3396 492 3474 domo,
522 3406 555 3461 et
579 3397 620 3461 de
640 3399 864 3479 haruspicum
888 3402 1073 3480 responsis,
1103 3409 1135 3464 et
1156 3419 1220 3480 pro
1248 3395 1400 3460 Milone.

80 3506 171 3569 quae
197 3495 262 3550 tres
291 3489 461 3549 orationes
492 3507 656 3569 magnam
688 3491 803 3552 lucem
835 3489 1018 3570 offundunt
1041 3491 1123 3553 buic
1155 3508 1263 3568 nuper
1289 3485 1401 3549 editae

79 3575 110 3637 in
135 3573 283 3638 Clodium
305 3587 337 3638 et
360 3575 545 3642 Curionem.
583 3577 732 3643 Senecae
746 3580 825 3642 item
838 3581 987 3660 epistula
1007 3577 1140 3642 XCVII.
1157 3580 1191 3640 in
1211 3598 1252 3641 eo
1274 3574 1399 3639 scelere

79 3669 192 3731 Clodii
210 3669 406 3732 insectando
424 3691 531 3750 paene
551 3677 625 3730 tota
640 3671 862 3732 consumitur.
901 3668 966 3733 ddi
983 3670 1087 3732 etiam
1103 3669 1277 3732 Valerium
1296 3665 1397 3728 Max.

79 3758 165 3820 VIII.
186 3758 215 3824 b.
237 3760 265 3828 5.
314 3759 383 3823 Sed
406 3780 578 3842 nusquam
607 3759 818 3823 enucleatius
850 3780 955 3842 quam
985 3760 1020 3820 in
1052 3757 1139 3820 libro
1171 3755 1197 3819 I.
1230 3755 1399 3820 Ciceronis

78 3851 307 3927 epistularum
335 3850 384 3912 ad
404 3849 552 3912 Atticum
585 3868 635 3912 res
660 3857 734 3909 tota
763 3849 937 3910 evolvitur.
991 3847 1082 3910 Nam
1113 3848 1209 3927 epist.
1238 3844 1319 3909 Xll.
1349 3845 1399 3905 ait

80 3937 217 4001 Cicero:
246 3931 304 4014 ,‚l'.
327 3940 482 4002 Clodium
503 3935 604 4019 Appii
629 3937 665 3998 F.
687 3937 843 4006 credote
870 3939 1003 4004 audisse
1028 3959 1107 4001 cum
1132 3947 1216 4002 veste
1241 3933 1401 4000 muliebri

77 4028 337 4109 „deprehensum
349 4029 443 4093 dorni
454 4031 487 4093 0.
503 4029 673 4103 Caesaris,
695 4048 801 4109 qurum
815 4027 1027 4103 sacrificinm
1047 4049 1110 4108 pro
1125 4028 1258 4109 populo
1275 4025 1376 4101 Jieret
1398 4064 1408 4098 ,

79 4139 248 4200 „cuninae
267 4141 329 4200 per
348 4140 468 4182 nranus
483 4119 636 4182 servulae
656 4126 823 4180 servatum
844 4127 876 4182 et
897 4118 1076 4193 eductum,
1097 4138 1166 4182 rem
1187 4138 1256 4183 esse
1275 4119 1401 4200 insigni

78 4208 285 4285 „insomim”
324 4210 412 4273 Tum
433 4213 528 4289 epist.
550 4209 648 4272 XIII.
689 4207 817 4281 „Credo
838 4217 869 4270 te
891 4201 1043 4287 audisse,
1065 4229 1171 4290 quam
1197 4208 1297 4288 apud
1318 4208 1401 4270 an-

79 4316 183 4327 ιιι-..ο-
190 4319 333 4331 -ῄ-...ον
340 4318 734 4332 ν-ψ-η--η-η--Μ

151 4369 175 4416 l.
195 4373 256 4419 Cod.
275 4376 383 4435 collega.
426 4371 451 4419 l.
471 4376 532 4422 Cod.
551 4375 702 4421 assenserit.
745 4371 770 4419 ³.
790 4354 986 4435 Eddnegarse.
1030 4371 1055 4418 l.
1075 4373 1224 4418 Versieotss
1244 4372 1290 4417 Gr.
1310 4384 1406 4418 saeuus.

154 4502 199 4550 10.
220 4494 301 4547 Pessi
321 4500 350 4545 in
369 4495 535 4559 Vatinium,
555 4499 618 4565 quis
639 4493 778 4547 coloratus
800 4496 954 4548 tinearum
975 4493 1056 4546 sacris
1077 4492 1212 4546 delinxit.

154 4581 195 4623 tt.
218 4569 279 4621 Non
300 4568 400 4640 legitur
420 4571 456 4621 ob
477 4568 644 4640 praedictam
665 4585 777 4622 causam
798 4569 895 4623 titulus
916 4573 1062 4630 orntonn,
1080 4585 1149 4640 quse
1174 4573 1203 4620 in
1229 4563 1325 4618 codiee
1345 4564 1410 4618 sub-

77 4645 254 4712 sequebatur;
275 4645 354 4716 idque
369 4664 433 4697 sarie
447 4645 541 4704 doleo;
565 4661 627 4697 nem
646 4652 670 4699 st
690 4643 762 4699 lone
781 4663 814 4698 ex
827 4647 925 4697 ordine
944 4645 1098 4697 liner-arum
1118 4661 1177 4695 orm
1187 4649 1268 4696 iones
1289 4645 1410 4710 scriptu

75 4718 88 4770 l
88 4739 172 4771 uuuuu
176 4737 184 4773 r
205 4717 317 4792 (Recole
337 4720 370 4772 sd
391 4721 491 4774 Milon.
511 4722 544 4774 C.
563 4722 626 4774 vu.
646 4726 686 4788 2.)
711 4724 788 4793 sequi
807 4720 904 4774 debuit
922 4724 1014 4776 ontio
1034 4720 1177 4776 Ciceronis
1204 4717 1245 4774 sel
1260 4735 1316 4787 pro
1335 4717 1404 4771 Va-

75 4800 147 4849 tnn'o
167 4796 209 4850 ret
225 4813 279 4867 pro
299 4796 432 4856 Vanum·
460 4811 547 4869 quesn
562 4813 705 4872 uicemque
724 4793 922 4853 desideremus.
