3210 5280
190 229 229 293 ti
732 228 958 298 Ascoutos

189 368 259 432 titio
281 370 389 432 deiude
410 368 545 433 iudicum
568 391 584 431 a
604 369 706 450 priruo
728 371 776 433 die
800 371 881 433 secta
905 382 972 444 est;
1008 382 1084 451 poet
1105 381 1222 433 tanturn
1246 370 1399 432 silentium
1425 383 1495 434 toto

189 464 264 527 foro
283 464 360 539 fuit,
398 476 544 546 quantum
567 465 685 526 esseio
711 465 816 546 aliquo
839 469 912 528 l'oro
936 480 1055 544 posset.
1102 468 1181 526 'l'ruu
1208 464 1285 525 intra
1311 467 1421 527 horaru
1445 486 1495 526 se·

191 561 320 620 condam
350 568 551 619 accusatores
580 569 752 637 coeperunt
782 559 902 632 dicere,
939 556 1061 635 Appius
1089 556 1187 618 iuaior
1212 569 1243 618 ct
1265 556 1316 618 Μ.
1335 556 1495 618 Antonius

191 661 222 712 et
242 652 283 715 Ρ.
308 649 456 712 Valerius
475 651 598 731 Nepos.
643 650 698 713 Usi
721 661 793 711 stitit
816 670 856 711 ex
879 652 948 727 lege
971 649 1057 710 lioris
1079 651 1210 710 ‹luabus.

165 766 179 813 5
275 742 451 823 Respondit
474 740 519 803 his
542 763 620 804 truite
642 742 693 804 M.
715 740 852 826 Cicero:
891 753 922 803 et
947 761 1015 801 clun
1046 742 1228 823 qrribusdaru
1256 739 1424 820 placuisset
1453 739 1496 802 ita

190 835 312 899 delendi
336 835 468 909 crimen,
490 834 626 897 interfici
646 832 793 899 Clodium
811 856 871 916 pro
893 855 928 895 re
947 833 1200 913 publicatione,
1225 835 1338 915 (quam
1358 833 1493 895 loruraru

190 931 243 993 Μ.
266 929 386 991 Brutus
410 928 537 990 secutus
557 940 603 990 est
620 926 652 989 in
674 948 710 990 ea
734 928 894 1000 oratione,
918 946 1009 1008 quam
1034 947 1093 1007 pro
1116 926 1241 989 Milone
1262 927 1439 1005 composuit
1462 936 1495 986 et

189 1020 301 1097 edidit,
325 1019 414 1104 quasi
435 1020 597 1102 egissett)
637 1018 787 1107 Ciceroni
809 1021 839 1083 id
864 1041 924 1083 non
949 1019 1083 1099 placuit,
1109 1022 1196 1101 quod
1217 1040 1301 1092 nou,
1335 1020 1388 1101 qui
1403 1022 1492 1080 bono

189 1105 317 1196 pulilico
337 1112 493 1188 damuati,
528 1113 608 1175 idem
640 1113 731 1175 etiarn
761 1112 862 1178 occidi
890 1113 1080 1174 iudernuatus
1112 1125 1232 1192 posset.
1285 1112 1396 1194 ltaque
1420 1133 1492 1173 curn

147 1207 314 1273 tolusidias
336 1205 492 1270 lllilonein
516 1205 633 1270 Clodio
653 1205 765 1270 iecisse
786 1206 962 1287 posuissent
983 1218 1201 1280 accusatores,
1233 1204 1304 1286 quia
1326 1203 1437 1266 lalsuiu
1461 1203 1493 1265 id

189 1293 376 1379 creticam
404 1299 490 1362 sorte
518 1298 571 1361 illa
600 1298 670 1360 rixa
698 1299 862 1360 commissa
883 1299 1022 1376 luerat),
1061 1295 1177 1362 Cicero
1199 1297 1421 1378 apprehendit,
1461 1307 1493 1358 et

189 1402 302 1456 contra
328 1391 473 1455 Clodium
504 1390 621 1455 Miloni
649 1390 761 1453 secisse
793 1392 916 1454 insidias
945 1392 1131 1472 disputavit,
1169 1410 1271 1472 eoque
1289 1400 1355 1452 tota
1384 1387 1492 1451 oratio

189 1485 256 1547 eius
274 1485 439 1565 spectavit.
484 1485 545 1546 Sed
567 1482 608 1545 ita
633 1483 789 1559 constitit,
821 1495 855 1546 ut
876 1484 1028 1558 diaiinus,
1056 1482 1194 1546 neutrius
1216 1482 1347 1545 consilio
1367 1502 1492 1564 pugna·

189 1587 253 1638 trun
279 1597 346 1638 esse
364 1596 403 1638 eo
425 1574 493 1650 die,
517 1595 626 1636 verum
648 1575 675 1637 ei
699 1575 785 1639 forte
809 1576 1003 1650 occurrisse;
1024 1597 1065 1638 ex
1086 1597 1123 1638 ea
1146 1577 1212 1638 rixa
1234 1595 1400 1637 serrorum
1423 1586 1492 1634 tan·

149 1682 179 1732 15
190 1673 259 1731 deur
288 1671 327 1730 ad
360 1671 484 1730 eaedem
517 1679 715 1747 perventum.
759 1671 877 1732 Notum
909 1682 1010 1732 tamen
1041 1681 1126 1743 erat,
1166 1680 1331 1749 utriunque
1357 1677 1493 1729 mortem

190 1759 278 1824 alteri
299 1780 395 1843 saepe
420 1759 567 1822 minatum
585 1780 673 1835 esse,
711 1771 742 1823 et
764 1761 844 1824 sicut
866 1775 1042 1845 suspectum
1066 1763 1221 1826 Milonem
1245 1760 1362 1833 rriaior,
1397 1780 1493 1842 quarn

150 1864 155 1875 '
189 1852 316 1928 Clodii,
346 1852 460 1916 familia
487 1853 637 1927 iaciebat,
677 1851 716 1914 ite
737 1856 914 1935 expeditior
935 1870 966 1920 et
984 1857 1125 1938 paratior
1144 1858 1182 1918 ad
1204 1875 1338 1935 pugnarn
1361 1851 1493 1916 Clodia-

189 1967 321 2020 norum,
345 1967 436 2029 quam
461 1945 611 2018 Milonis,
633 1945 750 2008 suerat.
795 1946 912 2012 Cicero
935 1973 1003 2012 cirin
1023 1950 1176 2030 inciperet
1193 1948 1315 2015 dicere,
1339 1955 1494 2023 exceptus

190 2051 238 2100 est
257 2041 478 2102 acclamatione
501 2035 746 2114 Clodianorum,
784 2040 837 2122 qui
862 2063 896 2105 se
925 2042 1085 2106 continere
1114 2064 1152 2103 ne
1176 2051 1256 2102 metu
1278 2039 1404 2120 quidem
1426 2036 1493 2096 cir·

146 2131 405 2205 pocumstantiuni
428 2130 556 2192 rnilitum
576 2143 755 2213 potuerunt.
800 2135 910 2217 ltaque
927 2157 990 2199 nou
1010 2156 1063 2208 ea,
1087 2157 1147 2220 qua
1170 2135 1280 2198 solitus
1303 2143 1386 2202 eret,
1412 2149 1491 2189 con-

117 2224 298 2290 [¹⁵⁰]stantia
321 2224 411 2287 dixit.
455 2226 567 2287 Manet
589 2235 691 2287 autem
715 2224 766 2287 illa
789 2246 917 2310 quoque
948 2239 1080 2308 excepta
1107 2226 1173 2289 eius
1199 2225 1315 2288 oratio.
1358 2221 1494 2303 Scripsit

190 2335 268 2383 vero
290 2319 389 2395 hane,
417 2338 514 2404 quam
538 2317 687 2403 legimus,
711 2318 752 2382 ita
773 2319 933 2401 perfecte,
956 2330 991 2382 nt
1011 2321 1077 2383 iure
1099 2321 1197 2402 prima
1218 2318 1325 2381 haberi
1347 2317 1462 2400 possit.

578 2522 1104 2612 ENARRATIO.

737 2691 944 2706 m

623 2785 756 2849 VERS.
780 2787 811 2847 A
836 2783 987 2848 PRIMO
1011 2785 1053 2847 1..
1432 2870 1437 2883 Ι

146 2913 177 2962 25
268 2901 320 2976 (§.
343 2900 395 2995 3.)
417 2902 525 2967 Uunm
548 2924 654 2985 genus
675 2914 723 2967 est
747 2904 919 2969 adversum
941 2904 1163 2987 infestumque
1185 2903 1278 2967 nolis
1302 2911 1334 2964 et
1353 2913 1489 2962 caetere.

282 3077 306 3124 1.
325 3071 449 3136 reprimo
472 3066 526 3133 dte]
549 3066 638 3120 Prluc.
659 3067 765 3120 Bersld.
782 3067 844 3122 Ald.
865 3068 931 3122 Lod.
949 3099 985 3110 —
1003 3087 1023 3120 a
1041 3074 1195 3139 qeeaesitore
1212 3069 1295 3141 Lugd.
1308 3069 1385 3121 Meri.
1404 3099 1440 3111 -
1460 3079 1492 3122 ut

184 3146 276 3213 primo
294 3140 338 3191 dte
358 3142 422 3194 Hor.
439 3143 520 3194 Creu.
560 3182 574 3206 «
583 3141 663 3210 Quod
684 3158 733 3194 cur
751 3146 788 3194 ua
808 3143 966 3196 mutandum
983 3147 1119 3216 poterim,
1138 3162 1170 3195 ex
1190 3148 1233 3207 tte,
1253 3160 1321 3214 quae
1338 3143 1492 3197 dictasunt

187 3221 326 3287 superine,
345 3215 424 3268 tacite
443 3232 483 3268 est
505 3216 648 3287 iutelligi.”
668 3216 752 3270 titi'r.
772 3246 809 3259 —
829 3222 880 3284 „A
900 3224 990 3290 primo
1014 3218 1074 3282 die,
1095 3217 1122 3271 id
1143 3235 1199 3284 eet,
1217 3235 1248 3271 nt
1271 3217 1423 3272 Columella
1445 3221 1492 3270 lo-

187 3297 294 3359 quitur,
309 3295 401 3359 primo
415 3309 494 3342 mane
513 3306 609 3362 coepte
629 3306 670 3343 est
688 3292 744 3344 lieri
758 3297 868 3347 enutrio
882 3291 1020 3358 iudicum,
1038 3298 1075 3346 ita
1090 3310 1119 3345 or
1139 3298 1209 3346 intra
1226 3291 1372 3346 secundam
1393 3296 1491 3345 horem

186 3379 358 3417 accusatores
377 3365 466 3418 dicere
486 3369 652 3437 inciperent;
688 3367 781 3419 eodem
803 3368 884 3420 modo
904 3367 957 3420 dici
973 3374 1064 3436 primo
1083 3367 1144 3437 dte,
1171 3373 1266 3438 prima
1284 3377 1380 3434 noete,
1397 3374 1493 3438 primo

186 3457 261 3491 auno
280 3436 406 3512 (cotum.
426 3441 462 3495 Χ.
483 3439 566 3513 190.)
585 3446 629 3492 rlx
646 3441 845 3495 admonendum
863 3444 932 3495 αι’*
964 3444 1080 3497 Metu.

279 3517 306 3571 5.
325 3513 379 3581 hie]
401 3512 461 3569 eid.
475 3532 501 3567 et
515 3532 589 3587 seqq.
610 3542 645 3555 -
662 3516 706 3570 liic
723 3517 816 3572 Ptine.
834 3516 941 3573 Berald.

261 3586 332 3640 lbid.
352 3592 390 3655 et]
412 3588 472 3641 add.
493 3590 569 3643 Man.

278 3666 303 3719 8.
324 3669 403 3733 qaiasi
419 3669 533 3732 egisset]
555 3669 601 3718 Sio
613 3683 672 3719 noe.
691 3671 863 3736 -quamvie
879 3672 983 3735 egisset
1003 3668 1094 3720 Princ.
1114 3695 1150 3710 -
1168 3672 1296 3737 quamvis
1311 3682 1366 3717 nou
1385 3672 1492 3729 egisset

187 3741 282 3790 ceteri.
322 3737 473 3791 Dicendum
494 3756 566 3791 erat:
585 3745 696 3792 etiamsi
714 3758 769 3792 non
788 3750 903 3808 egerat:
941 3746 968 3794 ni
987 3755 1082 3794 senens
1101 3745 1172 3794 lueet
1188 3758 1296 3794 nostrae
1315 3741 1439 3794 lectioni.

260 3810 331 3865 thid.
350 3813 423 3883 quod
439 3832 511 3879 uon,
530 3819 586 3884 φα]
609 3818 673 3870 Hot.
691 3817 772 3870 Creo.
805 3843 835 3856 -
865 3761 939 3884 quod
953 3822 1014 3886 φάε
1033 3817 1120 3869 Prion.
1147 3815 1253 3869 Bereld.
1280 3814 1340 3869 nid.
1367 3815 1435 3867 Lod.
1454 3843 1493 3858 -

186 3885 259 3956 qeeod
274 3891 320 3956 qui
339 3887 423 3958 Lugii.
437 3889 514 3942 Men.
538 3920 567 3931 -
590 3931 605 3956 α
615 3890 688 3961 Ego,
708 3895 760 3944 nisi
781 3891 847 3942 Nou
863 3896 907 3959 qui
923 3892 995 3943 bono
1008 3907 1071 3944 cnm
1085 3896 1230 3963 negatione
1242 3891 1363 3963 legetur,
1382 3906 1493 3942 eeneuin

186 3965 240 4014 nisi
260 3960 406 4014 absurdum
427 3979 455 4015 et
474 3968 597 4035 ineptum
619 3983 673 4017 non
692 3964 798 4018 video.''
819 3965 906 4018 HOT.

277 4038 304 4091 9.
323 4036 508 4106 indemnatus]
529 4039 692 4091 indemnatis
711 4043 803 4094 Prion.

262 4115 306 4169 13.
325 4116 464 4180 constitit]
485 4112 564 4168 Atdd.
578 4130 605 4167 et
619 4132 694 4185 seqq.
713 4144 748 4157 -
768 4118 912 4166 constituit
924 4114 1015 4168 Prine.
1028 4113 1135 4169 Bereld.

259 4184 331 4239 thid.
349 4191 485 4255 mettius]
508 4187 573 4242 Lod.
586 4205 612 4242 et
626 4205 702 4260 seqq.
723 4219 758 4232 -
777 4208 825 4241 nec
845 4194 985 4259 utrimque
1005 4193 1095 4245 Princ.
1112 4185 1219 4242 Bereld.
1232 4186 1294 4243 eid.

260 4262 674 4329 1‘1.02]Prtnc.13eratd.etd.
707 4264 820 4318 Scilicet
843 4263 942 4316 Miloni
964 4262 1100 4318 Clodium.
1131 4291 1168 4306 -
1199 4280 1247 4315 ene
1268 4262 1336 4317 Lod.
1368 4290 1405 4305 -
1437 4278 1495 4316 orn.

184 4333 349 4409 Lugdflot.
363 4337 439 4390 Man.
453 4338 533 4390 Creo.
600 4397 604 4403 ,
836 4336 906 4390 thid.
927 4357 964 4389 ex
980 4342 1025 4407 ea]
1046 4347 1075 4390 ei
1093 4356 1130 4389 ιι
1150 4355 1183 4388 ea
1202 4335 1267 4392 Lod.

262 4415 305 4467 15.
325 4410 435 4462 tandem
455 4411 507 4483 ad]
529 4411 576 4464 Sic
595 4416 703 4485 scripsi.
725 4441 762 4454 -
779 4411 818 4463 nd
835 4413 949 4464 eandem
967 4415 1059 4469 Princ.
1078 4411 1185 4469 Bereld.
1208 4441 1245 4456 -
1263 4411 1303 4465 ad
1319 4431 1379 4464 eom
1398 4416 1495 4464 ceteri.

260 4482 330 4538 lbid.
351 4489 460 4557 tamen]
483 4488 546 4539 Hor.
568 4487 649 4539 Cren.
670 4515 703 4530 -
724 4495 832 4540 eaeemn
852 4493 966 4561 priores.

259 4565 303 4617 eti.
323 4563 375 4626 ert]
397 4579 454 4616 om.
482 4565 571 4615 Priuc.
591 4560 699 4615 Bereld.
1342 4608 1345 4618 ,

259 4633 560 4703 25.ENA1tuAT10]
581 4637 671 4688 Prino.
687 4635 792 4690 Bereld.
807 4637 869 4689 llot.
900 4665 936 4680 -
964 4636 1127 4688 INITIUM
1141 4634 1414 4687 EXPOSITIONIS
1432 4635 1493 4688 etd.

181 4704 270 4778 lugd.
289 4709 371 4760 Creu.
402 4739 440 4753 -
465 4711 736 4767 EXPOSITIONIS
760 4711 925 4764 INITIUM
943 4710 1007 4764 Lod.
1038 4737 1074 4754 -·
1102 4710 1265 4762 INITIUM
1285 4710 1495 4762 EXPLANA-

185 4777 317 4834 Ttouts
338 4783 415 4838 Man.
835 4786 881 4844 2¹1.
901 4802 956 4842 om.
973 4784 1217 4858 incingerent.
1232 4777 1309 4840 Meu.
