3210 5280
584 242 633 306 IN
656 243 964 311 PISONIANAM.
1388 253 1425 314 ll

118 376 262 442 iuvenire
287 400 351 442 nou
373 380 481 461 potui,
511 381 656 446 videlicet
679 386 763 466 quod
789 397 935 449 auctores
954 405 1060 449 rerunt
1082 408 1144 449 uno
1163 387 1292 470 perinde
1312 389 1344 452 iu
1369 393 1429 455 do·

119 470 222 626 gilbus
247 494 285 535 ac
312 472 438 536 sstuiliis
464 474 667 553 feminarum,
698 477 757 541 nisi
783 479 965 557 illustrium,
995 499 1032 542 nc
1053 480 1194 544 virorum
1216 481 1341 547 nomina
1362 495 1429 547 trt-

171 578 278 628 etttut.

615 692 771 758 PAULO
794 693 925 758 POST.

202 809 249 885 (§.
272 808 340 887 ti.)
367 806 413 874 dc
437 819 575 874 netum
605 810 739 894 quidem
766 815 946 893 emersisti,
980 816 1144 881 lutulente
1180 819 1377 899 Caesonine,
1407 834 1451 886 es

121 902 313 963 miserrimis
347 912 490 964 naturae
520 910 601 964 tuae
624 901 793 980 sordibus,
827 923 906 966 oum
934 898 1131 986 eicperrecta
1160 909 1294 973 tandem
1324 912 1498 984 virtutum]

121 988 323 1073 [clarissimi
342 987 420 1073 viri]
446 993 598 1055 celeriter
618 1001 650 1054 et
677 1013 789 1054 veram
809 996 959 1056 amicam
979 1005 1011 1059 et
1039 999 1163 1077 optime
1196 1002 1353 1063 meritum
1380 1002 1427 1062 ci·

123 1100 192 1142 uem
212 1089 244 1142 et
264 1100 364 1143 suum
383 1082 560 1161 pristinum
581 1102 707 1144 morem
726 1085 910 1164 requisivit.

202 1170 364 1234 Proiecto
383 1168 447 1233 Cn.
470 1168 657 1252 Pompeium
677 1170 848 1254 significari
870 1172 1057 1258 intelligitis.

427 1306 570 1372 ctucu
592 1308 726 1373 viius.
749 1311 782 1375 A
803 1313 955 1378 PRlMO
977 1313 1115 1380 DCCC.
1437 1334 1468 1384 io

201 1431 248 1505 (§.
271 1429 339 1508 35.)
360 1427 406 1494 De
431 1449 482 1492 me
508 1449 587 1490 cum
611 1450 721 1493 omnes
748 1435 968 1513 magistratus
997 1436 1270 1517 promulgassent
1290 1450 1426 1519 praeter

118 1543 224 1584 unam
236 1530 445 1602 praetorem,
466 1539 488 1580 a
512 1540 579 1602 quo
594 1541 661 1580 nott
668 1519 744 1600 fuit
755 1521 1016 1601 postulandum,
1028 1524 1179 1603 fratrem
1197 1530 1330 1590 inimici
1348 1533 1425 1608 mei,

116 1621 319 1694 praeterque
343 1610 426 1672 tlaos
455 1608 494 1672 de
515 1608 630 1689 lapide
652 1620 781 1692 emptos
802 1610 973 1692 tribunos,
1004 1615 1114 1698 legem
1136 1618 1288 1691 comitiis,
1313 1627 1425 1682 centa·

116 1705 215 1764 riatis
236 1701 318 1762 tulit
339 1702 373 1763 P.
399 1699 559 1762 Lentulus
581 1699 712 1761 consul.

201 1791 318 1853 Frater
336 1790 389 1854 ille
411 1789 540 1877 inimici
561 1788 644 1862 mei,
678 1788 710 1851 id
735 1800 784 1852 cst
808 1789 848 1853 P.
873 1789 996 1868 Clodii,
1027 1794 1117 1875 App.
1142 1793 1308 1871 Claudius,
1344 1796 1466 1859 sicutte

116 1882 178 1945 istu
193 1904 290 1964 saepe
307 1883 569 1967 significavimus,
592 1880 664 1943 luit.
708 1882 799 1946 Ilisos
819 1882 980 1960 tribunos,
1004 1888 1043 1948 de
1065 1887 1179 1970 quibus
1202 1888 1278 1972 ipsis
1297 1910 1425 1972 quoque

118 1977 178 2039 istu
208 1977 362 2050 diximus,
393 1996 473 2059 quos
494 1978 532 2039 de
554 1976 658 2057 lupide
679 1987 801 2056 emptos
826 1975 887 2052 ait,
919 1978 992 2063 quin
1016 1983 1158 2045 mercede
1185 1983 1216 2046 id
1245 1983 1421 2058 iaciebant,

119 2070 197 2133 Sex.
221 2070 355 2134 Atilium
375 2071 544 2133 Serranum
569 2067 665 2149 etQ.
690 2069 873 2133 Numerium
896 2070 1063 2156 siguificat.

584 2206 728 2274 CIRCA
750 2209 959 2274 MEDIUM.

200 2334 248 2410 (§.
271 2331 325 2394 38.
348 2330 634 2415 summittatur
662 2339 710 2394 est
734 2332 790 2392 itio
823 2331 988 2396 vulturius
1021 2335 1115 2397 illius
1144 2339 1361 2417 provinciae,
1394 2339 1465 2412 siqu

118 2420 169 2485 dis
184 2425 320 2506 placet,
341 2426 534 2504 imperator.
573 2422 713 2485 Netum
734 2420 890 2506 quidem,
910 2424 1014 2488 Paule
1029 2436 1157 2503 noster,
1177 2425 1321 2490 tabellas
1344 2446 1423 2488 cum

119 2513 242 2575 laurea
262 2514 400 2576 domam
422 2517 551 2576 mittere
574 2510 733 2575 audebas.

214 2649 240 2704 lt.
260 2663 317 2698 ont.
339 2643 406 2696 Lod.
428 2642 512 2717 lugd.
533 2645 597 2697 ilot.
617 2649 693 2698 Man.

211 2723 239 2777 5.
259 2723 313 2788 Ae]
349 2723 438 2773 Petne.
464 2718 571 2772 Bernld.
597 2724 668 2773 sieut
693 2717 764 2789 apud
791 2720 952 2772 Ciceronem
972 2736 987 2772 e
1007 2724 1167 2773 coniectura
1185 2720 1282 2772 fairni
1302 2719 1424 2774 ediderat

120 2794 271 2851 Lambinus
298 2794 430 2866 probante
450 2795 612 2847 Garatonio.
633 2823 667 2836 -
690 2800 730 2847 At
749 2799 844 2848 ceteri.

191 2867 264 2923 Ibid.
283 2871 428 2936 lutulente]
448 2870 583 2920 lutulento
603 2871 694 2922 Ptine.
718 2869 820 2922 iterati.

193 2942 265 2998 lbld.
286 2945 449 3012 Caesonine]
482 2944 568 3016 lugd.
589 2947 651 2997 ilot.
674 2945 748 2996 Man.
777 2946 858 2998 Creu.
883 2972 920 2986 —
949 2943 1016 2995 Ceso
1036 2946 1125 2998 Princ.
1145 2972 1181 2985 -
1210 2944 1297 2996 Caeso
1316 2943 1423 2998 Berald.

119 3019 180 3074 aid.
199 3048 234 3062 -
255 3019 373 3071 Caesoni
393 3018 459 3072 Lod.
480 3018 554 3072 coni.
574 3018 717 3073 Turnebus
739 3017 849 3072 Adsere.
869 3020 949 3072 xxi.
978 3024 1020 3076 15.

210 3096 238 3152 6.
258 3096 432 3161 miserrimis]
452 3099 598 3146 miserimis
618 3095 712 3147 Priuo.
799 3095 828 3152 6.
848 3095 928 3163 tuae]
957 3111 1012 3146 om.
1032 3093 1122 3146 Princ.
1143 3092 1250 3146 aerati.
1275 3091 1335 3146 bld.
1355 3091 1422 3148 [od.

190 3166 263 3222 lbid.
284 3171 461 3238 experrecta]
482 3177 647 3238 exporrecta
666 3170 759 3222 Prine.
780 3196 814 3208 -
833 3177 950 3239 experta
969 3168 1075 3223 Beruld.
1096 3167 1157 3225 sid.

213 3251 238 3302 7.
257 3244 407 3294 clarissimi
424 3246 494 3311 virt]
515 3261 571 3298 out.
591 3247 682 3297 Prino.
703 3244 810 3297 Rernld.
830 3243 891 3298 sid.
912 3247 975 3298 Hot.
995 3249 1074 3297 Creu.

209 3321 236 3375 9.
255 3318 426 3386 intelligitis]
449 3317 515 3372 Lod.
536 3347 571 3360 -
590 3320 728 3389 intelligis
752 3320 843 3373 Princ.
863 3317 971 3372 Beraid.
991 3345 1027 3360 -
1046 3318 1182 3387 intelligit
1201 3315 1262 3373 tid.
1281 3345 1318 3360 -
1336 3318 1422 3368 iutel-

118 3393 219 3462 ligitur
239 3392 324 3460 tuga.
344 3394 409 3446 ilot.
430 3394 507 3446 Mau.
528 3394 608 3446 Creu.

191 3475 237 3526 10.
257 3485 311 3520 otu.
333 3466 400 3520 Lod.
422 3466 506 3540 Lugd.
525 3468 589 3521 llot.
614 3472 688 3522 Man.

192 3550 237 3599 11.
259 3544 367 3612 omnes]
388 3547 476 3594 omnis
496 3547 584 3597 Princ.
604 3542 712 3598 Bersld.
787 3553 831 3602 11.
846 3545 972 3615 praeter]
989 3551 1087 3612 preter
1106 3543 1199 3597 Ptine.

192 3624 236 3678 ts.
258 3618 395 3684 sribamne]
429 3618 555 3669 tribtmos
574 3617 725 3691 pilugd.
749 3619 814 3673 Hot.
842 3622 918 3671 Man.
943 3618 1025 3670 Cren.
1046 3645 1081 3658 -
1101 3617 1289 3671 omissionem
1308 3620 1422 3684 genitivi

117 3691 216 3760 plebis,
235 3697 282 3763 qui
296 3692 373 3746 abeat
388 3691 422 3744 ab
442 3698 561 3763 antiquis
581 3692 764 3761 editionibus,
783 3698 956 3747 vehementer
976 3694 1100 3765 probavit
1119 3692 1285 3746 Garatonius
1306 3690 1339 3744 ad
1352 3693 1380 3744 h.
1393 3691 1423 3758 l.‚

119 3772 169 3820 etsi
188 3785 249 3819 eum
268 3767 362 3819 abesse
382 3766 416 3819 ab
438 3771 556 3821 Asconio
575 3773 722 3822 nescierat.
784 3773 827 3828 13.
847 3771 977 3835 comitiis]
1004 3772 1126 3819 comiciis
1145 3768 1235 3820 Priuo.

193 3846 236 3900 15.
248 3843 353 3911 frater
372 3843 418 3894 ilis
437 3847 543 3894 inimici
560 3848 614 3894 mei
632 3842 663 3893 id
679 3846 734 3910 est]
770 3845 862 3898 Prino.
886 3840 994 3896 iterati.
1022 3870 1058 3885 -
1078 3840 1213 3912 fratrem
1239 3846 1344 3894 inimici
1370 3846 1423 3893 met

118 3914 178 3970 sti.
199 3914 267 3969 Lod.
286 3946 322 3958 -
342 3934 398 3971 om.
419 3915 504 3990 Lugd.
524 3918 589 3971 lint.
609 3919 687 3971 Mau.
706 3926 785 3971 Creu.

190 3989 489 4117 16.dsigmfieauinuss]
520 3991 605 4066 Lugd.
627 3996 691 4049 llos.
710 3993 788 4047 Man.
807 3992 888 4046 Creu.
907 4021 944 4036 ·-
962 3989 1172 4064 sigmfieabitur
1198 3993 1290 4046 Ptino.
1315 3988 1423 4046 Rerald.

118 4065 178 4119 iti.
199 4071 264 4120 Lo.

191 4138 263 4193 ibid.
274 4137 358 4212 suit]
397 4140 549 4214 Legebatur
565 4139 632 4211 fuit
642 4138 755 4213 frater.
798 4141 889 4195 Unam
908 4158 1018 4206 rocem,
1037 4157 1067 4194 ut
1087 4145 1191 4213 primae
1211 4158 1256 4195 tex
1275 4122 1423 4196 conserva-

117 4230 224 4274 rentur.
247 4215 319 4267 haud
339 4232 501 4269 cunctanter
520 4221 656 4269 eiecimus.
696 4223 749 4283 (An
769 4220 798 4268 iu
818 4218 871 4270 hoo
890 4237 915 4270 v.
928 4216 1031 4288 frater
1043 4217 1110 4270 latet
1125 4217 1264 4287 praetori
1283 4214 1348 4283 Os.)

189 4289 260 4344 lbid.
280 4294 397 4361 quoque]
420 4293 510 4345 Ptine.
530 4291 637 4345 Borsld.
656 4318 694 4333 ·-
711 4309 793 4359 saepe
811 4290 872 4346 Ati.
898 4309 925 4346 et
945 4310 1018 4365 seqq.

192 4373 239 4424 18.
260 4367 387 4434 Atilium]
409 4367 550 4418 Statilium
572 4369 663 4420 Ptine.
683 4365 789 4420 Berald.
810 4367 870 4420 ΔΜ.
890 4365 955 4420 Lod.

188 4438 260 4492 ibid.
280 4439 315 4509 Q.
336 4441 509 4509 Numerium]
540 4443 701 4493 Numerium
726 4441 885 4511 Quinotium
910 4444 988 4497 Meo.
1014 4440 1093 4495 Conf.
1121 4442 1232 4512 Pighius
1258 4441 1293 4495 T.
1323 4441 1373 4494 lll.
1395 4459 1422 4510 p.

116 4517 178 4574 575.
216 4515 324 4583 Quibus
344 4525 445 4586 optime
473 4516 629 4572 adversatur
649 4516 769 4571 Orelliut
796 4515 828 4568 sd
855 4533 924 4570 orat.
950 4535 1000 4590 pro
1026 4517 1116 4571 Sestio
1141 4519 1165 4583 i.
1192 4523 1235 4573 72.
1261 4516 1325 4569 edit.
1354 4518 1421 4566 min.

116 4587 282 4642 scholiastes
303 4588 336 4642 sd
357 4590 434 4642 illurn
454 4591 548 4644 locum
570 4590 709 4644 tribunum
729 4608 854 4646 nostrum
873 4608 952 4645 vocat
971 4592 1005 4660 Q.
1025 4593 1189 4644 Numerium
1207 4589 1319 4661 Rttftsm.

190 4668 233 4721 ¹9.
254 4682 309 4718 otu.
332 4665 398 4718 Lod.
419 4667 505 4738 Lugd.
528 4667 592 4720 ilos.
612 4667 688 4719 Mau.

187 4746 233 4797 20.
253 4741 405 4809 vulturius]
426 4740 532 4795 Berald.
554 4742 639 4814 Lugd.
658 4743 736 4798 Man.
750 4770 785 4784 -
799 4747 907 4795 veteris
923 4746 1018 4797 ceteri.

119 4822 127 4839 ⁰
187 4815 590 4889 incommemoratum.
