3210 5280
211 203 272 267 tto
570 258 573 263 .
651 202 1075 280 Peenno-ascontns

231 398 236 405 .
292 345 338 420 (ὁ.
360 343 428 421 ii.)
448 347 543 412 Serui
568 344 816 426 designatorum
845 343 1038 424 consulum]
1091 343 1288 409 Mentionem
1320 345 1396 410 iacit
1427 345 1511 410 illine

209 432 274 510 rei,
309 439 460 519 quamde
483 436 615 499 Metello
637 456 731 517 snpra
754 445 998 513 monstraverat,
1036 438 1122 522 quoti
1153 436 1276 502 Siculos
1305 443 1431 504 domurn
1453 461 1505 503 ar·

210 526 341 591 cessitas
362 527 420 592 istu
436 540 515 594 ,ante
536 526 722 592 conterruit.

293 621 339 700 (ς.
361 623 430 700 iti.)
453 620 690 706 Quadraginta
710 619 822 690 diuinus
843 619 1056 701 interpositis]
1099 618 1162 695 Iis,
1188 620 1243 703 qui
1256 613 1328 685 sunt'
1344 644 1403 703 per
1417 622 1510 687 binos

185 710 322 789 sindus,
347 713 472 778 votivos
494 723 587 795 atque
602 712 791 786 Bouiano„
825 730 906 796 quos
927 710 979 774 siii
1000 711 1064 776 bini
1084 714 1284 777 consecuturi
1304 728 1413 793 crant,
1448 716 1511 779 Vi.

154 802 332 876 [victorine
351 817 444 890 atque
465 801 594 887 plebeii.
1023 813 1024 816 ’

294 899 375 966 Corn
394 898 479 960 ltnec
493 894 694 981 frequentia
714 899 818 960 totins
838 896 962 960 ltaliae
980 896 1084 960 ilotna
1104 897 1298 980 discesserit]
1342 899 1510 983 Frequen-

210 986 284 1064 tietn
306 986 379 1050 dit-it
406 985 508 1067 plebis
536 986 688 1059 rusticae,
723 985 772 1048 cui
800 984 900 1047 noluit
921 985 1062 1068 ignotam
1083 1008 1152 1051 esse
1173 986 1381 1072 integritatem
1404 1011 1506 1054 suam.

211 1079 414 1147 Convenerat
428 1090 530 1141 autem
549 1100 590 1141 ex
604 1076 776 1160 municipiis
791 1079 1001 1163 cttiuscunque
1015 1077 1099 1142 tnodi
1114 1080 1289 1158 multitudo,
1306 1095 1358 1144 atti
1371 1093 1508 1163 propter

169 1171 334 1241 incensitis
349 1171 570 1255 suffragiorum
586 1193 696 1248 cansa,
720 1187 772 1237 aut
789 1172 933 1236 ludorutn
957 1170 1156 1247 votivorum,
1179 1175 1414 1252 Romanorum,
1447 1173 1509 1236 Vi·

210 1265 352 1341 ctoriae,
376 1263 590 1348 plebeiorum,
613 1277 667 1332 sttt
684 1278 717 1334 ut
738 1279 918 1331 censeretur
939 1265 1022 1348 sputi
1042 1284 1189 1329 censores
1211 1267 1345 1331 Gellium
1367 1277 1400 1330 et
1421 1267 1510 1328 Len·

211 1357 331 1431 tainus,
361 1357 415 1442 qui
435 1369 509 1420 tuuc
531 1369 632 1422 erant.

292 1451 409 1521 Huius
432 1448 543 1512 laudis
556 1448 719 1529 fructum
732 1459 764 1514 et
778 1450 970 1529 offensionis
982 1452 1173 1530 periculum
1193 1457 1349 1538 restrum]
1386 1450 1509 1534 Figura

210 1560 362 1628 zeugmate
384 1539 425 1601 ati
444 1536 567 1622 singula
587 1539 667 1603 euim
689 1540 931 1602 sttbaudieuduut
953 1550 1019 1601 est:
1050 1549 1133 1619 puto
1153 1561 1221 1607 esse
1242 1552 1408 1623 oportere.

169 1644 200 1694 ts
293 1639 338 1711 (§.
361 1630 430 1712 55.)
450 1633 592 1697 Faciant
613 1633 679 1729 ltop
700 1651 917 1708 nonnarum,
937 1629 995 1693 sed
1009 1629 1052 1692 air
1068 1632 1126 1703 iis,
1150 1634 1210 1714 qni
1228 1653 1317 1695 nune
1338 1637 1509 1715 principes

209 1734 344 1793 nosque
371 1723 517 1786 civitatis
537 1729 631 1797 sunt,
652 1730 728 1784 ante
741 1717 897 1799 facium]
941 1721 1061 1783 Verum
1081 1719 1171 1794 dieit3
1195 1721 1306 1784 etenim
1328 1724 1372 1786 L.
1389 1726 1510 1786 Lucul-

211 1813 259 1882 lus
281 1810 406 1878 etitem
429 1811 480 1879 Μ.
502 1800 674 1886 Lucullus,
697 1811 789 1872 ambo
804 1810 1002 1889 consideres,
1025 1813 1157 1875 Marcus
1173 1824 1296 1876 vernet
1312 1814 1510 1897 triumphalis

219 1920 1315 1977 ..--———÷——-—-—-—--

209 2026 286 2075 rutio
302 2021 401 2073 salient
418 2023 540 2077 incorr,
560 2015 621 2075 sid.
642 2045 679 2064 -
698 2016 747 2068 Ad
763 2021 900 2069 rationem
916 2017 1028 2089 saluts]
1060 2020 1098 2071 tn
1118 2038 1137 2071 u
1156 2038 1229 2075 corr.
1248 2019 1315 2075 Lod.
1334 2050 1371 2065 -
1390 2021 1440 2073 Aa
1455 2039 1511 2073 ru-

209 2101 311 2153 tionem
330 2095 440 2162 suitttis]
473 2094 510 2145 tn
528 2109 601 2149 corr.
621 2090 705 2163 Lugd.
725 2092 789 2149 liot.
808 2092 886 2147 Man.
908 2093 988 2146 Creu.

283 2169 354 2228 lbiti,
372 2170 541 2239 reservetur]
570 2168 661 2224 Priuc.
680 2164 786 2220 Beseld.
806 2165 866 2220 sid.
886 2165 953 2222 Lod.
982 2195 1020 2209 -
1049 2185 1114 2219 reus
1141 2177 1301 2221 reservetur
1328 2167 1415 2242 Lugd.
1442 2170 1508 2225 iios.

96 2198 98 2202 i
209 2243 389 2306 stracten.

302 2379 329 2437 2,
347 2373 448 2443 snpra]
467 2370 518 2425 lx.
536 2375 582 2428 27.
895 2376 920 2426 2.
939 2375 1157 2441 monstraverat]
1188 2376 1392 2424 monstraverit
1413 2373 1509 2429 Princ.

300 2447 454 2508 &dantum
471 2446 632 2511 arcessitos]
653 2442 762 2497 domum
779 2443 864 2496 adse
883 2451 1033 2496 accersitos
1052 2445 1120 2500 iod.

300 2508 327 2581 if,
345 2523 395 2590 lis]
424 2521 507 2592 Lugd.
525 2519 590 2576 iios.
608 2519 685 2572 Mun.
704 2518 784 2571 Creu.
805 2547 838 2560 ·-
859 2519 902 2570 itis
920 2523 1033 2592 priores.

284 2593 355 2651 ibid.
369 2596 432 2666 per]
453 2595 538 2666 Lugtl.
558 2594 621 2650 iios.
642 2593 720 2648 Mun.
740 2596 819 2646 Cren.
840 2624 877 2639 ·-
892 2601 957 2664 posi
976 2600 1091 2666 priores.

302 2672 329 2730 6.
346 2669 455 2747 plebeis]
482 2669 545 2721 iios.
564 2667 641 2721 Man.
661 2669 741 2721 Creu.
760 2669 901 2740 -plebei
920 2674 1031 2740 priores.

302 2749 328 2801 7.
347 2742 443 2812 Iiomu]
466 2741 525 2797 siti.
546 2757 572 2794 et
591 2758 667 2813 seqq.
685 2770 722 2785 ·-
740 2742 852 2794 Rumam
872 2746 962 2796 Prino.
982 2743 1089 2798 lietald.

302 2822 328 2877 8.
347 2823 391 2873 etti
409 2817 498 2869 noluit
515 2821 642 2882 ignotum
665 2818 734 2885 esse]
767 2817 813 2869 Sic
832 2822 938 2888 scripsi.
963 2845 1002 2860 —-
1029 2823 1073 2869 cni
1097 2818 1186 2870 notat
1206 2817 1306 2871 indicis
1327 2826 1423 2870 noiant
1448 2836 1508 2870 esse

209 2892 302 2948 Princ.
330 2920 368 2935 -
391 2897 436 2946 cui
453 2892 543 2945 voluit
561 2889 657 2943 indicii
673 2899 770 2942 troium
793 2909 852 2941 esse
878 2891 983 2944 Beruid.
1003 2891 1062 2946 nid.
1084 2891 1152 2947 Lod.
1179 2921 1215 2934 -
1242 2899 1287 2944 cui
1302 2894 1391 2944 votuit
1410 2893 1509 2944 iudicii

210 2972 288 3025 exitu
307 2975 402 3021 notum
420 2984 478 3017 esse
499 2965 582 3037 Lugii.
606 2967 671 3026 iiot.
689 2968 764 3018 utun.
784 2965 864 3018 Creu.
881 2966 916 3008 -'-
931 2967 988 3018 Vox
1008 2967 1120 3030 ittdirt’s,
1139 2982 1206 3037 quse
1230 2966 1328 3039 iegitur
1350 2972 1379 3020 ia
1398 2968 1508 3035 Ptine„

210 3058 270 3095 orte
288 3042 393 3095 ridetur
412 3060 444 3093 ex
463 3039 566 3092 duabus
587 3039 672 3096 literis
698 3038 848 3101 initialibus
874 3039 949 3093 verbi
974 3040 1152 3096 IGNOTAM
1171 3057 1186 3092 s
1208 3040 1320 3094 librario
1348 3059 1397 3113 pro
1423 3058 1509 3094 com-

210 3115 309 3189 pendio
324 3121 450 3186 sumptis.
488 3114 575 3167 Nimis
596 3118 670 3167 eninr
695 3113 870 3168 artificiosum
888 3131 963 3167 nuuc
979 3113 1099 3183 ridetur,
1117 3113 1190 3188 quod
1205 3115 1273 3169 olitu
1292 3114 1444 3169 volueram:
1463 3121 1510 3168 eui

209 3192 298 3248 rtuiuit
315 3190 399 3247 iudici
425 3195 556 3256 ignotum
567 3205 633 3243 esse.

302 3267 326 3322 9.
349 3270 518 3319 conuenerat
538 3263 645 3331 autent]
683 3259 771 3333 Lupd.
797 3263 861 3319 lint.
886 3263 964 3316 Man.
988 3262 1070 3318 Creu.
1097 3292 1135 3307 -
1159 3272 1327 3316 conuenerat
1345 3272 1396 3316 aut
1414 3265 1509 3319 Princ.

209 3335 317 3401 Beruid.
338 3335 393 3393 nid.
412 3366 449 3379 -
467 3340 615 3404 Conuenit]
635 3345 684 3388 unt
704 3336 772 3388 Lod.

236 3440 244 3455 κ
286 3420 329 3474 11.
347 3420 398 3462 aut
427 3419 458 3463 ut
478 3422 635 3463 censeretur
661 3413 726 3481 ceu]
759 3410 821 3478 ,De
848 3427 929 3463 censu
953 3415 1123 3481 municipum
1155 3409 1310 3484 peragendo
1334 3417 1442 3482 egregia
1466 3410 1511 3464 lex

210 3500 251 3542 est
271 3491 299 3538 iu
319 3485 418 3541 tabuiis
437 3485 546 3540 ileraci.
568 3484 635 3539 Vitis
648 3485 703 3547 ibi,
723 3499 839 3556 quaeso,
859 3486 984 3539 Musoch.
1003 3504 1030 3558 p.
1052 3484 1116 3542 itti.
1135 3501 1199 3537 uum
1219 3484 1281 3539 inde
1298 3485 1436 3540 incutitis
1452 3504 1510 3541 non

210 3561 384 3621 mediocriter
403 3559 580 3615 illustratur.”
613 3558 741 3614 Gnissi.

285 3634 355 3689 ibid.
375 3637 511 3705 censores]
538 3635 605 3690 Lotl.
625 3650 652 3686 et
672 3651 744 3704 seqq.
764 3660 802 3675 -
818 3650 956 3686 censorem
975 3637 1088 3706 priores.

285 3712 330 3768 13,
349 3710 436 3760 Huius
453 3708 555 3779 iuttdis]
576 3710 667 3765 Pristc.
687 3706 791 3763 Bersiti.
812 3706 872 3762 ild.
891 3736 928 3750 -
946 3707 1036 3759 maus
1055 3706 1151 3759 iudicii
1163 3714 1190 3758 er
1203 3705 1295 3762 lattdis
1312 3704 1381 3763 Lod.
1402 3722 1431 3762 et
1449 3725 1509 3781 sqq.

209 3798 273 3842 curn
292 3781 370 3837 editt.
388 3785 538 3838 Ciceronis.
784 3784 788 3791 ’

284 3859 329 3921 ii.
348 3861 476 3929 settgnta]
504 3857 629 3926 Zeogrna
648 3858 740 3910 Princ.
872 3858 915 3913 15.
935 3855 1002 3928 nun]
1021 3872 1078 3908 om.
1098 3857 1189 3910 i’rlnc.
1207 3852 1315 3909 Bersid.
1334 3852 1396 3911 nli.

287 3930 354 3984 ibid.
374 3935 457 4000 nnnc]
478 3931 545 3985 Lod.
565 3948 592 3985 et
612 3949 686 4002 seqq.
706 3959 742 3974 ·-
760 3928 823 3981 irinc
842 3932 933 3984 Ptine.
953 3929 1060 3983 Berald.
1080 3927 1142 3984 nid.

284 4013 331 4066 17,
350 4006 382 4060 L.
402 4005 529 4065 Leteniltts
549 4016 576 4058 ei
595 4013 660 4057 item
674 4006 717 4062 M.
731 4005 873 4075 Lucniitts]
895 4008 940 4058 Sic
958 4008 1066 4080 scripsi.
1086 4030 1121 4042 -
1141 4002 1172 4056 L.
1192 4001 1314 4055 Lucilius
1322 4013 1361 4068 ,et
1377 4004 1509 4060 tieth.

213 4079 332 4138 Licinius
351 4082 440 4136 Ptine.
459 4078 564 4139 Bersld,
584 4080 644 4136 Aid.
672 4107 707 4120 -
732 4079 763 4138 1..
790 4078 912 4132 Licinius
937 4086 966 4129 et
991 4083 1056 4130 item
1076 4079 1121 4131 M.
1142 4077 1263 4130 Licinius
1287 4076 1354 4132 Lod.
1380 4095 1407 4132 et
1434 4096 1509 4150 reqq.

211 4155 265 4227 ,L.
284 4155 407 4209 Licinius
419 4163 447 4207 et
465 4157 542 4223 item]
565 4153 678 4209 Budsei:
698 4170 781 4224 quum
795 4157 823 4205 iu
843 4157 1029 4224 manuscripto
1048 4152 1169 4206 Lucilius
1186 4152 1300 4220 legetur.
1339 4154 1400 4206 Fuit
1414 4168 1509 4206 sutem

211 4229 244 4288 L.
262 4231 384 4283 Licinius
404 4229 447 4284 M.
469 4231 571 4282 Aurelii
593 4235 688 4282 tjottse
708 4234 737 4282 in
757 4227 899 4295 consulatu
918 4227 1032 4300 collega.
1058 4227 1132 4280 Pius.
1157 4226 1299 4281 Lucullo.''
1319 4226 1404 4280 iiO'l'.
1440 4230 1510 4297 ,iiis

210 4301 290 4358 debet
311 4307 355 4358 edi
376 4303 521 4369 Lucidius,
550 4320 607 4355 tum
636 4309 699 4374 quis
729 4307 801 4357 inter
828 4317 868 4354 tot
896 4303 1019 4355 Licinius
1042 4305 1080 4355 ita
1103 4301 1142 4355 ilii
1170 4299 1423 4373 distinguebantur,
1451 4318 1509 4355 turn

112 4414 115 4421 -
211 4382 274 4447 quia
294 4379 430 4443 Licinius,
462 4374 535 4448 quod
563 4377 707 4434 sBudseo
733 4393 791 4441 est,
817 4375 907 4447 paullo
936 4375 994 4447 plur
1019 4374 1136 4428 distata
1163 4375 1252 4438 insit,
1281 4380 1310 4428 in
1332 4376 1431 4446 quibus
1449 4392 1509 4441 est,

210 4453 274 4513 iios.
299 4469 380 4514 teste,
401 4452 530 4511 basilius.
568 4452 657 4507 Merui
678 4451 852 4523 adaptionem
874 4449 958 4514 adde,
977 4469 1009 4502 en
1029 4465 1081 4520 qus
1100 4449 1156 4501 dici
1176 4450 1323 4502 Terentius
1344 4451 1460 4515 debuit,
1480 4466 1510 4502 ut

210 4531 239 4578 in
263 4526 341 4580 iustis
363 4527 526 4600 Cupitoiinls
546 4529 575 4578 in
600 4526 688 4598 lapide
703 4529 835 4581 Mutatur.
856 4525 975 4578 celiel.
995 4528 1021 4582 ὅ.
1042 4536 1069 4576 et
1093 4539 1109 4575 n
1135 4525 1268 4577 Cicerone
1290 4529 1352 4596 ipso
1372 4526 1395 4578 Ι.
1417 4529 1510 4577 Aecus.

210 4606 254 4662 23,
282 4599 391 4659 dicitur.
428 4599 545 4656 Fistuiae
572 4614 633 4653 vero
659 4602 838 4655 Gruterianae
861 4599 1029 4653 tztxxxti.
1058 4605 1101 4653 ss.
1131 4613 1198 4665 ‘tuce
1227 4617 1379 4675 συςχρονη
1411 4601 1509 4666 [immo

211 4675 390 4750 ovyyoosot]
411 4674 495 4729 rideri
516 4677 606 4746 pos'set
633 4692 746 4742 euinque
774 4689 864 4725 tannen
892 4674 1026 4726 Licinium
1054 4671 1189 4744 appellet,
1217 4688 1325 4745 praeter
1350 4689 1413 4735 eos,
1441 4690 1507 4743 quos

210 4730 410 4815 modicitati,
440 4763 537 4807 testeus
558 4753 822 4825 praestantissimum
841 4763 969 4824 oppono,
997 4763 1123 4818 certeque
1147 4767 1315 4829 avygqtorur
1335 4747 1507 4803 terminalem
1539 4760 1542 4765 ’
