3210 5280
547 212 596 281 IN
621 214 763 280 ORAT.
786 214 880 280 PRO
903 214 1078 280 SESTIO.
1373 205 1432 272 297

204 351 292 417 Mire
327 353 387 418 sub
420 353 721 418 commemoratione
746 352 901 436 temporis
928 353 977 418 eui
1005 352 1162 417 defendit¹
1192 351 1282 415 etiam
1309 369 1433 412 caussam

118 446 161 510 P.
199 446 310 523 senii,
345 446 402 531 qui
429 446 554 510 ridetur
585 445 695 510 similia
725 446 863 510 fecisse.
907 449 970 512 Et’
998 445 1127 530 prolicit
1154 447 1218 490 -3
1246 457 1288 508 ιιι
1309 442 1457 518 licuissef

118 539 263 603 videatur
287 540 348 604 rim
371 541 403 603 vi
424 542 593 624 repellere.

194 660 231 739 2.
276 664 506 761 (1.,(ἶιιοειιι,
534 668 597 765 qui
631 691 652 738 a
686 690 743 739 me
778 663 880 737 nullo
914 687 996 737 meo
1023 666 1155 738 merito
1183 664 1324 736 alienus
1351 687 1433 736 esse

117 776 297 873 debebat,
331 779 605 852 inimicissimus
632 803 733 851 meae
760 777 871 864 saluti
897 778 943 850 ab
970 778 1099 850 eudem
1127 778 1330 850 dicebatur.
1444 795 1458 842 s

203 894 293 958 Haec
309 896 411 958 omnia
433 895 566 959 latentes
587 897 755 981 querellae
775 905 853 959 snut
871 893 913 956 de
927 893 1106 976 Pompeio,
1129 895 1275 959 crassot
1298 905 1330 956 et
1346 893 1435 958 Cae-

118 990 211 1062 sare,
236 1010 317 1073 quos
345 1011 408 1054 non
433 989 603 1074 ambigitur
624 988 738 1071 partim
761 984 955 1050 manifestius
977 987 1091 1070 partim
1115 1007 1194 1051 vero
1217 987 1371 1075 occultius
1398 988 1430 1051 id

118 1083 244 1163 egisse,
268 1095 302 1145 ut
317 1085 417 1145 nrbe⁵
439 1084 563 1147 'futilius
579 1082 761 1144 eiiceretur.
806 1081 868 1142 Sed
890 1081 980 1143 euim
996 1081 1056 1124 -⁶
1078 1083 1225 1165 quoniam
1241 1081 1303 1144 viri
1320 1092 1433 1162 poten·

118 1185 167 1237 tes
188 1188 278 1252 sient,
310 1198 373 1240 non
397 1181 490 1240 audet
514 1178 655 1240 exertius
677 1173 808 1258 queri⁷;
837 1175 893 1235 sed
917 1172 1019 1254 ipsum
1047 1171 1194 1236 Clodium
1221 1175 1281 1237 alia
1303 1177 1340 1238 de
1372 1173 1433 1236 illis

118 1265 276 1331 factitasse
303 1271 475 1354 contingit,
505 1281 538 1332 ut
562 1270 669 1354 (ruods
703 1290 745 1332 ex
769 1289 825 1330 sua
847 1287 984 1350 persona
1011 1267 1143 1329 haberet
1167 1267 1340 1345 offensam,
1372 1270 1433 1331 suls
1446 1281 1477 1330 tt

117 1359 219 1424 aliena
242 1363 435 1425 moderatius
457 1361 646 1427 delitiscat⁹.

194 1478 230 1558 3.
261 1486 377 1559 Unum
406 1486 542 1560 habere
570 1490 784 1591 exercitum.

202 1601 245 1666 C.
269 1597 457 1680 Caesarem,
481 1607 519 1666 de
542 1604 689 1690 quoiam
712 1605 827 1667 dictum
850 1616 910 1668 est.
1005 1599 1011 1612 ⁸

195 1727 337 1802 XVIII.
367 1722 400 1801 l.
429 1729 487 1802 Me
514 1754 707 1803 veronen
734 1729 831 1802 illius
859 1731 1001 1824 oratio,
1039 1729 1105 1804 sed
1131 1754 1258 1804 eorum
1285 1731 1434 1804 tacitur-

119 1841 218 1914 nitas
245 1837 484 1937 movebant,
511 1843 548 1913 in
575 1866 669 1940 quos
695 1842 758 1914 illa
785 1845 906 1915 oratio
934 1842 1207 1918 conferebatur.
1447 1857 1477 1906 tt

204 1959 394 2041 (Σημαέιιει)
418 1957 552 2042 quidde
576 1959 733 2040 Pompeio
760 1970 790 2021 et
817 1956 937 2023 Crasso
960 1972 991 2022 ct
1019 1958 1156 2023 Caesare
1190 1957 1327 2033 sentist3
1366 1982 1435 2021 uam

118 2051 145 2115 ei
168 2053 249 2114 hanc
271 2053 312 2115 P.
341 2051 450 2116 Clodii
472 2052 742 2116 adseverationem
770 2074 832 2114 nou
856 2051 1051 2127 refutarunt,
1075 2053 1143 2115 sine
1165 2055 1262 2115 dubio
1287 2062 1436 2116 erectores

120 2145 176 2227 [Ρ.
192 2145 280 2226 teu]
296 2167 329 2207 se
342 2145 438 2208 fuisse
454 2149 493 2207 ad
508 2144 775 2208 exterminandum
792 2144 893 2228 patria
909 2143 1099 2211 Ciceronem
1122 2146 1173 2209 vel
1197 2146 1263 2229 ipss
1284 2144 1435 2212 talcitur-

120 2238 218 2301 nitate
240 2238 377 2303 confessi
403 2252 486 2303 sunt.

198 2358 235 2436 2.
263 2364 356 2437 Acta
383 2365 522 2461 prioris
549 2365 636 2436 anni
662 2363 881 2437 labefactari
907 2388 927 2436 a
953 2365 1203 2462 praetoribus.
1446 2377 1479 2426 ²⁰

203 2480 253 2543 De
277 2481 354 2543 actis
371 2481 530 2565 loquitur,
554 2503 636 2565 qnae
653 2482 761 2545 habuit
777 2482 807 2544 in
833 2482 998 2547 consulatu
1016 2479 1057 2546 C.
1083 2480 1205 2546 Caesar
1226 2479 1434 2562 inauspicato,

122 2583 158 2639 ut
180 2572 364 2636 ridebatur:
402 2595 462 2657 qus
490 2575 527 2636 de
556 2595 591 2636 re
621 2576 771 2639 adversus
800 2597 869 2638 eum
896 2587 1025 2659 egerant
1054 2574 1085 2638 in
1116 2587 1226 2638 senatu
1257 2573 1299 2638 C.
1330 2577 1437 2639 Mem·

122 2666 201 2730 mius
227 2679 258 2729 et
284 2670 327 2730 L.
355 2666 514 2732 Domitius
543 2679 728 2749 praetores,
763 2680 794 2732 et
823 2667 920 2751 ipsius
955 2666 1102 2733 Caesaris
1132 2668 1292 2732 orationes
1326 2681 1438 2733 eontra

120 2761 183 2824 hos
206 2773 333 2835 extant,
367 2762 490 2846 quibus
512 2774 543 2824 et
572 2782 629 2823 sue
657 2775 723 2824 acta
754 2761 909 2836 defendit,
946 2774 977 2824 et
1009 2761 1081 2825 illos
1112 2762 1296 2825 insectatur.
1339 2762 1433 2825 Dat¹¹

121 2877 203 2938 ergo
226 2878 350 2919 calisam
380 2856 422 2921 C.
447 2855 613 2932 Caesaris,
648 2867 682 2920 ut
709 2855 852 2917 rideatur
878 2876 914 2918 ea
943 2867 1078 2938 propter
1105 2865 1136 2918 et
1164 2853 1281 2920 Clodio
1307 2855 1479 2920 tribun02⁵

121 2960 153 3012 et
175 2949 358 3012 consulibus
381 2950 489 3014 Pisoni
513 2963 544 3014 et
567 2949 703 3013 Gabinio
726 2947 757 3011 iu
780 2948 949 3029 perniciem
972 2949 1024 3012 Μ.
1042 2947 1140 3012 Tullii
1165 2947 1379 3024 consensisse,
1403 2959 1438 3011 ut

122 3065 178 3122 ea,
204 3065 284 3128 quiae
306 3044 337 3106 in
360 3045 524 3108 consulatu
548 3055 708 3129 gesserat,
733 3051 966 3124 permanerent.

199 3167 360 3241 XVllll.
389 3160 423 3244 1.
464 3169 610 3242 lutenta
642 3170 746 3268 signa
780 3168 962 3268 legionum
997 3169 1203 3242 existimari
1228 3168 1437 3241 cervicibus

122 3281 283 3376 vestris3
311 3280 425 3376 falsu,
452 3281 518 3354 sed
544 3282 667 3378 putari
696 3291 828 3353 tamen.

197 3539 221 3584 l.
241 3539 302 3584 Cod.
326 3535 436 3597 defendi.
472 3536 499 3583 2.
517 3540 579 3583 Coi.
591 3534 710 3598 sseissst.
748 3533 772 3583 ³.
792 3537 933 3583 Versiculos
951 3537 996 3583 Gr.
1034 3534 1058 3584 l.
1079 3538 1105 3582 ls
1123 3538 1205 3583 eodiee
1224 3549 1316 3598 quaeso
1336 3542 1360 3580 et
1380 3532 1440 3580 Cns-

263 3623 336 3662 sure,
370 3608 545 3664 praetermissis
571 3610 662 3667 aliquot
694 3607 815 3652 vocabulis
840 3622 852 3650 s
879 3609 980 3653 succede
1009 3608 1156 3652 smsuuensi.
1202 3603 1226 3651 6.
1254 3607 1315 3650 eet.
1344 3605 1440 3652 erlem.

266 3677 290 3722 6.
317 3679 424 3742 Verbum
445 3679 489 3722 Gr.
510 3678 587 3724 obliti.
635 3675 658 3722 f.
679 3678 740 3722 Cod.
765 3676 872 3738 quoeris'.
919 3675 943 3726 8.
970 3678 1030 3722 Cod.
1054 3674 1221 3736 confingitur,
1251 3675 1323 3737 quod.
1361 3677 1441 3720 idries

266 3748 320 3792 hine
345 3749 415 3793 tecit:
441 3745 608 3807 confingitur,
628 3753 655 3791 ut
675 3745 747 3805 peod.
783 3745 861 3791 Scrils.
882 3752 933 3793 eret
957 3744 1091 3809 confingit.
1125 3751 1151 3790 et
1174 3744 1246 3803 peod.
1275 3745 1322 3790 Os.
1361 3742 1385 3790 9.
1406 3746 1441 3789 lte

264 3819 318 3862 eod.
356 3817 386 3861 Et
400 3820 434 3862 sie
449 3820 510 3871 spud
529 3817 673 3861 frontonem
690 3818 778 3875 legitur
799 3817 836 3860 etl.
858 3815 929 3860 lietu.
949 3830 973 3872 p.
998 3812 1040 3861 94.
1077 3811 1118 3862 10.
1140 3814 1201 3860 Edi.
1220 3814 1304 3862 nevit.
1343 3812 1384 3860 fl.
1404 3814 1440 3859 lte

264 3889 318 3932 rod.
341 3887 403 3932 Μιι.
433 3887 515 3945 Lego:
535 3885 657 3946 detergo
674 3899 778 3930 censens
797 3882 823 3930 C.
844 3882 958 3930 Cessars'.
1249 3893 1253 3901 “
1334 3908 1338 3915 ·

220 4010 246 4062 8.
269 4007 338 4079 Lege
352 4005 470 4059 Dionem
487 4004 646 4060 xxxvut.
667 4010 727 4071 15„
748 4019 775 4057 et
795 4003 972 4058 Plutarchum
992 4007 1021 4056 tn
1035 4003 1169 4056 Cicerone
1188 4017 1249 4074 esp.
1269 4003 1361 4058 XXX.
1380 4018 1443 4074 sqq.

203 4087 247 4138 16.
268 4082 308 4134 De
330 4083 429 4135 cresso
448 4083 610 4135 Ciceronem
631 4095 807 4154 oppugnante
826 4079 924 4132 sideris
946 4079 1123 4132 l'lmsrclrunr
1143 4078 1197 4131 loc.
1219 4082 1268 4131 cis.

203 4164 247 4213 t7.
267 4158 371 4229 Nempe
392 4157 464 4227 quod
486 4156 525 4209 illi
547 4159 683 4207 triumviri
703 4157 803 4209 Clodio
823 4153 944 4207 faverent
963 4169 1060 4207 contre
1082 4154 1255 4207 Ciceronem.

201 4236 247 4290 23.
266 4233 368 4284 Herum
388 4231 467 4304 (quse
483 4248 536 4285 ues
558 4230 642 4283 tuisse
663 4230 845 4283 diciturenim
865 4233 999 4303 interpres
1019 4244 1117 4282 comm.
1138 4226 1172 4279 sd
1193 4229 1368 4279 Vesinisnsm
1381 4242 1443 4297 csp.

125 4306 171 4358 Vl.
193 4311 232 4372 5.)
252 4306 377 4360 Caesaris
391 4312 547 4360 orationum
568 4304 670 4357 nullam
693 4305 749 4358 fieri
770 4309 939 4358 mentionem
960 4301 1038 4357 uideo
1058 4308 1114 4357 siue
1134 4319 1149 4354 s
1171 4302 1314 4362 Fabricio,
1333 4305 1388 4353 slve
1408 4301 1443 4352 ab

126 4384 181 4442 iis,
197 4385 242 4452 qui
256 4381 381 4436 Caesaris
395 4381 547 4454 fragments
568 4380 747 4455 collegerunt.
786 4378 839 4433 Sed
859 4398 893 4432 en
912 4377 1171 4432 commodissimum
1185 4378 1309 4430 Suetonii
1331 4380 1359 4428 iu
1381 4376 1442 4428 lolii

125 4456 207 4509 Caes.
235 4460 290 4508 virs
310 4474 371 4527 esp.
392 4458 503 4512 xxttt.
525 4461 731 4510 testimouium:
761 4452 880 4521 lieuetus
904 4455 1066 4518 consectatu,
1092 4454 1122 4507 C.
1150 4454 1284 4505 Memmio
1310 4450 1444 4520 Laerteque
1504 4487 1509 4495 .

125 4530 255 4582 Domitio
271 4533 451 4599 praetoribus
470 4533 503 4583 de
522 4535 675 4601 riiperiors's
701 4535 769 4582 auus*
794 4536 866 4582 netis
892 4527 1095 4599 referentibus,
1124 4533 1315 4595 coguitionem
1333 4531 1444 4576 senatur·

126 4606 243 4656 detulit:
263 4625 312 4656 nee
330 4609 380 4658 etto
398 4613 581 4675 suscipiente,
602 4606 748 4675 triduoque
763 4624 817 4676 per
834 4610 936 4656 irrides
954 4605 1158 4654 altercationes
1177 4603 1224 4675 (en
1245 4602 1368 4653 Cscssris
1383 4617 1446 4652 ors-

126 4681 231 4751 tiones)
251 4681 410 4749 absiempto,
429 4688 457 4732 ιἰι
473 4687 650 4752 praeunctum
670 4683 750 4735 abiit.
788 4680 828 4735 De
844 4683 968 4734 Domitio
982 4694 1142 4733 accusatore
1155 4677 1249 4731 eedem
1264 4689 1356 4729 nsrrsr
1372 4678 1443 4732 sue·
1519 4703 1524 4709 ·

126 4761 218 4810 tonius
239 4761 323 4810 etism
344 4761 372 4810 in
392 4757 501 4811 Nerone
521 4774 582 4832 esp.
601 4756 640 4814 lf.
