3210 5280
211 180 272 245 ssi
628 177 837 278 senonia
859 176 1108 245 BOBlENSlA

204 341 209 351 '
294 322 387 386 Haec
408 330 573 384 sumuntur
601 321 639 382 dc
664 319 746 383 locis
772 318 1057 395 coniecturalibus,
1092 315 1147 401 qtti
1169 325 1242 380 sunt
1263 313 1358 398 primi
1386 312 1535 379 videlicet

211 415 243 478 iu
263 414 356 478 huius
377 409 476 477 status
492 414 647 478 divisione
663 436 679 476 a
695 413 860 478 voluntate
881 426 913 477 ct
930 413 1095 476 facultate.
1140 414 1219 474 Nam
1236 414 1322 495 quod
1338 413 1363 486 †
1380 410 1534 492 peritiae¹

211 507 287 572 iacit
320 508 503 585 meliorem,
540 506 712 572 voluntatis
746 519 793 570 est
824 529 888 571 non
919 508 1061 590 potuisse
1090 507 1309 570 Ptolemaeum
1339 503 1536 586 kapitalibns

213 601 293 664 odiis
310 601 481 677 dissidere,
506 623 599 687 quem
621 601 753 684 puerilis
774 599 941 662 inlirutitas
956 601 995 662 ab
1010 598 1191 663 huiusmodi
1206 598 1424 663 obstinatione
1439 618 1537 659 revo-

186 706 312 758 semet.
356 693 529 760 Facultatis
551 706 599 758 est
620 684 741 768 anteiri,
778 695 866 778 quod
887 692 930 755 ait
953 694 982 756 in
1006 691 1100 772 Syria
1122 692 1239 767 luisse,
1277 704 1311 754 ut
1334 694 1451 754 absens
1474 711 1537 753 uon

213 788 361 852 habuerit
383 789 525 853 moraru'
547 787 630 851 illius
654 787 884 863 interficiendi,
915 807 1007 870 quem
1030 785 1195 850 dicebatur
1216 785 1429 856 interemisse.

285 908 322 986 2.
359 913 482 1012 Atque
506 912 597 986 illud
624 914 733 986 eiiam
761 921 935 986 constare
961 911 1090 1008 video,
1116 935 1242 1011 regem
1266 909 1392 1006 illuni,
1422 933 1537 1008 qunnt

211 1027 375 1125 reginam
402 1049 573 1101 sororem
599 1050 724 1123 suam,
759 1048 883 1098 caram
910 1035 1170 1124 acceptamque
1197 1025 1335 1122 populo
1361 1025 1537 1096 manibus

212 1139 289 1212 suis
316 1139 560 1232 trucidasset,
586 1138 824 1212 interfectum
850 1159 933 1209 esse
961 1139 1099 1234 impetu
1126 1137 1383 1211 multitudinis.

170 1263 202 1312 ¹⁰
296 1253 469 1340 Congestis
494 1256 585 1318 valde
613 1252 909 1339 praeparationibus
939 1253 1032 1318 fidem
1059 1253 1155 1330 lacit,
1191 1264 1226 1316 ut
1255 1255 1335 1316 banc
1364 1254 1538 1316 caedema

210 1348 357 1432 populo³
390 1347 490 1434 magis
511 1347 730 1411 Alexandrino
752 1345 867 1409 laetam
891 1350 1062 1432 probaret,
1097 1367 1162 1410 nou
1188 1348 1376 1412 Ptolemaeo
1407 1346 1538 1409 iubente

211 1440 423 1505 commissam.
468 1443 625 1504 Notemus
640 1439 721 1503 euim
740 1440 894 1524 gradatim
910 1441 982 1505 lieri
997 1452 1200 1524 argumenta,
1219 1439 1301 1526 qtiae
1317 1450 1541 1522 praegravem

210 1532 423 1615 suspicionem
445 1535 484 1595 ad
505 1533 678 1615 populares
700 1531 839 1614 impetus
864 1534 1087 1615 pertinentem.
1141 1535 1222 1596 Nam
1251 1536 1360 1615 eoepit
1389 1534 1541 1595 adhunc

211 1629 357 1702 modurn,
382 1639 499 1711 „atquc
517 1624 596 1689 illud
611 1616 705 1689 etiam
727 1637 874 1690 constare
900 1625 1044 1701 video;’'
1068 1637 1103 1689 ut
1115 1629 1156 1689 de
1174 1625 1309 1689 veritate
1328 1648 1393 1691 nou
1413 1625 1456 1713 sit
1472 1647 1540 1688 am·

170 1746 201 1794 15
215 1717 406 1802 bigendum,
429 1718 457 1781 si
478 1730 603 1796 constet
624 1721 708 1801 apud
729 1738 850 1781 omnes.
893 1718 976 1784 Dein
992 1719 1148 1783 subdidit:
1172 1741 1291 1804 „quum
1314 1720 1460 1803 reginam
1483 1740 1540 1781 so·

211 1818 320 1874 rotem
342 1810 478 1886 suam;''
500 1823 536 1875 ut
562 1811 714 1876 atrocitas
742 1809 903 1894 parricidii
931 1823 962 1874 et
984 1812 1084 1874 multo
1107 1811 1206 1875 maior
1228 1812 1261 1881 iu,
1281 1812 1382 1877 exitio
1404 1810 1540 1898 reginae

214 1903 360 1971 omnibus
380 1903 477 1969 luerit
498 1903 643 1970 horrori.
685 1905 769 1969 Post
790 1906 870 1968 haec
891 1905 1004 1969 adiecit
1026 1908 1156 1969 candem
1177 1926 1296 1969 coram
1324 1948 1335 1968 .
1361 1947 1371 1969 .
1397 1947 1408 1969 .

543 2046 764 2148 RELIQUA
800 2047 1200 2126 DESIDERANTUR.

284 2361 447 2422 istriensi.
472 2370 567 2417 Maius:
595 2370 725 2428 peritiam.
773 2371 820 2415 Sed
843 2372 892 2431 leg.
917 2369 983 2431 quod
1002 2371 1128 2429 puerities
1144 2368 1216 2430 sueti
1238 2373 1388 2416 mentionem
1409 2376 1459 2417 eet.
1491 2370 1540 2417 0a.

352 2438 378 2484 2.
398 2441 547 2484 Vocabulum
565 2454 662 2484 morem
680 2441 816 2485 dubitanter
834 2441 858 2486 io
876 2442 957 2486 entier
977 2444 1040 2498 tego.
1077 2442 1114 2485 Au
1133 2443 1256 2486 dieeudmu
1274 2441 1402 2499 copiarui·
1428 2438 1455 2486 ³.
1476 2441 1541 2486 Cori.

349 2522 366 2552 e
385 2511 479 2567 populo
501 2507 530 2554 it.
550 2510 636 2570 megia
653 2508 834 2555 alexandrino.
871 2511 918 2555 Sed
937 2512 1008 2556 litera
1025 2509 1055 2557 it.
1072 2511 1151 2556 addita
1170 2517 1207 2556 sst
1223 2514 1335 2556 mendose
1351 2526 1365 2556 a
1383 2511 1490 2556 librario
1509 2511 1541 2556 ob

349 2581 543 2625 cousuetudinem
560 2581 680 2625 scribendi
698 2580 727 2625 de
744 2582 833 2636 populo
850 2579 969 2625 llomano.

212 2697 369 2771 Appianas,
389 2699 556 2771 Porphyrius
569 2715 597 2753 et
611 2715 684 2751 nunc
697 2700 796 2754 Cicero
815 2697 911 2753 dicant
925 2698 1005 2752 illum
1020 2697 1222 2766 Alexandrum,
1238 2701 1386 2754 Berenices
1400 2705 1541 2754 maritum

211 2791 240 2826 et
261 2771 428 2847 parricidam
457 2771 517 2847 (qui
543 2770 596 2828 luit
616 2774 652 2827 ll.
673 2775 726 2827 boc
746 2779 870 2843 nornine)
891 2781 1014 2827 occisum
1033 2772 1078 2827 die
1099 2776 1178 2829 xix.
1199 2791 1261 2850 post
1281 2782 1381 2830 initum
1403 2795 1541 2850 reguum

211 2864 321 2902 constet
340 2863 433 2902 antem
452 2847 563 2902 aliunde
584 2847 782 2915 Alexandrum,
802 2855 848 2921 qui
869 2849 983 2902 ultimus
1004 2851 1057 2903 hoc
1076 2855 1189 2904 nomine
1211 2852 1362 2923 appellatus
1383 2867 1440 2916 est,
1464 2871 1543 2904 mor·

211 2940 292 2978 tnntn
311 2940 370 2977 esse
388 2924 454 2997 Tyri
475 2928 504 2976 in
523 2922 620 2983 exilio;
641 2941 764 2997 superest
785 2941 814 2978 ut
835 2924 881 2977 ills
901 2930 1009 2977 occisus
1029 2929 1066 2978 sit
1086 2925 1239 2978 Alexander
1260 2928 1312 2992 ll.,
1332 2928 1377 2981 liic
1398 2926 1462 2980 exul
1486 2929 1541 2984 lil.

211 3002 248 3053 At
267 3015 386 3072 nuperus
406 3004 525 3072 scriptor
537 2999 686 3052 Ecltheliut
702 3003 799 3054 Doctr.
818 3017 895 3053 nom.
918 3015 971 3055 vet.
991 3000 1029 3052 T.
1047 3000 1093 3052 iv.
1115 3019 1141 3072 p.
1160 3005 1221 3068 21„
1242 3020 1325 3072 quum
1342 3009 1411 3054 riuos
1427 3018 1539 3055 tantum

212 3072 380 3129 Alexandros
401 3092 476 3146 reges
497 3089 649 3140 memoret,
671 3079 710 3128 ait
731 3073 914 3128 Alexandrum
932 3076 983 3139 ll.,
1003 3077 1137 3128 Berenice
1151 3092 1213 3149 post
1228 3079 1309 3130 XlX.
1323 3093 1338 3128 a
1353 3082 1541 3131 matrimonio

212 3149 270 3202 dies
291 3155 402 3214 occisa,
432 3149 522 3202 solum
543 3153 619 3222 regui
641 3149 759 3202 habenas
781 3150 828 3202 diu
849 3155 1011 3202 retinuisse:
1037 3150 1110 3221 quod
1132 3150 1211 3224 plane
1231 3169 1326 3204 eontra
1347 3151 1430 3204 iidem
1451 3169 1541 3224 prae-

211 3224 351 3277 dictorum
371 3240 516 3278 auctorum
536 3241 587 3276 est.
625 3224 696 3278 Cum
718 3225 842 3278 liclxbelii
863 3230 999 3278 sententia
1013 3231 1153 3298 conspirat
1168 3227 1204 3280 cl.
1219 3231 1378 3279 vicecomes
1394 3230 1542 3301 (leooogr.

211 3297 262 3354 Gr.
275 3299 309 3351 T.
325 3298 375 3353 ili.
396 3318 422 3371 p.
441 3303 534 3366 600.)‚
556 3304 594 3351 ita
615 3315 644 3352 ut
664 3315 744 3369 neget
765 3305 890 3353 occisum
912 3299 1091 3353 Alexandriae
1106 3301 1305 3366 Alexandrum,
1326 3319 1353 3356 et
1375 3308 1402 3354 in
1424 3303 1541 3358 exilium

211 3376 320 3447 pulsum
340 3373 482 3440 adiirmet,
512 3375 728 3446 repugnantibus
749 3393 805 3427 uon
829 3380 953 3448 Appiano
974 3383 1065 3428 sotum
1085 3392 1167 3447 atque
1188 3379 1359 3450 Porphyris,
1380 3376 1429 3429 sed
1449 3395 1539 3432 coae-

212 3464 293 3502 taneo
313 3464 425 3502 auctore
439 3451 574 3503 Cicerone
594 3455 621 3501 tn
643 3450 685 3502 his
705 3447 865 3520 fragmentis
887 3467 901 3501 a
922 3468 966 3502 me
987 3466 1059 3503 antro
1082 3457 1161 3510 rsit.
1181 3451 1281 3508 editis;
1302 3470 1421 3524 quorum
1444 3468 1540 3508 tamen

213 3528 271 3596 ipse
290 3541 345 3576 uun
366 3528 494 3587 memini,
516 3540 598 3594 quum
627 3538 700 3575 anno
722 3529 804 3580 1818.
832 3526 883 3576 bac
904 3525 997 3577 eadem
1019 3544 1099 3598 super
1120 3546 1147 3578 re
1169 3527 1342 3599 disputabam
1363 3533 1397 3580 ad
1421 3529 1540 3585 Eusebii

212 3597 373 3651 chronicon
394 3617 421 3669 p.
447 3603 524 3658 wia
556 3598 657 3651 nedum
689 3597 724 3650 el.
746 3599 985 3671 champollionius
1007 3602 1137 3671 Figeacus
1158 3607 1185 3654 in
1207 3607 1309 3674 insigni
1330 3620 1414 3676 opere
1435 3607 1540 3660 Aunai.

212 3672 323 3745 Lepid,
342 3679 388 3745 qui
409 3672 572 3727 Eckbelium
593 3690 620 3726 et
642 3677 839 3727 vicecomitem
855 3680 931 3744 sequi
956 3674 1077 3740 videtur,
1097 3694 1199 3748 negans
1213 3677 1393 3731 Alexandriae
1408 3686 1538 3733 occisum

212 3746 397 3803 Alexandrum
418 3747 513 3814 illurn,
532 3764 612 3823 quam
632 3754 798 3803 seutentiam
819 3765 916 3804 contra
935 3751 1078 3805 Ciceronis
1098 3759 1241 3814 coaetanei
1261 3759 1458 3809 auctoritatem
1481 3762 1539 3811 iam

211 3840 294 3877 uento
316 3829 386 3878 tueri
409 3829 521 3898 poterit.
