3210 5280
1380 232 1426 274 xv

117 356 182 429 uio
225 356 320 429 satis
354 355 584 453 probabilem
620 355 823 455 Madvigius
859 354 954 427 banc
989 355 1185 451 proposuit
1219 355 1424 450 rationem,

117 503 222 576 hunc
253 504 577 576 commentarium
605 504 781 602 primum
816 530 904 575 cum
938 502 1018 600 ipso
1046 502 1174 574 codice
1199 501 1425 574 orationum

117 649 469 723 Ciceronionorum
496 651 552 727 ita
580 652 829 723 coniunctum
842 650 990 746 fnisse,
1031 663 1074 751 ut
1106 664 1220 720 notae
1253 647 1427 756 margini

115 795 338 892 adscriptae
362 812 503 887 essent,
528 798 657 871 deinde
674 824 749 894 per
772 824 812 870 se
842 791 1102 894 descriptum.)
1166 795 1306 868 Harum
1339 805 1427 869 octo

117 943 343 1039 editionum,
383 969 536 1041 quarum
568 946 748 1042 integram
786 945 1000 1016 varietatem
1037 944 1207 1017 lectionis
1247 946 1423 1041 apposui,
1536 1012 1540 1018 .

116 1091 256 1164 auxilio
282 1091 389 1164 effeci
415 1103 588 1190 quantum
614 1095 740 1189 potui,
779 1091 849 1165 boc
873 1095 912 1164 in
937 1094 1066 1190 primis
1094 1101 1261 1187 secutus,
1298 1101 1338 1164 ut
1364 1118 1423 1164 ex·

116 1239 235 1337 pulsis
274 1243 523 1314 recentiorum
559 1242 740 1314 editorum
779 1243 1029 1314 audacissimis
1064 1241 1278 1338 plerumque
1311 1243 1423 1312 inter·

116 1388 366 1485 polatiouibus
400 1389 446 1460 ad
481 1391 814 1462 vetustissimorum
849 1383 1029 1462 librorum
1064 1389 1170 1461 fidem
1202 1388 1421 1485 refugerem.

118 1537 189 1636 Qui
223 1563 335 1634 quum
370 1548 407 1610 et
439 1528 767 1636 ipsi‘corruptelis
801 1547 839 1610 et
872 1539 1013 1611 lacunis
1051 1547 1237 1633 scateant,
1276 1539 1422 1634 saepius

118 1688 297 1784 contigit,
337 1696 377 1759 ut
402 1686 555 1758 vulnera
581 1687 752 1785 detegere
778 1711 884 1784 quam
910 1687 1095 1784 probabili
1119 1688 1262 1759 ratione
1290 1711 1422 1759 sanare

119 1859 280 1932 possem.
334 1835 376 1907 ln
404 1835 496 1907 locis
522 1836 728 1933 desperatis
754 1847 792 1908 et
817 1837 956 1907 mancis
981 1836 1195 1933 plerumque
1220 1835 1319 1907 nulla
1348 1822 1424 1907 muss

121 1986 259 2081 tatione
293 1982 389 2055 faeta
424 1985 539 2055 verba
575 1984 745 2057 editionis
781 1985 960 2081 principis
987 1983 1156 2079 exhibui,
1195 1993 1251 2056 tot
1276 1985 1422 2080 punctis

121 2131 276 2225 additis,
319 2141 410 2229 quot
446 2132 652 2204 litterarum
686 2135 842 2230 spatium
878 2156 1031 2204 vacuum
1063 2133 1101 2203 in
1135 2156 1178 2203 ea
1210 2135 1422 2229 apparebat.

123 2278 191 2352 Ubi
226 2279 331 2351 locus
368 2304 516 2352 mancus
555 2280 642 2352 mibi
667 2280 861 2353 videbatur
887 2304 1004 2377 neque
1032 2289 1152 2351 tamen
1177 2279 1307 2352 lacun'a
1332 2282 1424 2353 indi·

122 2437 201 2500 cata
239 2437 320 2500 erat
354 2428 392 2499 in
425 2425 513 2523 illa,
553 2430 741 2501 asteriscis
780 2452 868 2501 usus
904 2452 996 2500 sum.
1048 2427 1198 2526 Quaea
1233 2428 1422 2523 Lodoico,

123 2575 307 2668 Manutio,
332 2575 539 2648 Hotomano
566 2577 612 2648 ad
637 2576 835 2650 Asconium
862 2576 1034 2650 adnotata
1055 2586 1160 2672 sunt,
1187 2601 1313 2649 eorum
1331 2576 1423 2649 nibil

120 2725 158 2795 in
184 2722 253 2795 bae
280 2723 438 2796 editione
465 2723 705 2796 desiderabis.
769 2724 903 2797 Addidi
935 2734 1129 2822 praeterea
1155 2724 1308 2797 aliorum
1335 2749 1423 2822 quo·

122 2896 214 2969 que,
253 2873 317 2969 qui
352 2882 415 2944 aut
446 2875 484 2945 in
521 2872 700 2945 Cicerone
728 2872 868 2946 edendo
896 2882 958 2945 aut
983 2872 1053 2944 alia
1080 2875 1272 2945 occasione
1299 2871 1422 2945 oblata

120 3020 188 3092 bos
215 3023 497 3093 commentarios
531 3022 590 3094 vel
623 3022 863 3094 emendarunt
894 3019 953 3092 vel
984 3019 1235 3115 illustrarunt,
1274 3020 1421 3093 adnota-

119 3172 242 3242 tiones
268 3169 445 3266 selectas,
472 3195 626 3267 quorum
649 3171 986 3267 praestantissimas
1011 3168 1193 3266 Madvigio
1217 3169 1346 3271 deberi
1363 3193 1423 3241 ue-

120 3318 252 3390 minem
279 3317 403 3417 fugiet.
454 3316 602 3413 Omnia,
630 3343 722 3415 quae
748 3317 819 3389 buo
843 3319 1050 3414 pertinent,
1077 3341 1276 3415 congerere
1303 3342 1422 3415 oeque

123 3436 225 3563 potui
262 3490 380 3564 neque
416 3467 528 3551 yolui.
581 3464 811 3569 Sperandum
849 3475 968 3538 autem
1006 3475 1082 3561 est,
1122 3465 1202 3538 fore
1241 3475 1281 3537 ut
1318 3467 1424 3538 brevi

121 3613 432 3710 Wunderus,
475 3616 534 3719 pir
571 3614 827 3709 doctissimus,
867 3639 973 3712 quem
1012 3613 1206 3712 aliquando
1246 3615 1424 3713 singulari

122 3787 209 3834 eura
245 3761 513 3834 illustratorum
551 3786 633 3836 esse
669 3763 738 3835 bos
775 3764 1057 3836 commentarios
1091 3764 1137 3835 ab
1163 3761 1302 3836 Orellio
1329 3787 1424 3835 oom-

122 3912 227 4007 peri,
262 3911 461 4008 maioribus
489 3920 526 3983 et
549 3912 686 4010 ingenii
711 3921 748 3984 et
772 3912 951 3984 librorum
977 3911 1171 4008 praesidiis
1197 3913 1424 4005 instructus,

124 4059 319 4132 editionem
357 4069 486 4155 paret,
530 4084 601 4157 qua
638 4059 751 4132 multo
790 4059 917 4131 melius
956 4083 1063 4156 quam
1098 4068 1227 4131 nostra
1259 4062 1424 4132 virorum

124 4206 314 4280 doctorum
348 4209 475 4279 usibus
509 4207 735 4280 consulatur.
800 4207 873 4306 Qui
909 4210 941 4280 si
976 4209 1167 4306 agnoverit
1205 4209 1276 4280 sibi
1309 4231 1330 4278 a
1368 4231 1425 4279 me

124 4358 216 4427 mam
255 4354 452 4452 paullulum
491 4379 573 4429 esse
609 4358 804 4450 munitam,
848 4357 938 4467 sat'p
972 4378 1018 4427 ex
1050 4379 1128 4431 mea
1162 4380 1276 4453 opera
1306 4354 1425 4427 laudis

126 4504 277 4601 adeptus
303 4503 390 4576 mibi
414 4504 582 4578 videbor.
633 4503 740 4577 Nunc
767 4505 860 4576 enim
886 4504 924 4575 id
942 4505 1087 4601 saepius
1105 4507 1264 4577 assecuti
1282 4529 1426 4598 sumus,

127 4662 166 4723 ut
202 4655 322 4748 scias,
361 4655 420 4727 eui
450 4654 590 4726 'editori
625 4676 790 4752 quaeque
827 4652 937 4724 lectio
964 4650 1161 4746 debeatur,
1200 4677 1306 4750 quam
1334 4676 1428 4750 quae
