3210 5280
240 211 302 275 att
637 213 848 285 scfloma
869 213 1184 280 AMBROSIAM

317 355 401 430 Vll.
429 357 645 433 Tuberonis
670 383 769 434 sors.

324 474 429 556 Quum
459 476 539 539 enim
572 487 721 560 ageretur
743 479 783 540 ab
808 487 936 550 sustu,
960 475 1031 561 quis
1056 487 1139 539 esset
1161 475 1329 540 mittendus
1358 474 1392 539 in
1418 473 1564 541 African

240 571 280 633 sd
302 571 446 632 tutandas
461 569 600 651 Pompei
623 580 748 652 partes,
770 569 889 653 placuit
907 591 974 634 rem
996 571 1113 633 sortito
1136 591 1265 655 gerere.
1310 571 1407 655 Ergo
1420 568 1565 655 plurima

239 661 270 725 in
293 683 401 725 urnam
420 662 564 727 coniecta
584 677 655 726 sunt
671 663 817 739 uomina,
841 684 924 749 qnae
945 664 1030 727 inter
1045 663 1228 728 Tuberonis
1242 663 1334 728 etiam
1349 663 1432 743 suit,
1450 663 1566 751 cuique

215 753 403 839 tprolicisci
423 755 455 819 in
477 755 621 821 Africam
643 767 733 821 sorte
756 755 875 821 renit¹.

316 877 422 954 VIII.
449 879 494 954 In
520 906 593 981 qua
619 890 702 956 crat
727 905 797 954 rex
821 881 1113 979 potentissimus.
1239 918 1246 939 .

323 997 434 1062 Iubam
468 998 627 1085 significat
655 998 873 1064 Mauritaniae
907 1019 1036 1082 regem,
1071 997 1127 1084 qui
1163 997 1300 1082 Pompei
1331 997 1562 1080 amicissimus,

241 1087 371 1157 Caesari
393 1114 474 1158 vero
496 1091 616 1157 inrisus
637 1092 713 1158 tuit.

318 1215 405 1291 XII.
425 1215 591 1294 Similem
608 1219 663 1292 illi
680 1218 821 1321 gloriae
837 1216 983 1291 laudem
1002 1238 1111 1317 quam
1128 1204 1343 1316 saepissime
1363 1244 1562 1319 quaerere.

133 1372 137 1384 ·
196 1359 229 1411 aa
325 1336 768 1420 Acceptamscilicetpopulo
785 1336 835 1401 vel
851 1334 1028 1400 aroabilem.
1065 1336 1392 1419 †Teplausibilena²
1413 1339 1592 1405 cantu·

238 1450 331 1514 qnam
354 1430 489 1494 maxime
511 1429 716 1515 diligentibus
736 1430 874 1514 plebem.

442 1680 593 1769 ruo
641 1618 849 1770 enon
897 1683 1348 1775 nmornuo.
1446 1634 1452 1647 “

315 1908 345 1985 1.
371 1908 430 1984 Ad
457 1908 702 1983 accusandum
729 1909 926 1984 dominum.

321 2025 492 2092 Deiotarus
521 2026 603 2091 cuim
635 2029 764 2091 trahens
796 2032 880 2109 apud
913 2028 1082 2094 Caesarem
1109 2027 1362 2111 suspicionem³,
1397 2033 1489 2114 quod
1517 2033 1559 2098 ols

196 2120 385 2191 asdolorcm
408 2120 512 2185 amissi
538 2121 632 2207 regui
657 2122 760 2189 alieno
785 2122 889 2186 animo
913 2133 995 2184 esset
1018 2124 1166 2198 effectus,
1196 2124 1355 2205 purgandi
1378 2125 1428 2187 sui
1456 2125 1569 2210 gratia·

237 2214 364 2300 legatos
389 2214 517 2278 miserat
540 2214 676 2279 Romam
699 2215 828 2279 Hieram
855 2227 886 2279 et
912 2217 1100 2280 Blesamium
1124 2227 1156 2278 et
1179 2216 1411 2299 Astigouum⁴‚
1444 2221 1558 2302 quibus

238 2328 367 2371 servum
390 2329 480 2372 sttttm
503 2307 724 2391 Phidippicum
749 2311 899 2383 medicum
923 2310 1128 2373 adiunxerat:
1152 2331 1245 2392 quem
1272 2331 1289 2371 s
1312 2311 1450 2391 pedihus
1472 2313 1558 2396 lega-

238 2410 343 2465 torum
359 2403 400 2464 sd
421 2401 650 2465 criminandum
671 2424 780 2487 regem
804 2403 922 2468 Castor
944 2424 1044 2485 nepos
1066 2403 1211 2486 idemque
1227 2412 1395 2468 aecusator
1409 2405 1557 2467 abduxit.

313 2524 383 2599 III.
410 2525 609 2600 Addictum
634 2526 737 2600 illum
763 2527 982 2627 quibusdam
1009 2527 1262 2602 incommodis.

194 2669 228 2720 η
323 2643 410 2706 Beue
433 2642 544 2706 minuit
569 2642 710 2708 iniuriam
741 2645 832 2729 regni
858 2644 1055 2720 amissionis,
1089 2645 1178 2706 cuius
1207 2665 1278 2706 eum
1308 2642 1431 2709 Cacsar
1466 2656 1556 2727 parte

239 2734 443 2799 multaverat:
467 2758 553 2820 quo,
577 2740 776 2801 extenuando
800 2740 887 2821 quod
907 2759 1018 2820 passus
1041 2749 1127 2812 erat,
1152 2737 1305 2800 adimeret
1328 2736 1361 2799 in
1383 2736 1556 2802 Caesarem

237 2827 310 2891 insti
335 2848 460 2891 causam
486 2828 627 2908 doloris,
651 2852 693 2894 ex
718 2851 779 2914 qua
802 2830 930 2893 insidiae
953 2832 1142 2913 potuerant³
1164 2830 1299 2895 oboriri.

314 2951 380 3027 tv,
407 2951 634 3028 Ornaments
660 2963 700 3027 tn
726 2957 805 3052 ipse
831 2954 989 3054 plurima
1015 2966 1053 3029 et
1078 2958 1245 3029 maxIma.

321 3072 397 3135 Non
413 3083 478 3146 est,
501 3071 621 3153 ioqttit,
647 3072 815 3136 mirandum
834 3084 950 3135 tantum
967 3072 1164 3136 auctoritatis
1179 3071 1327 3135 habuisse
1343 3073 1553 3156 Pompeium,

191 3163 309 3249 vorti,
334 3186 430 3249 quamn
454 3165 566 3229 divinis
593 3167 799 3249 praecelleret
825 3168 1032 3241 ornamentis,
1056 3168 1146 3230 etiam
1173 3168 1233 3229 tuis
1255 3165 1555 3259 instructressuit.

237 3259 317 3322 Vult
338 3271 440 3321 autem
455 3258 607 3342 intelligi,
632 3261 804 3343 quodcum
824 3258 946 3324 Caesar
969 3261 1012 3321 ob
1031 3271 1079 3324 tot
1095 3261 1237 3340 exentpla
1255 3259 1381 3321 virtutis
1397 3260 1554 3344 delegerit

236 3370 401 3436 generum.
447 3352 642 3439 ornamenta
671 3351 770 3437 igitur
797 3352 829 3415 in
856 3352 1043 3434 Pompeium
1066 3353 1209 3428 conlata,
1242 3351 1306 3414 lilia
1329 3350 1481 3417 Caesaris
1505 3354 1554 3418 in·

236 3444 406 3529 telligenda
429 3455 489 3507 est.

316 3568 399 3643 Vll.
428 3567 557 3669 Qttalis
584 3593 652 3642 rex
678 3568 825 3643 Attalus
850 3572 890 3642 ln
916 3568 961 3645 P.
989 3569 1205 3644 Africanum
1232 3568 1311 3642 luit.

195 3706 226 3759 aa
320 3686 393 3750 Rex
423 3686 550 3751 Attalus
576 3685 698 3768 populo
724 3688 871 3754 Romano
900 3686 1057 3750 artissima
1081 3686 1142 3750 tuit
1166 3686 1320 3750 societate
1345 3686 1551 3761 coniunctus,

237 3799 336 3862 asquia
358 3782 437 3844 adeo
467 3791 595 3842 utrum
625 3800 753 3865 qnoque
780 3780 873 3867 regui
902 3781 950 3844 sui
982 3782 1130 3844 heredem
1156 3779 1282 3843 lecerit.
1337 3779 1427 3842 Idem
1457 3780 1552 3865 igitur

249 3936 295 3954 Ἀ

306 4032 330 4082 l·
349 4017 418 4082 I'ort.
437 4034 526 4079 saeuit.
555 4032 602 4080 oa.
640 4031 665 4079 I.
685 4033 755 4082 I'ort.
774 4032 908 4078 amabilem
928 4039 952 4077 st
969 4032 1139 4091 plaoaibilem.
1160 4032 1286 4076 Srbtttzitts
1304 4045 1327 4076 r.
1347 4038 1370 4075 ta
1388 4033 1486 4079 detavit.
1506 4031 1550 4077 0s.

378 4099 401 4149 3.
418 4105 452 4148 lta
465 4104 620 4159 Symmachus
629 4108 692 4151 orat.
707 4117 750 4158 pro
763 4109 829 4159 patra
843 4118 895 4158 rap.
910 4103 956 4148 lx.
970 4102 1070 4147 trudere
1079 4100 1210 4146 Invidiam.
1248 4099 1272 4146 l.
1284 4101 1320 4144 ltu
1332 4100 1394 4146 eod.
1406 4101 1554 4163 Artageram

377 4175 401 4218 iu
423 4174 532 4228 scholio,
552 4178 576 4218 et
594 4172 764 4230 IntrrIrsscap.
784 4173 841 4219 XV.
859 4173 999 4233 Arttgoaos
1017 4174 1041 4217 ln
1059 4177 1134 4217 testu.
1172 4170 1195 4217 ⁵.
1217 4169 1278 4214 Cod.
1294 4176 1423 4228 poterunt.
1443 4173 1551 4218 Schuetz.

370 4247 499 4302 poterant.

310 4385 356 4438 21.
379 4379 410 4433 td
430 4395 548 4434 tettatnr
567 4380 667 4433 Cicero
686 4379 910 4434 de'dlvluatlone
930 4383 952 4435 t.
973 4384 1017 4438 li·
1037 4379 1075 4434 II.
1095 4384 1141 4440 57.

309 4458 356 4514 29.
380 4456 497 4510 Uratnns
517 4450 570 4510 lioo
588 4461 617 4509 tn
637 4459 700 4508 loco
714 4459 858 4510 Ciceronis
878 4453 995 4509 malebat
1015 4455 1187 4526 rrvattalus
1206 4452 1554 4520 russilionensium,

141 4577 144 4581 .
235 4546 325 4606 aquo
344 4546 457 4586 mouera
476 4534 560 4584 rntsaa
579 4531 613 4583 sd
633 4530 790 4603 Scipionem
812 4546 904 4584 narrat
925 4530 1038 4583 Liviana
1053 4531 1181 4601 Epttome
1201 4528 1249 4582 lib.
1269 4528 1354 4582 LVII.
1394 4527 1451 4582 Sed
1464 4544 1553 4583 ramea

235 4621 264 4664 st
283 4620 373 4660 restes
391 4604 498 4660 csdtcta
518 4609 606 4659 nostrl
626 4609 693 4660 astte
714 4610 819 4678 suttqnt
840 4623 867 4659 er
887 4605 1056 4659 Scholiasta
1076 4605 1238 4658 confirmant
1257 4601 1408 4657 lecttcnsm
1424 4603 1552 4664 Areatas,

176 4740 178 4745 ,
236 4695 288 4735 ose
308 4696 363 4807 αέα
383 4680 483 4753 reltqat
501 4696 598 4736 omnen
619 4677 795 4735 smlarostsnt
814 4679 936 4736 codices.
974 4681 1020 4735 Sic
1038 4677 1145 4752 legebat
1166 4679 1284 4733 Atratus
1301 4681 1390 4732 attam
1408 4679 1551 4734 ranam

238 4753 299 4809 Vsa.
340 4770 369 4828 p.
391 4754 455 4811 xx.
