3210 5280
200 201 263 269 {90
634 199 1076 274 Psintino-issemus,

284 341 369 408 Cedo
390 345 475 406 milti
494 345 584 426 leges
602 345 747 423 Atinias,
767 341 903 422 Furias]
946 341 1031 407 istae
1047 360 1155 404 ornnes
1171 340 1209 407 de
1222 316 1292 404 ines
1310 335 1400 401 civili
1417 346 1510 415 sant,

201 433 277 498 nibil
303 433 463 497 continent
483 436 651 499 criminum
668 433 845 516 capitalium
868 434 1049 517 publicique
1071 432 1193 496 indicii.

284 529 327 608 (§.
344 528 433 607 113.)
453 528 545 593 Bona
558 526 804 611 fortunasque]
827 527 918 590 Bona
934 528 964 590 in
983 526 1058 609 ipsis
1074 524 1342 608 possessionibus,
1362 525 1514 590 fortunae

200 620 234 685 in
255 621 411 684 irttctibns
433 640 553 681 earnm.

178 723 193 772 s
288 712 416 793 Eripies
446 710 602 792 pupillae
634 720 754 790 togam
785 713 1011 793 praetextam]
1056 713 1149 795 Toga
1181 709 1354 775 communis
1384 710 1516 774 babitus

202 804 263 870 fnit
277 816 307 866 et
326 801 453 864 merium
470 813 499 862 et
514 799 718 875 seminarum,
742 803 798 862 sed
812 814 974 888 praetexta
990 805 1214 879 bonestorum,
1237 815 1314 887 toga
1342 803 1513 890 viliorum:

207 899 291 982 quod
318 895 408 956 etiarn
432 892 512 955 circa
537 893 683 982 mulieres
705 896 903 958 servabatur.

289 983 333 1058 (§.
359 979 444 1056 tlt.)
465 979 548 1040 Hoc
566 978 715 1056 populus
736 977 904 1040 Romanus
923 1000 990 1042 nort
1006 1000 1111 1044 manu
1133 978 1343 1060 vindicasset]
1366 977 1516 1047 Confusa

203 1073 336 1138 locutio.
381 1071 552 1136 Abundans
575 1067 656 1129 enirn
679 1065 803 1129 videtur
824 1083 903 1131 non.

163 1184 195 1237 so
288 1168 512 1246 Posteaquam
545 1162 596 1222 ius
626 1161 836 1240 praetorium
861 1158 1026 1239 constitit]
1080 1160 1133 1223 Ex
1158 1180 1224 1243 qno
1246 1159 1296 1223 ius
1318 1163 1515 1242 praetorium

207 1257 375 1322 stabilitum
399 1265 459 1316 est.
503 1248 556 1314 Sic
576 1251 640 1312 boc
666 1248 764 1323 dixit,
788 1249 880 1333 qnasi
893 1251 1029 1323 diceret:
1052 1264 1126 1335 post
1145 1255 1301 1317 conditam
1320 1256 1430 1317 nrbens
1446 1257 1518 1321 Ro·

203 1370 304 1421 matn,
329 1360 400 1409 aut:
430 1355 504 1426 post
530 1343 687 1403 hominurn
712 1344 912 1419 memoriam,
945 1366 986 1408 ex
1008 1367 1073 1430 quo
1099 1357 1147 1408 est
1173 1344 1222 1409 ins
1247 1351 1458 1429 praetorium.

288 1441 376 1506 Tum
394 1440 632 1520 aliquemque
658 1436 870 1514 potissimum
895 1436 1046 1503 heredem
1072 1459 1141 1503 esse
1165 1441 1347 1523 oporteret]
1391 1439 1516 1506 Proxi-

207 1555 304 1598 ntum.

208 1678 858 1707 W

208 1790 304 1842 amaia
324 1814 356 1827 -
377 1799 433 1834 nort
448 1779 597 1851 patietur?
615 1777 799 1851 significetur:
819 1783 844 1830 ts
861 1806 899 1821 —
918 1785 1012 1831 omnia
1029 1782 1158 1833 evertet?
1176 1782 1223 1836 bic
1245 1798 1337 1839 sutem
1358 1789 1518 1839 necessario

208 1851 445 1916 dicendum'erst:
465 1873 520 1909 nors
538 1859 631 1905 omnia
650 1882 686 1896 -
703 1856 848 1923 patietur?
867 1869 897 1906 ut
917 1855 1131 1925 significentur,
1149 1857 1219 1910 nibli
1238 1858 1296 1911 tolli
1309 1851 1422 1918 deberet
1445 1858 1520 1913 sitir-

208 1940 297 1992 morio
317 1938 391 1986 enirn
414 1932 482 1984 brec
500 1946 554 1983 est:
575 1933 668 1980 omnia
685 1956 723 1971 -
738 1934 884 1997 pasterum·
908 1934 1063 1999 quaeritur,
1082 1937 1205 2003 possitne
1224 1937 1368 2004 qnisquam
1389 1935 1443 1988 hoc
1462 1951 1520 1987 m

209 2011 315 2070 iacere,-
335 2007 362 2060 id
382 2021 436 2061 cst:
457 2023 511 2059 nors
530 2008 623 2056 amnia
641 2032 679 2045 -
694 2008 819 2071 patietur
827 2001 853 2076 7)
872 2032 908 2046 -
927 2005 1013 2068 hsec,
1032 2009 1160 2076 inquam,
1180 2006 1263 2061 lectio
1285 2012 1313 2060 in
1341 2010 1455 2063 mont}
1474 2008 1519 2064 0d,

210 2088 233 2142 i.
254 2103 308 2138 non
329 2099 387 2148 est,
417 2079 464 2133 ubi
487 2078 637 2142 scribitur,
664 2087 730 2130 rata
750 2095 808 2129 esse
823 2083 965 2148 patietur,
985 2079 1135 2151 eodemque
1153 2080 1236 2134 moda
1258 2086 1286 2134 in
1308 2083 1406 2137 Aldine
1429 2087 1468 2153 [et
1488 2088 1519 2137 ia

209 2158 350 2230 Beruld.];
369 2155 535 2209 restituenda
549 2168 589 2206 est
604 2157 688 2226 igitur
702 2155 835 2206 Prisciani
849 2163 876 2206 et
896 2153 991 2227 Steph.
1008 2156 1188 2228 Lembinique
1201 2156 1298 2210 lectio:
1318 2163 1344 2209 te
1354 2177 1412 2211 m
1424 2165 1519 2211 omns,

211 2261 248 2278 σ-
268 2243 333 2287 rata
351 2250 410 2283 esse
425 2228 595 2299 patietrsr?‘'
630 2229 747 2284 ΜΛΝ.

285 2305 417 2437 stig-hir
442 2303 607 2385 introspicit]
640 2320 811 2382 esqntqpeaet
838 2303 931 2357 Ptine.
964 2329 1001 2343 -
1025 2319 1082 2359 orn.
1108 2301 1218 2358 Berald.
1244 2331 1281 2348 -
1299 2303 1332 2363 ir
1359 2301 1522 2386 dnosqtou

211 2384 309 2442 Graes.
349 2398 365 2434 c
386 2389 442 2434 ute.
471 2427 475 2435 ,
1516 2392 1520 2398 .

300 2521 326 2571 1.
347 2511 454 2564 Pieriae.
490 2508 578 2577 Istae]
616 2507 710 2562 Princ.
727 2504 835 2564 Besaid.
856 2536 892 2550 -
916 2507 1033 2574 Flemus,
1059 2505 1521 2584 Fusias(Fuffiaeand.)1stas

86 2638 97 2652 ,
211 2588 275 2648 nin.
294 2603 321 2641 et
341 2603 369 2639 se
408 2622 416 2638 .

307 2664 335 2719 ll.
354 2604 464 2727 egilum]
484 2654 571 2728 Lugd.
590 2657 655 2710 list.
676 2657 754 2711 Man.
773 2656 855 2710 Creo.
873 2683 910 2698 -
928 2674 1021 2708 eornm
1041 2661 1155 2728 priores.

300 2740 381 2794 5-7.
403 2735 463 2785 Hoc
488 2732 616 2785 scholion
645 2730 775 2798 dnobus,
799 2747 867 2804 quse
896 2748 1062 2801 sequuntur,
1093 2736 1276 2805 postpositum
1303 2747 1344 2786 est
1369 2737 1400 2786 ln
1425 2732 1520 2788 Princ.

212 2810 319 2868 Bersid.
340 2807 400 2863 lid.
420 2807 487 2859 Lod.

304 2889 331 2943 5.
349 2883 459 2950 Eripies
473 2883 551 2952 pap]
579 2881 626 2935 Sic
649 2882 758 2951 scripsi.
789 2908 819 2921 -
847 2885 933 2950 eripis
948 2898 1014 2952 pap.
1036 2881 1128 2935 Princ.
1147 2878 1255 2936 berolti.
1275 2877 1337 2936 bid.
1355 2909 1394 2924 -
1410 2879 1524 2953 Eripite

212 2965 303 3032 igitur
317 2977 383 3031 perp.
403 2955 470 3008 Lod.
491 2972 518 3009 et
537 2973 612 3027 seqq.
637 2973 699 3009 cnm
718 2955 797 3009 editt.
817 2955 968 3009 Ciceronis.

190 3077 192 3080 Α
306 3036 334 3091 6.
354 3033 483 3098 marium]
512 3037 601 3081 maris
620 3029 706 3102 Lngd.
952 3040 956 3046 '

287 3108 360 3162 lbid.
378 3107 568 3173 honestorum]
602 3103 789 3157 honestiorum
809 3101 875 3156 Lod.
927 3154 930 3158 Α

309 3189 336 3241 7.
357 3181 431 3252 quod
456 3185 540 3231 etiam
567 3210 585 3222 -
614 3211 633 3222 -
663 3178 845 3250 servabatur]
882 3175 971 3248 „vide
998 3177 1181 3246 Mensrdum,
1212 3183 1275 3251 qui,
1303 3197 1338 3232 ns
1366 3183 1522 3235 Ascanium

164 3279 169 3292 ·
214 3258 321 3332 culpet,
340 3256 466 3309 librarios
488 3269 608 3307 accusat.
646 3255 776 3307 Cornan
799 3252 945 3310 emendati
965 3255 1018 3307 Sed
1041 3254 1221 3326 quodcunque
1244 3257 1297 3308 boc
1315 3269 1371 3320 est,
1394 3270 1408 3305 s
1431 3261 1523 3328 prims

214 3335 361 3389 scribentis
381 3346 464 3382 manu
489 3344 547 3393 est,
579 3333 636 3382 sire
659 3333 681 3382 is
704 3330 838 3381 Asconius
858 3326 955 3392 inerit,
988 3333 1044 3382 sive
1069 3329 1167 3383 alius.”
1197 3330 1331 3386 GAllA‘l'.
1370 3329 1522 3384 Menardns

186 3421 190 3430 ·
214 3413 320 3463 monuit
341 3421 432 3478 togam
452 3419 564 3476 purssn,
583 3402 611 3455 id
634 3419 690 3469 est,
709 3419 776 3474 quse
797 3420 853 3455 non
867 3417 937 3456 esset
955 3418 1110 3475 praetexte,
1130 3403 1213 3459 fuisse
1232 3395 1313 3456 etiarn
1334 3408 1524 3468 bonestorum,

214 3500 278 3538 cuns
298 3487 433 3549 virorum,
454 3495 512 3530 turo
526 3477 684 3538 mulierum
705 3494 796 3551 togam
809 3495 873 3531 vero
885 3493 1054 3550 praetextam
1071 3476 1157 3533 inisse
1174 3482 1363 3546 sacerdotum,
1381 3484 1527 3552 megistrs·

172 3585 175 3590 ’
216 3574 293 3612 tunm
312 3573 338 3609 et
358 3571 502 3628 puerorum
526 3558 714 3624 ingenuorum.
947 3567 952 3576 ’

308 3634 337 3689 9.
357 3627 508 3681 Abnadare
525 3634 598 3679 enim
615 3627 729 3679 videtur
746 3629 812 3694 nort]
857 3626 955 3698 ,Nihil
987 3624 1125 3694 abundat,
1157 3632 1182 3682 si
1213 3643 1276 3682 cnm
1306 3631 1524 3700 interseptione

216 3707 299 3781 legas.
317 3721 372 3758 non
393 3719 481 3756 rsrnen
502 3720 609 3774 semper
627 3703 738 3773 vigiles,
758 3703 888 3756 Asconi.”
915 3701 1059 3756 Menon.

294 3790 337 3837 10.
358 3779 540 3848 Posteaquam
564 3782 608 3828 tus
625 3779 735 3850 praet.]
768 3775 836 3831 Lod.
855 3792 883 3832 et
901 3794 979 3848 seqq.
1006 3805 1044 3819 —
1067 3785 1251 3850 posteaquam
1265 3785 1360 3849 praet.
1382 3780 1451 3846 (ont.
1470 3781 1526 3845 ius)

179 3871 186 3885 ‘
217 3852 516 3913 illustrantem.

293 3929 364 3985 lbid.
385 3930 522 3995 constitit]
555 3927 647 3980 Princ.
667 3925 777 3980 bersid.
796 3924 857 3980 nin.
882 3954 918 3968 -
937 3931 1119 3979 constitutum
1136 3924 1206 3981 Lod.
1223 3954 1262 3970 -
1279 3931 1463 3980 constitutum
1481 3934 1526 3979 est

218 4002 306 4075 Lngd.
326 4006 390 4057 Hot.
411 4004 487 4056 Man.
508 4005 589 4055 Creu.
610 4021 673 4056 cum
691 4001 770 4056 editt.
790 4002 943 4058 Ciceronis.

294 4089 340 4138 st.
361 4081 418 4144 ste]
446 4081 472 4127 st
490 4077 580 4130 Petne.

293 4159 336 4213 12.
358 4155 421 4221 ater]
443 4152 529 4224 Lugd.
549 4154 612 4224 liat.
632 4151 709 4204 Mun.
729 4150 809 4205 Creu.
828 4179 866 4194 —
883 4159 917 4204 ut
933 4157 1047 4225 priores.

292 4227 364 4284 lbid.
383 4231 437 4295 est]
463 4244 519 4279 om.
539 4229 637 4298 Grues.
657 4226 770 4278 Schlltu.

293 4304 364 4357 lbid.
385 4309 428 4354 tos
443 4303 630 4373 praetoriam]
659 4303 808 4372 ,Proetnrs
829 4315 927 4372 qnsrto
945 4300 1054 4354 demunt
1074 4302 1177 4355 Rornse
1196 4300 1289 4355 secula
1308 4303 1436 4354 instituta
1455 4299 1526 4354 esti·

296 4461 339 4514 ¹3·
359 4452 490 4506 Scholion
514 4452 567 4505 hoc
589 4466 615 4504 et
634 4456 772 4522 sequentis
799 4450 898 4503 lemme
924 4455 1032 4504 restitui
1058 4448 1091 4503 de
1111 4449 1208 4506 Orellii
1234 4454 1402 4504 coniectura.
1450 4447 1527 4502 Pra-

219 4533 324 4580 :cimum
345 4544 484 4599 tsmqnarn
504 4527 647 4579 Ciceronis
668 4527 809 4599 legebatur
833 4531 905 4579 inter
928 4531 972 4578 att
996 4541 1023 4579 et
1047 4544 1188 4596 quemque:
1215 4524 1295 4577 rerba
1319 4541 1427 4586 sutem,
1452 4525 1529 4578 Stis

221 4607 273 4657 int.
293 4611 375 4656 mort.
394 4612 486 4666 esset,
506 4601 569 4654 inde
591 4601 625 4653 sb
651 4601 720 4655 Alda
741 4618 836 4654 ornnes
854 4600 962 4674 praeter
984 4599 1134 4654 Lodoicurn
1154 4605 1300 4672 interpreti
1321 4599 1490 4655 tribuebsat.

297 4675 366 4729 lbid.
387 4676 541 4749 oporteret]
579 4673 638 4728 Lod
658 4675 745 4749 bugd.
770 4677 847 4732 Man.
876 4703 913 4718 -
940 4684 1064 4747 oportet:
1095 4683 1124 4727 et
1151 4678 1243 4730 Ptine.
1269 4675 1377 4729 Betnld.
1401 4673 1465 4729 Ald-
1490 4703 1528 4719 -

127 4776 131 4787 ·
222 4756 375 4824 oporteret]
412 4754 452 4807 tte
470 4751 536 4806 iios.
554 4751 635 4805 Creu.
653 4778 691 4794 -
709 4753 860 4820 oporteret]
900 4749 1191 4808 acoenonoetus.
