3210 5280
240 191 301 258 268
655 189 859 259 SCHOLIA
880 190 1128 258 Bootntlstn

314 331 350 410 2.
378 335 443 414 Sic
468 337 561 411 enim
588 336 733 410 dixistis
759 336 835 409 vidi
861 360 928 436 ego
954 345 1052 409 tuam
1077 335 1315 409 lacrimulam.

322 452 505 521 Laterensis
533 451 562 516 in
593 452 731 516 'l'ullinm
761 451 884 516 dixerat
912 452 1060 537 epilogos
1088 452 1153 516 eius
1176 452 1333 527 inridens,
1368 474 1450 536 quos
1471 474 1544 517 enm

239 557 362 610 constat
383 545 507 609 nimium
529 545 649 609 flebiles
671 558 703 608 et
718 543 923 609 miserationis
937 546 1049 628 plenos
1064 545 1094 608 in
1109 545 1228 609 indiciis
1243 566 1369 627 semper
1382 546 1544 612 habitisse.

239 640 283 705 Et
311 638 342 701 in
365 649 494 703 oratore
515 659 573 702 suo
600 639 726 701 candem
753 639 939 702 niiectuum¹
972 641 1200 704 movendorum
1232 637 1294 701 sibi
1318 639 1542 719 praestantiam

217 729 421 806 tvindicavit.
464 730 517 793 Ac
540 751 579 792 ne
600 730 679 791 haec
702 729 874 793 lactrocinia
901 729 1007 812 potius
1030 731 1179 793 adhibere
1200 730 1343 794 fallendis
1366 730 1543 825 iudicibus,

239 824 294 904 [P.
313 823 400 902 tou]
422 844 512 907 qttsm
529 843 603 885 rere
619 826 786 886 secundum
803 821 895 887 animi
909 822 957 884 sni
972 835 1089 886 motum
1105 824 1210 887 iacere
1225 824 1441 901 existimetur,
1466 826 1540 888 ιιι-Ι

237 926 362 978 severat
384 913 526 996 Cispium
547 917 610 980 hoc
634 934 707 978 strae
729 913 881 978 orationis
904 914 1027 979 adiectu
1056 938 1120 980 noo
1149 915 1307 1000 iudignum
1330 917 1445 993 fuisse,
1470 941 1540 979 cirin

237 1030 302 1092 quo
324 1017 398 1089 post
418 1007 570 1071 amicitiae
593 1007 879 1072 reconciliationem
901 1007 942 1070 ita
966 1008 1157 1091 participatu
1177 1010 1323 1074 fortunae
1345 1031 1421 1074 suae
1447 1011 1540 1075 dolo·

236 1121 302 1165 mm
324 1101 472 1177 senserit,
497 1115 532 1168 ut
552 1101 699 1183 inpense²
721 1100 809 1183 diligi
830 1103 1035 1165 mereretur³.

196 1248 227 1299 ιι
312 1203 472 1299 XXXII.
501 1218 534 1299 l.
577 1224 653 1301 Sed
684 1250 741 1298 me
780 1249 889 1323 quum
915 1233 1055 1298 tantum
1080 1227 1152 1299 iam
1177 1226 1332 1300 Plancio
1365 1228 1538 1303 deberem

235 1335 353 1411 Racili
379 1336 545 1410 beneficii
570 1337 683 1410 fuisse
710 1345 931 1410 contentum.

319 1455 555 1518 Extenuaturus
574 1452 681 1516 merita
704 1453 765 1519 Cu.
782 1452 923 1529 Plancii,
947 1474 1027 1538 quae
1050 1453 1189 1518 intulisse
1212 1455 1242 1517 in
1262 1456 1314 1518 tlt.
1332 1454 1472 1519 Tullium
1494 1438 1539 1520 riss

236 1550 381 1621 deretur,
417 1550 455 1611 de
484 1549 527 1613 L.
557 1547 648 1610 etiam
678 1545 803 1610 Racilio
834 1549 983 1632 quaedam
1010 1548 1193 1611 Laterensis
1217 1562 1536 1625 commemoraverat,

237 1638 292 1724 qui
328 1637 423 1723 magis
454 1638 631 1712 adiumento
662 1639 811 1705 Ciceroni
839 1640 936 1705 luisse
967 1640 1168 1715 virlebatttrl,
1207 1663 1301 1722 qutun
1330 1642 1480 1706 Plancius
1508 1641 1538 1705 in

195 1732 395 1794 tstribunatn
425 1753 483 1796 suo
512 1755 574 1795 non
597 1744 762 1815 tantopere
784 1733 822 1795 sit
845 1756 905 1817 pro
928 1733 1064 1796 eiusdem
1087 1732 1285 1795 restitutione
1308 1734 1447 1797 conisus.
1491 1736 1539 1796 Ne

237 1826 299 1889 hoc
316 1823 413 1908 igitur
427 1825 458 1889 ei
473 1827 612 1889 deesset⁵
635 1828 672 1888 sd
690 1825 841 1908 gratiam,
864 1828 1052 1902 confitetur,
1077 1825 1180 1888 aniruo
1198 1825 1433 1906 promptissimo
1450 1826 1538 1888 etiam

235 1917 319 1980 hunc
341 1918 503 1981 Plancium
532 1937 607 2002 erga
635 1919 862 1983 restitutionem
891 1942 977 1983 snam
1007 1919 1117 1981 fuisse.
1168 1921 1230 1982 Sed
1260 1919 1405 1999 quoniam
1438 1918 1538 1982 omnis

235 2029 295 2092 per
317 2011 490 2074 Racilium⁶
512 2012 700 2074 videbantur
719 2010 864 2094 impleta,
888 2034 950 2076 non
966 2012 1123 2093 expetisse
1145 2033 1179 2072 se
1201 2010 1292 2084 dicit,
1316 2022 1351 2072 ut
1372 2011 1464 2074 etiam
1486 2012 1537 2075 ille

236 2122 276 2165 ex
304 2104 466 2185 supcrlluo
494 2106 695 2182 laboraretl,
733 2105 789 2189 qui
814 2116 932 2169 tanttuu
961 2104 1023 2169 sibi
1049 2105 1081 2167 iu
1112 2115 1279 2188 qttaestura
1311 2104 1537 2167 Macedonics⁸

193 2216 226 2263 ιο
236 2196 456 2277 praestitisset.
488 2199 588 2261 Extat
603 2212 703 2261 autem
718 2198 843 2262 libellus
858 2198 994 2262 ciusdem
1011 2196 1191 2272 Ciceronis,
1215 2197 1269 2280 qui
1282 2197 1325 2260 ita
1340 2198 1535 2261 inscribiturt

237 2290 452 2355 EDICTUM
473 2291 605 2374 LUCII
627 2290 808 2356 RACILII
831 2292 1025 2356 TRIBUNI
1047 2292 1204 2367 PLEBI,
1228 2293 1316 2375 quod
1336 2294 1395 2354 suls
1414 2290 1538 2355 nomint

234 2381 333 2462 ipsius
358 2382 474 2448 Cicero
496 2384 673 2468 inscripsit⁹
694 2385 724 2448 in
746 2383 956 2448 invectionem
980 2385 1021 2448 P.
1046 2377 1154 2447 Clodi.

235 2498 1532 2519 *m*

304 2558 329 2605 1.
348 2559 408 2606 Coti.
427 2558 562 2623 nff'eetttirn.
599 2559 625 2606 2.
644 2561 704 2607 Coti.
724 2561 852 2618 inpensae.
889 2556 913 2605 3.
934 2560 993 2605 Cod.
1013 2567 1129 2605 meretur.
1167 2559 1191 2605 l.
1211 2562 1290 2614 „Cod.
1309 2560 1432 2606 sidentur.
1456 2563 1535 2607 idaliae

369 2629 523 2676 ridebaturl’
547 2632 638 2677 Mutus.
674 2630 774 2687 (Recepi
794 2645 849 2675 euin
869 2631 1063 2675 Wunderolllsii
1078 2631 1286 2683 emendationem.)
1322 2631 1346 2676 b.
1367 2632 1427 2676 Coti.
1441 2631 1533 2676 tieem.

371 2700 395 2744 b.
415 2699 474 2748 Cod.
500 2698 627 2746 liscivum.
674 2699 697 2747 i.
717 2699 777 2744 cot.
802 2699 927 2746 laborare.
974 2696 998 2744 8.
1024 2700 1084 2744 Cod.
1109 2702 1135 2744 in
1159 2707 1319 2758 qttueetururn
1342 2700 1534 2748 macedonicam.

373 2764 397 2814 9.
417 2768 561 2815 Gsrstooins
580 2783 633 2814 erut
653 2769 683 2815 lt.
709 2770 808 2826 corrigit
824 2768 937 2826 scripsit.
973 2768 1025 2826 Ego
1044 2775 1121 2814 entem
1142 2772 1193 2814 iure
1211 2784 1264 2813 tneo
1283 2771 1415 2826 inscripsit
1435 2773 1533 2816 retineo.

370 2837 431 2883 lietu
449 2844 473 2884 et
489 2838 580 2884 fronto
598 2840 625 2882 ed
647 2840 683 2884 ld.
703 2838 775 2883 Caes.
794 2838 826 2884 ll.
850 2838 874 2884 i.
893 2838 949 2884 dicit
966 2838 1140 2884 inscribendae
1162 2853 1205 2896 pro
1223 2839 1369 2884 scribendae
1375 2854 1387 2894 ,·
1405 2841 1533 2897 ibidemque

372 2914 409 2954 est
425 2909 580 2956 instructura
596 2923 641 2965 pro
660 2914 798 2955 structura.

326 3011 353 3066 ⁵.
372 3008 405 3061 ln
425 3008 542 3062 Otetore
561 3007 893 3065 XXXVll-XXXVIH.
915 3011 953 3061 its
973 3005 1006 3060 de
1025 3024 1054 3062 ee
1074 3007 1194 3061 Tullius:
1228 3009 1303 3078 Quid
1319 3009 1352 3060 tle
1373 3013 1532 3060 miseratio-

232 3083 313 3136 nibus
330 3084 448 3159 loquar?
467 3085 563 3154 qrsibus
582 3103 613 3136 eo
631 3103 691 3135 sum
710 3101 775 3134 restes
790 3081 932 3153 pluribus,
952 3083 1026 3153 qrtod
1042 3089 1126 3134 etiarn
1141 3091 1166 3135 si
1175 3085 1269 3154 pierres
1282 3084 1455 3149 dicebamus,
1473 3101 1533 3152 per-

233 3163 386 3209 orationem
413 3156 480 3209 milti
504 3167 596 3210 tamen
621 3176 715 3209 ornnes
740 3157 955 3229 relinquebant.
977 3197 983 3211 .
1007 3196 1015 3211 .
1036 3197 1042 3211 .
1064 3159 1248 3209 Miserntioue
1272 3176 1324 3209 nos
1348 3164 1391 3210 ita
1410 3159 1533 3209 dolenter

232 3239 276 3284 uti
294 3233 427 3299 solemus,
448 3240 480 3284 ut
494 3251 610 3303 puersun
627 3226 770 3303 insontem
788 3238 817 3284 in
836 3231 962 3284 manibus
976 3241 1143 3302 perorantes
1163 3239 1348 3292 terruerimusf
1376 3241 1407 3282 ut
1428 3234 1487 3284 alis
1505 3237 1532 3281 in

231 3324 332 3369 carrea,
360 3313 486 3359 excitato
505 3324 553 3360 reo
572 3308 676 3375 nobili,
695 3310 804 3361 subiato
822 3313 907 3360 etiam
924 3305 988 3374 filio
1004 3325 1110 3376 paruo,
1134 3311 1273 3379 plangore
1291 3317 1319 3359 et
1336 3309 1533 3360 lamentatione

231 3384 426 3453 compleremus
435 3379 562 3452 sorum·

326 3465 352 3515 8.
372 3455 486 3510 Videtur
510 3455 701 3527 corrigendum
726 3476 786 3509 cum
814 3463 849 3512 is.
886 3457 958 3511 Natu
984 3458 1093 3531 Cispius
1119 3457 1205 3511 exulis
1234 3458 1378 3511 Ciceronis
1407 3463 1532 3511 misertus

231 3527 337 3597 iuerat,
356 3545 385 3584 nt
405 3529 478 3584 vides
498 3531 632 3584 hocloco
652 3532 802 3586 Orationis.

306 3613 350 3663 tt.
371 3604 441 3659 Note
461 3606 608 3659 lectionem
635 3609 767 3660 diversam
794 3605 827 3658 ab
854 3621 916 3659 ante
941 3605 1015 3660 edita
1042 3606 1184 3679 beneficiis
1211 3606 1252 3658 sel
1280 3604 1424 3676 beneficio.
1461 3609 1530 3662 Note

231 3683 314 3732 etlam
334 3689 493 3733 contentum
512 3698 575 3734 cum
595 3687 731 3755 genitivo:
749 3687 826 3736 cuiue
846 3697 989 3753 syntaxeos
1009 3685 1133 3757 exempla
1154 3680 1223 3755 apud
1245 3683 1368 3745 Livium,
1388 3680 1531 3746 Ovidium,

230 3755 421 3820 Paterculum,
442 3756 585 3822 Curtium,
606 3758 785 3831 Appuleium,
807 3761 954 3820 lustinum,
976 3757 1105 3830 Digesta,
1124 3759 1278 3829 Dictynque
1297 3756 1458 3809 Cretensem
1478 3759 1533 3808 lau·

231 3825 330 3883 dentur
355 3844 371 3881 e
398 3831 495 3884 Vosein
519 3833 552 3884 de
571 3849 691 3899 gramm.
717 3833 779 3885 Vll.
802 3841 861 3897 ll.,
889 3832 924 3882 ab
945 3833 1058 3885 Heinsio
1077 3833 1117 3884 nti
1136 3834 1243 3884 Patere.
1264 3833 1299 3884 il.
1318 3834 1363 3890 88.
1385 3846 1411 3883 et
1432 3847 1447 3882 s
1467 3834 1531 3884 For-

231 3903 332 3957 cellino
353 3911 380 3957 io
400 3905 512 3963 Lesico.
563 3909 654 3976 Quare
679 3908 750 3960 hnnc
775 3904 962 3977 loquutiooem
991 3912 1018 3959 in
1041 3908 1223 3962 Asubrosiano
1243 3906 1422 3980 palimpsesto
1442 3906 1530 3959 nulia-

231 3993 310 4033 tenus
330 3978 488 4033 mendosum
507 3986 652 4049 existimo,
671 3997 701 4036 ut
722 3985 861 4035 immerito
880 3979 1023 4036 contendit
1043 3982 1219 4037 Garatoniue.
1256 3983 1352 4048 (Recte
1373 3979 1542 4038 Wundcrus'

229 4055 301 4109 Maii
321 4059 479 4124 opinionem
501 4055 638 4111 refutarit.
665 4054 731 4129 ot.)

304 4135 350 4185 21.
370 4131 442 4184 Nota
471 4132 633 4205 opusculum
659 4130 850 4205 deperditum,
882 4135 966 4184 immo
996 4150 1123 4206 prorsus,
1151 4129 1223 4203 quod
1250 4134 1352 4192 eciam,
1382 4128 1532 4183 inauditum

229 4203 382 4258 Ciceronis.
421 4206 453 4261 L.
475 4207 591 4261 Racilius
612 4204 781 4260 tribunatum
801 4210 865 4259 iniit
884 4223 946 4259 cnm
967 4209 1077 4265 Plancio
1097 4208 1212 4280 aliisque
1231 4222 1303 4259 anno
1323 4222 1456 4270 exeunte,
1481 4220 1531 4276 quo

229 4279 328 4334 Cicero
355 4279 389 4332 ab
409 4281 492 4337 exilio
511 4297 652 4336 resocatus
673 4280 743 4345 init,
770 4288 905 4352 gessitque
932 4297 1004 4337 auno
1029 4298 1178 4355 sequente,
1208 4300 1304 4354 nempe
1324 4281 1489 4333 Marcellino
1507 4292 1532 4330 et

228 4354 358 4426 Philippo
383 4373 454 4410 ross.
478 4356 554 4411 Belle
580 4355 613 4410 ad
638 4359 711 4410 bunc
730 4356 822 4409 locunt
842 4355 946 4409 iaciunt
972 4375 1040 4430 quae
1060 4363 1158 4415 Cicero
1178 4357 1276 4410 scribit
1296 4353 1330 4406 sd
1356 4357 1393 4422 Q.
1414 4356 1531 4408 Fratrem

228 4429 290 4485 tib.
311 4430 346 4482 ll.
366 4431 417 4502 Ep.
438 4432 461 4486 I.
480 4431 600 4483 Racilius
617 4435 744 4482 reurrexit
761 4439 790 4482 et
807 4429 841 4481 de
859 4431 969 4483 iudiciis
987 4433 1097 4503 referre
1116 4439 1215 4502 coepit.
1255 4432 1453 4482 Marcellinum
1471 4431 1531 4497 psti-

228 4505 289 4555 dern
305 4511 425 4570 primum
445 4512 569 4569 roravit.
606 4506 635 4557 Is
653 4525 733 4577 pertun
751 4511 883 4574 graviter
901 4507 934 4557 de
953 4509 1096 4561 Clodianis
1115 4508 1263 4569 incendiis,
1284 4504 1530 4563 trrrciriatinnibus,

227 4579 445 4648 lapidationibus
463 4591 573 4652 praestus
591 4590 665 4634 essct
684 4597 737 4635 cet.
775 4580 877 4632 Postea
898 4581 1019 4634 Racilius
1037 4586 1070 4635 de
1085 4588 1212 4654 privatis
1231 4600 1273 4632 ane
1288 4587 1409 4650 primurn
1428 4587 1531 4629 senten·

226 4660 296 4705 tium
316 4662 442 4724 rogavit.
481 4657 574 4712 tirtlta
591 4658 656 4724 Jeei
680 4657 767 4709 verba
793 4655 827 4706 tle
846 4665 909 4708 toto
919 4655 1027 4726 fisrore
1046 4654 1246 4727 latrocinioque
1266 4655 1297 4719 P.
1317 4654 1424 4708 Clodii:
1455 4669 1527 4713 euru,

227 4738 369 4795 tarupuaau
394 4724 486 4798 reson,
516 4735 648 4784 accusavi
671 4732 767 4785 multis
791 4740 818 4783 et
841 4732 968 4785 sententiis
992 4731 1297 4787 adrurmuuratiouibue
1313 4734 1405 4784 carneti
1423 4734 1529 4782 senatu
