3210 5280
589 213 639 277 IN
662 212 969 279 Plsoutauntu.
1388 218 1429 282 te

118 365 233 429 tatem,
269 363 412 416 uenatum
433 352 464 415 in
490 355 689 417 decernendo
715 352 875 435 triumpho
898 351 1087 436 gratificari,
1121 374 1185 417 uon
1207 353 1362 418 dubitarit
1383 356 1432 420 rei

117 449 262 529 pirblicae
285 449 384 532 magis
412 469 503 533 quani
531 449 675 531 collegae
705 447 822 510 habere
851 448 1004 508 rationem
1038 468 1097 522 ee,
1134 468 1172 510 ne
1193 448 1283 511 lieret
1306 462 1431 512 senatur

119 543 321 618 cousrrltum,
344 542 532 605 intercessit.
577 542 639 603 Sed
655 539 733 601 idem
750 540 963 620 provinciam,
988 539 1077 603 cuiue
1097 541 1266 621 cupiditate
1287 542 1431 627 plerique

125 635 218 697 etiam
242 635 319 700 boui
341 636 402 698 viri
424 635 661 719 delinquebant,
696 634 905 714 deposuerat,
930 654 968 697 ne
990 635 1127 716 sumptui
1150 646 1232 698 esset
1254 637 1389 701 aerario.

682 782 876 845 sumu.
1441 773 1456 822 ⁵

207 900 253 976 (§.
279 896 347 976 69.)
375 899 481 961 ‘irrisa
506 905 554 960 est
574 918 597 959 a
617 908 649 961 te
668 902 779 981 paulo
800 911 876 966 onte
897 901 948 964 M.
968 904 1095 966 Pisonis
1115 878 1284 985 cupiditas
1311 910 1433 970 triurn-

117 989 262 1071 phandi.
297 1010 320 1051 a
341 1008 411 1072 qua
432 997 463 1050 te
484 985 586 1067 longe
607 988 724 1051 dixisti
742 990 937 1056 abliorrere:
958 995 1021 1075 qai
1031 1041 1039 1069 ,
1059 995 1161 1056 etiam
1182 1000 1213 1057 si
1232 999 1340 1058 minus
1361 1018 1431 1060 rna·

117 1102 224 1162 greum
245 1079 373 1143 delium
392 1085 559 1158 gesserat,
581 1079 681 1140 istum
701 1080 862 1144 honorem
884 1080 1102 1145 omittendum
1122 1103 1189 1144 non
1206 1089 1350 1165 putavit.
1378 1087 1431 1151 Tu

119 1170 288 1234 eruditior
308 1191 414 1253 quarn
436 1169 521 1230 Piso.

204 1262 285 1340 Quis
310 1260 361 1322 hie
390 1259 441 1322 Μ.
470 1258 549 1322 Piso
573 1255 686 1330 inerit,
721 1261 816 1322 credo
844 1281 905 1324 vos
931 1260 1093 1345 ignorare.
1137 1263 1211 1327 Fuit
1240 1275 1364 1339 autern,
1398 1277 1476 1329 utto

118 1366 196 1436 puto
213 1354 274 1416 ianr
299 1376 357 1417 noe
379 1352 513 1425 dixisse,
539 1351 657 1431 Pupius
682 1351 758 1414 Piso
781 1353 896 1416 entem
920 1356 1133 1437 temporibus,
1157 1359 1271 1440 quibua
1295 1359 1430 1435 Cicero,

120 1452 177 1510 aed
206 1459 296 1509 tanto
326 1458 426 1508 aetate
456 1445 573 1518 maior,
612 1454 646 1504 ut
675 1443 938 1510 adolescentulum
972 1447 1161 1514 Ciceronem
1192 1456 1282 1531 priter
1303 1453 1342 1513 ad
1363 1474 1432 1515 euru

122 1541 313 1614 deduceret,
339 1542 423 1622 quod
444 1537 476 1601 in
498 1557 537 1600 eo
560 1547 591 1597 et
616 1534 762 1620 autiquae
785 1539 867 1603 vitae
887 1542 1055 1607 similitudo
1079 1556 1109 1606 et
1139 1545 1254 1607 inultae
1277 1557 1366 1607 eraut
1393 1545 1432 1608 li·

122 1645 227 1696 terae:
252 1644 365 1697 orator
381 1653 507 1717 quoque
523 1629 754 1712 [eloquentior]
770 1654 862 1713 quani
877 1635 1077 1720 frequentior
1091 1637 1214 1699 habitus
1234 1649 1293 1700 est.
1338 1639 1504 1716 Bion-[1291

120 1725 173 1788 nio
201 1738 308 1787 tamen
336 1726 454 1799 aerinis,
485 1745 576 1808 quam
599 1720 736 1795 Cicero,
768 1729 879 1789 consul
908 1728 986 1802 iuit;
1016 1731 1474 1814 triumpharitprocoe.de15

121 1819 295 1900 Hispania,
329 1819 371 1899 Q.
402 1818 595 1892 Hortensio,
632 1815 674 1895 Q.
697 1817 833 1882 Metello
856 1819 987 1886 Cretico
1016 1825 1215 1900 oonsulibus,
1245 1837 1317 1887 ante
1338 1824 1433 1889 Cice·

121 1914 206 1974 eonio
230 1913 439 1975 consulatum.

204 2010 251 2082 (§.
275 2006 346 2086 65.)
374 2006 502 2069 instant
519 2012 598 2086 poet
617 2001 789 2066 hominurn
810 2009 1009 2072 memoriam
1029 2012 1288 2092 apparatissimi
1304 2015 1435 2095 magni·

120 2095 399 2180 ficentiaainriqae
418 2092 508 2169 indi,
529 2090 648 2176 qnater
668 2111 734 2152 non
748 2096 849 2158 modo
864 2100 1209 2181 nunquomfnernnt‚
1229 2102 1288 2164 aed
1298 2122 1338 2165 ne
1351 2123 1434 2184 quo·

123 2185 224 2248 ruodo
246 2185 382 2268 quidem
394 2185 480 2261 fieri
501 2184 645 2266 portiano
673 2185 823 2260 possint,
852 2207 989 2267 possum
1021 2187 1095 2250 ullo
1121 2199 1227 2269 pacto
1253 2192 1477 2270 suspicarito

207 2275 273 2338 Cn.
297 2276 442 2355 Pompeii
464 2276 555 2336 ludos
577 2276 750 2358 significat,
785 2274 898 2358 quihus
928 2279 1082 2339 theatrum
1113 2299 1129 2339 a
1154 2300 1189 2341 ee
1212 2280 1325 2342 iactiuu
1348 2281 1434 2343 dedi·

125 2368 225 2445 earit,
244 2369 360 2454 quibua
379 2366 459 2430 ludis
474 2364 711 2449 elephantorum
729 2389 866 2452 pugnarn
885 2369 1004 2451 primus
1020 2371 1156 2434 omniurn
1173 2372 1303 2434 deditio
1319 2372 1432 2437 Circo.

212 2611 241 2664 d.
259 2604 468 2676 delinquebant]
487 2602 662 2674 deliquebant
683 2605 773 2657 Ptine.

199 2681 273 2735 ibid.
294 2683 419 2748 aerario]
439 2680 524 2750 Lngd.
543 2680 608 2732 llot.
631 2681 705 2732 Man.
727 2679 808 2733 Creo.
830 2708 860 2720 -
882 2685 975 2732 oratio
995 2683 1086 2735 Princ.
1106 2679 1213 2735 Berald.
1234 2679 1295 2735 ΔΜ.
1316 2678 1384 2736 Lod.

220 2763 245 2814 5.
266 2773 313 2808 om
346 2753 412 2807 Lod.
435 2752 519 2818 lugd.
541 2756 605 2807 lior.
627 2755 703 2807 Mun.

218 2840 247 2890 8.
267 2840 411 2900 gesserat,
431 2832 526 2896 tetrum]
548 2831 641 2883 Prioc.
655 2827 761 2882 Berald.
779 2858 816 2871 -
836 2837 980 2898 gesserat,
1000 2837 1031 2881 ut
1044 2829 1096 2881 aba
1109 2829 1252 2882 indictuni
1265 2839 1324 2897 eet,
1342 2839 1437 2883 tamen

127 2912 210 2957 utura
233 2905 293 2960 ad.
315 2923 342 2958 et
362 2921 437 2976 aeqq.

202 2979 274 3035 ibid.
300 2980 490 3046 omittendum]
526 2977 705 3029 emittendum
737 2979 829 3033 Ptine.
855 3005 891 3018 -
918 2977 1115 3030 obmittendum
1148 2978 1208 3032 atd.
1228 2996 1291 3031 cnm
1326 2980 1437 3034 Graevii

128 3055 232 3110 oodiee.
254 3085 288 3097 -
308 3054 449 3106 emendum
467 3052 575 3107 Berald.
594 3081 631 3094 -
649 3053 873 3104 contemnendum
896 3053 962 3105 Lod.
984 3069 1011 3106 et
1030 3071 1105 3125 seqq.

204 3127 274 3186 ibid.
296 3129 351 3197 Tu]
374 3128 437 3182 Ati.
455 3144 483 3181 et
502 3145 577 3199 eeqq.
596 3146 717 3199 -puer
739 3130 827 3181 Ptine.
851 3127 958 3182 Berald.

199 3207 229 3262 9.
247 3204 329 3275 Piso]
351 3203 410 3258 ΔΜ.
431 3218 457 3256 et
477 3220 552 3275 eeqq.
571 3229 607 3242 —
626 3207 684 3271 ipre
703 3205 795 3257 Ptine.
815 3201 923 3256 Berald.

203 3287 249 3335 to.
269 3279 313 3331 hie
333 3279 389 3345 M.]
410 3277 454 3328 iric
472 3286 500 3329 et
518 3279 563 3330 M.
586 3278 671 3350 Lugd.

203 3363 248 3411 11.
269 3354 372 3425 Pupius
391 3353 470 3423 Piso]
499 3351 582 3425 Lugd.
603 3353 669 3406 llot.
693 3355 768 3406 Man.
789 3350 870 3404 Creu.
890 3382 926 3395 —
947 3350 978 3404 P.
1000 3351 1064 3404 Piso
1085 3354 1176 3406 l‘rino.
1196 3351 1301 3406 Berald.
1323 3350 1383 3407 ald.
1402 3383 1439 3396 -

134 3428 392 3482 u.P1·sot0‹t.-
412 3427 589 3497 ,Ridiculum
611 3443 668 3479 erat
688 3424 777 3498 legere
798 3444 826 3479 ot
847 3443 926 3491 ante,
946 3427 1058 3478 Publius
1076 3428 1157 3491 Piso,
1178 3447 1238 3481 cnm
1259 3432 1332 3480 ltunc
1351 3433 1442 3501 iprum

129 3504 255 3557 Pisonem
274 3520 300 3557 et
320 3505 419 3557 Cicero
438 3518 465 3554 et
487 3502 618 3555 Pedianus
639 3503 736 3553 Marci
755 3507 930 3574 praenomine
952 3509 1004 3554 ianr
1026 3501 1230 3574 appellaverint.
1268 3504 1330 3557 Fuit
1350 3519 1440 3557 antem

132 3579 177 3630 liic
203 3578 245 3631 Μ.
271 3580 373 3651 Pupinr
400 3582 462 3631 l’ieo
486 3578 703 3650 Calpurnianus,
734 3582 780 3648 qui
801 3578 972 3629 cornutorum
1006 3581 1042 3644 [a.
1067 3580 1144 3644 693]
1174 3594 1238 3630 enm
1259 3579 1301 3632 Μ.
1320 3578 1440 3632 Meteala

131 3654 244 3724 gestiu'*
276 3653 418 3706 MstNUT.
805 3655 1161 3721 122.tanto]tantat,‘ren.

203 3733 248 3786 13.
268 3726 427 3794 deduceret]
449 3726 538 3796 „vide
558 3727 679 3780 Gronov.
700 3726 750 3778 ΙΙΙ.
771 3726 884 3779 Obeerv.
907 3728 971 3785 232·
991 3727 1127 3781 GARAT.

205 3801 277 3857 lbid.
296 3810 324 3854 et
343 3805 484 3873 antiquae]
520 3799 605 3874 lugd.
631 3800 695 3854 flat·
724 3803 800 3854 Man.
826 3803 907 3854 Creu.
927 3829 963 3844 -
982 3807 1066 3853 etiarn
1085 3819 1154 3872 quae
1173 3803 1265 3856 Ptine.
1293 3830 1329 3844 -
1355 3807 1441 3853 etiam

131 3877 265 3946 quaedam
285 3876 391 3931 Berald.
415 3875 482 3929 Lod.
501 3906 536 3918 -
556 3880 640 3927 etiam
660 3881 789 3945 antiquae
810 3874 870 3930 ΑΜ.

204 3957 248 4010 ss.
267 3970 371 4022 quoque
389 3953 559 4021 eloquentior
577 3969 657 4023 quam
668 3950 864 4020 frequentior]
894 3969 996 4021 quoque
1020 3967 1102 4020 quam
1114 3947 1441 4023 frequentior-(omitto

131 4026 218 4080 altero
236 4025 435 4099 cpmpararivo)
458 4029 547 4080 l’rioc.
570 4055 604 4068 -
622 4043 725 4095 quoque
735 4024 917 4096 frequentior
937 4024 1045 4078 Berald.
1067 4054 1103 4066 -
1122 4044 1225 4096 quoque
1244 4027 1342 4077 melior
1359 4043 1442 4095 quam

125 4102 306 4172 frequentior
326 4101 387 4155 ald.
407 4118 434 4154 et
453 4119 528 4172 seqq.
548 4130 582 4143 -
604 4100 792 4166 adiecturum,
818 4100 889 4170 quod
910 4118 960 4153 noa
981 4105 1163 4165 inseruimus,
1189 4099 1296 4153 facilius
1316 4101 1441 4153 excidere

131 4180 250 4249 potuim
270 4181 299 4229 in
319 4176 370 4228 hac
390 4176 499 4246 quidem
521 4180 621 4228 vicinia
641 4174 756 4228 uidetur.
795 4179 952 4243 (Exciditur
973 4180 1064 4248 potine
1084 4176 1242 4228 eruditior?
1264 4174 1331 4250 Oa.)

205 4256 251 4309 ¹5·
270 4255 371 4319 serius]
392 4257 482 4303 serior
503 4249 560 4303 ild.
582 4249 667 4322 Lugd.
687 4250 764 4303 Man.

204 4326 250 4383 16.
270 4326 422 4397 IIispania]
456 4330 547 4380 Petne.
567 4323 672 4378 Berald.
696 4321 753 4375 ald.
775 4322 840 4376 Lod.
864 4354 894 4367 -
916 4325 1051 4394 Hispanis
1071 4322 1156 4397 Logd.
1177 4324 1242 4379 Hor.
1261 4323 1340 4378 Man.
1359 4324 1441 4377 Creu.

202 4406 248 4459 18.
268 4401 318 4454 tiu
339 4403 455 4455 Creator
475 4405 647 4473 praeposuit:
677 4397 871 4465 SEQUlTUll.

203 4478 249 4533 ¹9.
271 4479 421 4543 nunquam]
443 4474 528 4547 lugd.
549 4475 614 4528 tior.
636 4474 714 4527 Man.
733 4475 815 4527 Creo.
845 4504 882 4517 -
909 4491 1026 4542 unquam
1051 4473 1143 4526 Ptine.
1162 4471 1270 4526 Berald.
1291 4472 1352 4526 ald.
1374 4470 1442 4527 Lod.

201 4555 245 4605 20.
266 4550 417 4620 quomodo]
438 4550 518 4601 rnodo
539 4553 627 4603 Priuc.
648 4547 755 4601 Berald.

203 4623 275 4678 ibid.
292 4629 390 4694 paeto]
418 4628 508 4679 l’rlnc.
528 4622 635 4677 Berald.
657 4622 722 4676 Lod.
742 4651 778 4663 -
799 4622 879 4674 modo
900 4620 960 4676 ald.
982 4620 1066 4693 Laqd.
1088 4621 1152 4673 llot.
1170 4621 1248 4673 Man.
1268 4620 1350 4673 Creo.

203 4706 248 4756 22.
269 4699 347 4752 dedit
366 4708 395 4751 in
415 4701 508 4767 Circo]
547 4698 638 4770 ‚vide
658 4695 789 4751 Haeduin.
810 4697 843 4750 ad
870 4696 940 4751 Plio.
969 4698 1001 4748 ll.
1027 4696 1061 4751 N.
1084 4696 1160 4750 Vlll.
1183 4701 1209 4752 7.
1231 4699 1259 4749 in
1280 4693 1393 4748 Eruend.
1415 4714 1442 4748 u.
