3210 5280
162 183 225 248 tot
574 184 777 257 SCHOLIA
798 187 1046 256 sosteusm

163 324 289 404 Tullio,
314 349 376 394 non
399 348 467 394 esse
482 326 671 406 mirandumt
693 328 811 415 quippe
831 350 928 415 quum
950 326 1127 411 designatio
1148 325 1178 391 in
1197 327 1321 393 duobus
1336 329 1468 391 eandem

160 421 306 485 babuerit
320 422 538 508 aeqrralitatern
554 419 804 507 suffragantium.
848 423 970 488 Puncta
986 420 1067 499 euim
1087 421 1140 486 bic
1158 441 1222 486 non
1240 420 1349 508 aliter,
1373 443 1469 506 quam

159 512 191 577 in
213 514 395 585 defensione
417 518 591 591 Murenae,
615 510 765 600 suffragia
789 512 977 600 significat¹.
1021 506 1065 578 Et
1088 509 1186 600 tnagis
1207 516 1270 561 -2
1290 514 1323 578 id
1348 516 1470 579 confir·

160 619 224 671 mat
244 619 405 690 paratum,
437 620 471 671 ut
499 607 612 671 aediles
635 609 844 686 sortirentur,
873 607 1020 692 quioniam
1042 607 1177 672 discerni
1198 605 1380 674 huiusmodi
1401 631 1468 675 ma·

136 691 312 784 egisti-atus
333 701 392 768 uisi
412 712 501 766 sorte
521 723 586 769 uon
607 709 750 784 possent.
812 741 814 747 ·
1458 688 1464 701 ’

100 900 104 911 ,
208 821 379 929 ¹xmu.
408 819 443 898 t.
489 824 565 898 cur
591 849 665 898 non
692 826 771 899 eius
797 779 1020 900 damianum
1046 825 1183 926 suque
1208 826 1255 900 aa
1279 824 1351 901 noc
1376 824 1467 901 iru-

160 935 253 1010 cium
279 936 496 1035 praeiudicii
521 928 771 1034 comparasti?

244 1086 286 1105 -e
307 1054 368 1103 *³
390 1054 514 1119 Probat
528 1051 631 1136 ipsum
653 1051 865 1116 adversarium
879 1052 1031 1117 iudicasse
1047 1053 1121 1118 nibil
1136 1052 1263 1118 omnino
1278 1049 1466 1134 suspicionis

161 1165 249 1222 esse,
272 1147 359 1231 quod
386 1145 419 1209 in
448 1146 610 1216 Plancium
632 1158 741 1230 posset
767 1147 888 1212 oboriri
916 1170 957 1212 ex
981 1168 1115 1230 persona
1144 1144 1226 1223 ciris,
1263 1146 1319 1232 qui
1342 1143 1465 1209 divisor

119 1237 257 1306 tuluisse
280 1238 446 1312 videaturt
469 1238 614 1324 qraouiam
638 1243 766 1303 eundem
789 1263 890 1327 neque
914 1262 1004 1304 reum
1025 1235 1156 1314 lecerit,
1180 1261 1282 1323 neque
1303 1237 1397 1301 ullam
1411 1224 1465 1301 vel

159 1343 282 1396 tenerem
304 1332 523 1415 probationem
545 1334 662 1396 babere
684 1334 833 1396 adversus
856 1356 924 1398 erim
945 1333 1103 1417 potuerit:
1133 1354 1197 1417 quo
1226 1335 1370 1396 &nuato
1395 1326 1465 1393 siue?

159 1425 257 1494 dubio
279 1438 508 1510 consequenter
530 1427 690 1491 videretur
712 1428 750 1490 de
773 1424 905 1491 Plancio
928 1425 1187 1508 praeiudicatum.

234 1545 271 1628 2.
299 1550 522 1651 Quibuscum
549 1574 631 1646 me,
656 1551 819 1644 iudices,
844 1558 1065 1648 pugnantem
1082 1573 1184 1623 more
1206 1572 1286 1622 meo
1303 1548 1465 1646 pristino

159 1685 235 1736 uon
260 1662 453 1735 ridebitist
481 1686 554 1735 uon
582 1685 654 1761 quo
681 1661 768 1735 mibi
786 1663 842 1736 fas
866 1662 916 1735 sit
933 1663 1125 1760 quicquam
1144 1661 1340 1761 defugere,
1366 1657 1467 1758 quod

117 1773 261 1854 assalus
288 1774 431 1854 Plancii
456 1774 630 1872 postulet.
647 1768 659 1875 ll

245 1891 301 1974 [Ρ.
326 1888 416 1974 lib]
460 1891 629 1975 Figtnento
660 1894 796 1978 quodam
823 1887 1031 1954 verecundiae
1064 1887 1197 1953 declinat
1228 1907 1295 1953 eam
1326 1895 1463 1968 partem,

160 2006 241 2071 qtrae
264 1983 451 2050 diffiettltatis
467 1984 585 2075 aliquid
598 1989 716 2052 babere
739 1985 881 2049 videatur
902 1987 1053 2047 adversus
1075 1983 1272 2067 quorundam
1286 1977 1466 2044 testimonia

157 2076 345 2153 conterriti
368 2090 400 2141 et
416 2099 479 2144 uon
498 2079 564 2142 sine
577 2080 638 2122 -5
660 2098 789 2163 quaese
807 2098 931 2143 omnem
946 2075 1080 2141 Plancio
1095 2073 1332 2141 sollicitudinem
1348 2074 1464 2137 debere

159 2180 304 2236 testatur.
348 2171 402 2237 Sic
429 2184 461 2236 et
486 2171 648 2257 religioni,
687 2195 778 2255 qaram
811 2169 932 2255 magnis
960 2169 1119 2233 beneficiis
1147 2165 1214 2231 eius
1243 2168 1355 2240 debet,
1389 2163 1465 2229 satis

114 2283 150 2351 ¹to
159 2262 252 2361 iacit,
267 2275 298 2329 et
308 2266 419 2347 pedem
431 2266 528 2334 relect
539 2266 578 2329 ab
592 2265 796 2333 insectatione
809 2264 949 2339 testium,
964 2262 1076 2346 qrribus
1090 2259 1165 2324 dicit
1178 2279 1247 2323 esse
1261 2259 1464 2341 parcendum.

235 2385 398 2468 XXIIII.
427 2388 469 2465 lu
496 2413 590 2487 quo,
617 2389 744 2484 Cassi,
770 2391 803 2465 si
829 2389 897 2466 tibi
921 2389 972 2465 ita
997 2385 1261 2484 respondeam,
1299 2383 1465 2457 nescisse

159 2497 197 2574 id
222 2498 394 2596 populum
421 2499 486 2594 R.‚
521 2493 639 2598 neque
666 2501 799 2596 fuisse,
835 2501 897 2599 qui
921 2495 981 2570 id⁶
1009 2499 1117 2572 uobis
1143 2503 1335 2590 narraret,
1360 2517 1466 2595 prae·

160 2613 288 2690 sertin
315 2620 460 2687 mortuo
487 2610 613 2687 Conco
626 2609 652 2687 ⁷.

243 2726 405 2790 ltrsentiae
426 2727 578 2805 familiae,
602 2747 724 2810 ecqua
744 2725 925 2790 Laterensis
951 2737 1132 2789 contextum
1159 2721 1284 2809 generis
1305 2721 1463 2798 babebat,

117 2825 151 2881 25
161 2821 351 2903 probaturus
387 2834 524 2887 veterem
553 2820 746 2888 nobilitatem
781 2817 909 2883 Cassius
938 2820 1187 2901 praelactaverat
1218 2818 1314 2880 bunc
1334 2814 1464 2879 aedilem

159 2912 264 2999 primo
287 2925 357 2979 ante
382 2913 461 2984 alios
486 2914 560 2978 loco
585 2914 654 2980 iieri
676 2912 852 2979 debuisse⁸.
874 2911 937 2958 --⁹
958 2911 1055 2995 igitur
1079 2909 1111 2973 in
1137 2907 1279 2975 Cassium
1305 2907 1388 2970 lacta
1413 2908 1464 2972 M.

161 3007 283 3075 Tullius
292 3007 319 3045 ¹⁰
340 3019 448 3091 negat,
475 3005 644 3089 populum,
669 3004 699 3071 id
716 3015 787 3081 est.
806 3006 921 3089 attigua
941 3003 1146 3085 inperitorum
1162 3002 1300 3065 iudicare
1322 3003 1465 3082 paenitus

159 3101 199 3163 de
220 3098 354 3166 familiae
375 3100 520 3165 clarioris
535 3099 698 3166 nobilitate
720 3099 878 3181 potuisse.
904 3109 937 3164 ut
956 3096 1079 3163 nonnisi
1094 3096 1260 3177 peritiores
1281 3093 1462 3170 vetustatis,

160 3203 193 3257 et
217 3193 270 3281 qati
292 3192 504 3276 antiquitatem
528 3213 586 3273 per
608 3191 755 3262 historias
776 3191 932 3275 legerint,
955 3191 1033 3252 baec
1055 3188 1136 3255 seire
1161 3188 1307 3251 facillime
1328 3186 1465 3268 possint.

118 3287 267 3367 aratque
287 3285 359 3348 ideo
382 3285 568 3347 mentionem
586 3282 688 3350 Conci
709 3284 831 3348 videtur
846 3283 1089 3364 interposuisse,
1115 3281 1168 3366 qui
1183 3302 1241 3362 per
1255 3280 1329 3342 illud
1345 3292 1465 3361 tempus

159 3380 353 3453 decesserat,
378 3380 474 3445 bomo
496 3376 640 3444 curiosus
663 3388 694 3443 ct
715 3376 847 3462 diligens
868 3380 1021 3443 eruendae
1044 3375 1218 3445 vetustatis.
1263 3377 1345 3439 Nam
1367 3374 1466 3443 hiato·

159 3467 369 3541 urus...·

703 3555 822 3601 tuti
907 3555 924 3595 a

232 3688 254 3740 i.
275 3689 309 3736 tu
327 3689 387 3734 Cod.
407 3688 569 3743 (Wundaruat
588 3684 757 3751 significant.)
794 3686 818 3736 2.
839 3688 977 3732 Versiculos
996 3700 1068 3742 prope
1084 3700 1179 3731 seruos.
1217 3681 1241 3730 3.
1261 3684 1401 3730 Versiculos
1413 3692 1465 3727 easta

295 3759 393 3805 dimidio
412 3771 505 3805 vacuos.
543 3755 569 3803 l.
587 3759 733 3812 (Wunderus
750 3758 874 3812 proposuit
886 3755 1049 3804 contendendi
1054 3769 1065 3810 ‚·
1082 3759 1123 3800 sed
1141 3757 1163 3801 lo
1182 3757 1225 3801 har
1243 3755 1369 3802 latinitate
1387 3749 1466 3806 „etm-

297 3829 390 3876 cultatis
408 3828 601 3892 aliquidnideurr
619 3828 706 3878 babere
725 3840 780 3882 part
796 3826 925 3871 corrteudi”
943 3825 1072 3886 significat:
1092 3824 1217 3872 difficulter
1235 3827 1327 3870 ridetur
1345 3822 1464 3877 contendi,

298 3897 406 3956 delendi,
432 3898 536 3947 obtineri
563 3904 634 3953 possa
659 3900 773 3942 adserens
799 3896 933 3941 testimonia
963 3900 1009 3940 cet.
1042 3894 1100 3950 01.)
1148 3894 1172 3940 ⁵.
1197 3894 1284 3949 supple
1311 3893 1463 3946 uersiculum.

297 3965 322 4014 6.
342 3967 402 4010 Coi.
422 3966 487 4026 quid.
535 3963 558 4012 i'.
577 3967 637 4010 Edd.
658 3965 781 4024 Longino.
826 3963 851 4010 d.
873 3964 933 4010 eod.
952 3963 1075 4014 decuisse.
1115 3963 1138 4010 ⁹.
1158 3964 1246 4018 snppte
1270 3964 1316 4007 duo
1340 3961 1464 4005 vocabala.

299 4033 338 4079 to.
359 4027 526 4094 Codsurtcm
545 4034 653 4083 Tullius.
690 4036 715 4078 lli
729 4049 786 4080 sana
800 4036 870 4079 lectio
882 4039 932 4087 ast,
952 4035 1055 4079 refertur
1073 4034 1117 4077 boe
1137 4033 1285 4089 participium
1302 4033 1330 4074 ad
1348 4031 1464 4075 Graecam

295 4117 394 4159 sotem,
418 4119 476 4163 qaae
495 4106 630 4152 oblitterata
652 4109 687 4148 eat
699 4109 759 4187 ⁶sote
777 4105 865 4162 igitur.
903 4103 978 4161 (Bene
1002 4104 1137 4146 Wunderns
1148 4099 1223 4161 scete
1240 4099 1277 4146 M.
1298 4099 1421 4153 Tettius.)

232 4197 278 4257 52.
297 4195 369 4266 Ergo
389 4197 511 4269 loquitur
531 4195 668 4270 interpres
689 4191 721 4248 de
742 4196 837 4252 Cassio
857 4194 982 4268 Longino
1001 4195 1150 4259 historico,
1183 4196 1226 4247 cui
1246 4208 1381 4265 agnomen
1400 4189 1465 4244 lacit

158 4269 280 4334 Correus,
299 4274 321 4322 sl
342 4285 406 4325 sana
428 4275 512 4329 lectio
533 4287 583 4323 eat.

233 4347 336 4399 xxvt.
351 4357 373 4403 t.
389 4345 470 4418 Quod
484 4345 529 4401 hic
541 4345 617 4399 locus
632 4345 774 4401 Tullianus
791 4348 819 4396 ln
832 4346 931 4397 lacuna
945 4348 981 4396 eit
994 4341 1147 4408 demersus,
1161 4347 1281 4416 apprime
1296 4340 1386 4404 doleo,
1397 4357 1468 4412 qno·

155 4423 231 4471 niam
251 4424 280 4476 in
299 4417 465 4474 editionibus
484 4435 629 4492 corruptus
651 4419 757 4474 videtur
776 4434 803 4472 ct
815 4436 890 4473 certe
903 4417 1087 4472 subobscurus
1101 4434 1150 4474 eat.
1191 4417 1271 4490 Apud
1285 4419 1467 4470 Garatontum

155 4493 212 4554 dno
229 4492 340 4554 codices
359 4495 514 4548 Britannici
534 4495 636 4548 liabent
652 4493 763 4564 putatu
783 4511 831 4566 pro
844 4493 966 4564 putabis.
1005 4493 1105 4551 Noster
1119 4508 1182 4546 vero
1195 4493 1363 4546 scholiastes
1377 4491 1467 4544 lucem

156 4567 275 4639 aliquam
297 4568 429 4628 effunditt
458 4569 565 4624 videtui
584 4573 658 4627 euim
678 4568 771 4622 dicere
791 4569 912 4623 noluisse
932 4568 1075 4623 Plancium
1095 4584 1142 4625 aut
1162 4573 1283 4640 quemvis
1303 4566 1388 4621 alium
1410 4567 1467 4615 La-

157 4647 256 4695 terensi
277 4644 347 4702 male
367 4642 473 4709 dicere,
494 4649 558 4716 quta
577 4647 661 4699 nimis
682 4650 766 4697 iratus
787 4660 854 4698 erat.
892 4645 953 4713 Qua
968 4647 997 4695 in
1012 4662 1039 4696 re
1054 4643 1197 4697 Tarentini
1214 4642 1347 4713 Archytae
1361 4639 1467 4692 dictum

154 4714 311 4797 usumque
329 4715 492 4790 adlectsrit,
511 4722 557 4797 qni
577 4715 683 4779 ideireo
703 4736 794 4776 aereos
815 4722 910 4797 punire
931 4716 1036 4786 noluit,
1056 4722 1187 4794 qnoniam
1207 4721 1292 4773 iratus
1312 4731 1381 4772 erat.
