3210 5280
273 202 323 268 ιιι
347 181 491 270 onus.
513 201 564 267 in
587 199 809 268 cuonmn
831 199 894 265 er
916 172 1182 291 conionum.
1321 192 1383 261 sou

62 354 137 407 rant
169 344 342 425 Pompeiae
374 342 485 407 uxoris
517 341 683 419 Caesaris,
721 361 855 425 querum
891 340 952 405 luit
987 359 1006 404 e
1038 344 1170 407 nurnero
1194 340 1224 414 'i
1260 334 1385 402 Emere

61 440 214 522 quaedam
238 437 383 513 nomine,
418 437 507 500 cetius
531 437 560 500 in
590 436 701 499 cellam
735 437 775 499 Ρ.
808 434 944 502 Clodius
967 432 1154 514 confugisse
1171 435 1383 533 unguebatur.

63 533 116 597 De
138 531 301 615 „stupro”
324 543 427 594 aretem
450 528 659 606 „scelerato”
683 529 771 612 quod
793 529 861 603 uit,⁴
882 529 959 592 illud
973 527 1099 590 videtur
1114 527 1268 591 incestum
1282 524 1385 610 signi·

63 626 171 701 licere,
190 625 279 688 cuius
301 624 427 688 infamia
449 624 534 688 eirca
556 646 704 689 sororem
728 623 873 692 Clodiam
895 621 1163 705 pervolgebatur.

138 731 224 806 Vll.
254 724 289 804 l.
329 731 563 830 „Integritas
591 742 653 806 tus
680 739 718 807 te
744 729 937 832 purgavit,
976 725 1223 825 mihicrede,
1262 726 1409 830 pudors

61 844 252 942 „eripuit,
295 846 372 918 rita
401 854 486 917 ante
513 853 595 918 scta
622 842 820 918 servavit.’'
872 839 1058 942 Quattuor
1084 840 1154 914 tibi
1179 840 1385 916 sententias

62 957 163 1032 solas
191 956 237 1027 ad
262 958 466 1053 perniciem
493 956 666 1030 defuisse.

148 1074 316 1158 Nequam
345 1074 462 1138 hubert
490 1072 624 1138 Clodius
654 1072 819 1137 absolutus
848 1068 1047 1135 innocentiae
1069 1068 1269 1153 dignitatern,
1302 1068 1395 1149 lecte

64 1167 305 1249 comparatione
321 1167 463 1243 numeri,
488 1166 625 1231 ostendit
640 1185 744 1249 prope
758 1166 889 1230 eandem
905 1162 1151 1246 proportionem
1172 1163 1289 1241 luisse,
1306 1182 1388 1249 quae

62 1260 217 1324 damnarit
237 1263 410 1324 incestum:
435 1263 511 1324 uec¹
534 1261 579 1325 illi
593 1259 758 1344 integritas
779 1278 854 1334 sua,
878 1259 934 1320 sed
956 1254 1115 1320 cniusdam
1137 1255 1307 1342 perexigui
1328 1268 1431 1322 ιιι-10

66 1355 145 1418 meri
166 1354 312 1421 felicitas·
323 1355 524 1438 patrocinata
545 1354 601 1418 sit.

144 1474 181 1552 2.
208 1478 302 1556 Nam
328 1479 374 1554 L.
403 1479 550 1580 quidem
577 1478 700 1554 Cotta.

157 1598 221 1661 Hic
242 1597 303 1660 luit
325 1611 439 1662 arictor
460 1597 641 1662 iudiciariae
669 1595 750 1681 legis
772 1593 944 1672 Aureliae,
976 1567 1040 1680 qim
1070 1595 1271 1661 senatoribus
1293 1597 1391 1661 ebro·

68 1693 164 1775 gata²
196 1701 245 1754 est
272 1713 391 1753 summa
422 1702 564 1773 potestas
592 1689 767 1766 iudicandi,
801 1701 833 1753 et
862 1689 1090 1752 communicate
1120 1711 1191 1753 oum
1220 1690 1391 1775 equitibus

68 1784 221 1847 Romanis
242 1796 276 1848 et
297 1785 463 1850 tribunis³
495 1785 643 1864 aerariis,
677 1784 721 1849 ite
742 1796 777 1847 ut
803 1784 834 1846 in
865 1781 990 1847 iudiciis
1011 1795 1095 1847 esset
1116 1782 1220 1880 minor
1241 1805 1433 1860 nnmerum
1461 1790 1464 1795 '

67 1887 264 1942 senatorum.

142 1994 180 2076 3.
209 2001 257 2076 Ut
281 2004 439 2101 posthac
464 2003 547 2104 lege
573 2002 726 2079 Aurelia
750 2001 864 2076 iudex
890 1984 1075 2077 essenon
1100 2004 1233 2104 possit.

156 2121 263 2184 Paene
285 2122 410 2205 quidem
435 2122 507 2185 veri
530 2121 632 2185 simile
654 2142 719 2186 non
746 2131 821 2208 est2,
849 2123 936 2203 quod
958 2141 1034 2203 prae
1056 2141 1091 2184 se
1113 2120 1223 2185 tulisse
1245 2122 1287 2187 P.
1311 2118 1393 2187 Clo-

68 2213 152 2277 dium
176 2214 271 2290 dicit,
305 2216 468 2297 pecuniam
499 2236 534 2279 se
559 2228 781 2298 recepturum,
816 2235 880 2299 quta
909 2213 1080 2277 sententies
1109 2226 1229 2278 emerat
1257 2236 1390 2292 eorum,

67 2307 179 2393 quise
201 2307 331 2371 erimine
354 2311 553 2373 liberassent.
598 2308 685 2389 Quid
706 2308 786 2371 euim
811 2318 893 2371 esset
918 2308 983 2372 hoo
1008 2306 1150 2383 stultius,
1174 2330 1270 2392 quum
1293 2320 1436 2394 semetzp

67 2403 171 2484 ipsum
201 2402 261 2463 hac
290 2402 525 2486 praedicatione
553 2405 761 2465 damnandum
792 2399 1148 2481 luisseconfiteretur,
1183 2399 1243 2465 nisi
1273 2401 1392 2466 iudices

67 2494 289 2579 corrupisset?
329 2497 393 2560 Sed
423 2519 487 2560 non
517 2498 671 2560 abhorret
699 2496 801 2559 afide
822 2496 886 2556 hoc
908 2493 1026 2557 dixisse
1049 2492 1198 2558 Clodium
1226 2516 1266 2558 eo
1289 2505 1393 2559 temen

66 2589 259 2671 proposito,
294 2611 359 2675 quo
382 2589 575 2673 significaret
597 2589 796 2653 innocentem
817 2610 852 2652 se
876 2588 1054 2672 principum
1082 2589 1115 2651 vi
1137 2601 1169 2653 et
1193 2588 1394 2654 inimicorum

136 2802 161 2847 l.
182 2803 216 2847 lte
230 2803 360 2849 Comme.
398 2804 445 2848 Sed
463 2805 555 2848 videtur
572 2804 697 2851 dicendum
710 2817 741 2848 ne
748 2803 865 2861 ;(srrque
879 2805 953 2848 vetnit
964 2802 1076 2848 Schuetz.
1114 2804 1205 2848 Contre
1225 2803 1285 2850 ttstt
1296 2801 1394 2864 Beier.)

207 2868 232 2917 2.
253 2873 314 2917 Cod.
334 2874 442 2933 adroget
458 2879 513 2928 eet,·
531 2888 591 2932 qnne
604 2876 696 2918 ridetur
708 2873 778 2918 etieio
794 2875 924 2931 queedem,
944 2887 1004 2930 qnee
1022 2878 1101 2919 umen
1120 2874 1144 2918 ie
1163 2873 1252 2919 Codice
1267 2874 1395 2923 Ciceronis

208 2943 236 2987 de
258 2956 311 2998 rep.
334 2944 405 2988 eliter
428 2941 512 2997 tieret,
542 2958 625 3000 nempe
643 2943 768 3003 abrogato
786 2949 818 2987 et.
856 2939 882 2987 ³.
902 2943 984 2988 Codex
1005 2942 1077 2988 hebet
1096 2946 1261 2988 tantummodo
1282 2958 1396 2992 commee-

210 3013 296 3055 nr'rutn
313 3026 369 3058 eum
386 3014 500 3058 romanie
518 3013 640 3057 cerariis.
685 3013 738 3072 Ego
763 3021 806 3068 pro
830 3013 944 3057 roennnie
968 3013 1114 3068 scripseram
1135 3012 1254 3058 tridente.
1302 3016 1395 3061 Verum

209 3087 286 3126 temen
300 3085 371 3127 etiem
384 3082 508 3142 spuitione
525 3085 576 3128 inre
598 3083 689 3138 optimo
707 3084 771 3126 eddlt
790 3083 820 3129 Ν.
841 3086 874 3137 (et
892 3082 986 3135 Beier.)
1023 3082 1108 3140 Utique
1127 3083 1244 3128 Aesonius
1262 3083 1297 3128 eit
1313 3085 1342 3130 ed
1358 3086 1396 3128 dr.

207 3153 280 3196 sinet.
300 3154 322 3195 iu
344 3153 418 3200 Vere.
440 3153 482 3197 ΙΙΙ.
502 3151 623 3198 Aurelius
643 3150 712 3197 Cotto
730 3153 811 3213 Iegem
827 3149 900 3210 sert.
939 3158 966 3197 ne
984 3159 1114 3198 eenutoree
1132 3158 1157 3197 et
1178 3154 1273 3212 equites
1295 3152 1396 3198 romoni

208 3235 239 3264 oe
256 3221 352 3265 tribuni
372 3223 471 3267 nernrie'
488 3224 565 3267 ee'mul
582 3222 703 3269 iudicent.
739 3223 771 3266 Et
788 3224 818 3266 ed
837 3227 901 3270 oret.
915 3222 934 3266 l.
958 3236 1002 3278 pro
1015 3223 1114 3267 Cornel.
1134 3221 1271 3269 sublinem.
1289 3221 1395 3270 Arretio

210 3292 266 3349 lege
302 3292 486 3335 eornnrtmicutn
509 3292 605 3336 iudicio
629 3293 695 3336 inter
721 3298 853 3338 senatores
880 3299 903 3337 et
928 3297 1065 3350 equeetrem
1092 3291 1205 3336 ordinem
1235 3299 1259 3340 et
1281 3291 1395 3341 erttnnoe

210 3360 337 3407 uererioe.
372 3363 438 3406 tdem
464 3362 557 3406 dixerut
578 3365 607 3412 ed
633 3363 732 3407 eandem
750 3364 883 3407 cretionem
902 3376 948 3406 non
966 3364 1050 3417 procot
1069 3362 1147 3407 initio.

166 3487 191 3536 t.
213 3478 376 3534 Pluterchue
398 3484 425 3533 tu
446 3481 582 3534 Cicerone
602 3482 682 3535 hutue
703 3481 820 3534 enctllee
840 3498 942 3535 nomen
963 3478 1055 3553 prodit
1071 3484 1196 3549 Aurem,
1209 3477 1397 3559 Αὕραντοῦ-

70 3573 164 3682 ippum.
205 3558 304 3684 Vlernrn
325 3555 397 3609 idem
414 3560 447 3648 ‘ln
462 3559 583 3682 §specte
603 3557 713 3635 Ἁβραν
726 3559 809 3683 (ppos
823 3572 864 3683 cele
878 3556 1026 3684 eppeltlpp‘bo
1040 3557 1203 3686 eucp'qlteenm
1218 3562 1396 3628 communie.)

106 3646 179 3682 ιιιιι.
234 3648 307 3682 mmo
328 3648 392 3683 sero
413 3651 441 3683 ιιι
492 3649 570 3682 tera
589 3639 737 3685 nominee
769 3648 829 3685 etur
861 3647 935 3685 stete
1022 3650 1064 3685 ra.
1120 3651 1227 3690 meon.

165 3709 192 3762 6.
214 3706 300 3758 Verba
321 3707 390 3759 heec
410 3712 546 3759 orationis
568 3710 595 3759 ln
618 3711 646 3761 Ρ.
668 3706 799 3761 Clodium
820 3697 1025 3776 eQuiniilieno
1045 3707 1117 3765 luet.
1137 3709 1214 3764 Vlll.
1231 3710 1260 3766 6.
1280 3723 1397 3778 serente,

71 3780 141 3831 mtht
163 3786 190 3832 tn
209 3781 272 3833 loco
294 3786 347 3834 hoc
367 3781 527 3834 collocanda
547 3781 720 3837 videbantur.

99 3851 100 3857 ’
167 3860 193 3910 7.
215 3859 356 3925 Quoniam
378 3856 505 3910 t'lodtuur
526 3857 631 3910 tudtcee
652 3858 742 3912 XXV.
757 3856 970 3921 damnaverant,
991 3859 1096 3913 XXXI.
1110 3853 1300 3924 absolverent,
1320 3874 1395 3931 petet

71 3947 167 3981 eorum
187 3949 323 3984 summam
343 3929 427 3984 fuisse
448 3933 534 3996 tvl,
555 3936 634 3985 cuiue
655 3931 801 3985 dimidium
824 3933 954 3987 xxvttt.
993 3933 1086 4000 Quum
1109 3936 1194 3999 igitur
1209 3933 1396 3991 undam-

71 4011 213 4071 nivenen,
245 4023 375 4076 quattuor
401 4005 546 4061 defuerunt
573 4012 726 4061 sententiae
759 4007 793 4060 ed
822 4007 1009 4063 excedendum
1036 4007 1203 4072 dimidium,
1236 4025 1334 4083 nempe
1362 4008 1396 4064 sd

72 4081 197 4139 xxix:
218 4098 286 4152 quse
307 4087 330 4135 st
351 4079 519 4149 adfuissem,
537 4082 629 4137 Ctedtt
650 4083 810 4150 demersio,
829 4082 857 4137 td
876 4099 935 4149 eet,
955 4088 1092 4156 pernicies
1111 4098 1184 4136 reret
1203 4099 1308 4139 secute.

149 4155 192 4210 1-t.
213 4158 374 4212 Paterculus
395 4160 431 4212 ll.
452 4163 500 4218 52.

150 4235 193 4285 17.
215 4231 321 4286 Tullius
342 4235 403 4287 hetc
424 4249 451 4287 et
473 4238 608 4306 truerpres
638 4237 666 4286 iu
694 4233 745 4287 due
773 4237 969 4287 commentarit
997 4230 1090 4297 dicere
1117 4230 1260 4300 vtdentnr‚
1291 4234 1397 4292 ludices

71 4304 239 4372 Clodianos,
268 4311 292 4360 ei
313 4314 429 4382 pecunie
450 4309 513 4361 ders
533 4309 703 4380 spolientur,
730 4314 785 4362 tarn
807 4327 861 4362 non
883 4324 962 4381 poree
981 4325 1041 4361 esee
1061 4307 1166 4361 tudtcee
1188 4308 1246 4381 lege
1267 4311 1396 4377 duecils,

72 4387 137 4454 quie
159 4399 243 4434 ceuen
263 4390 342 4437 omitt
363 4401 485 4438 carenni.
534 4385 615 4437 Certe
643 4383 716 4436 tdem
743 4384 852 4438 Tullius
879 4383 927 4436 ltb.
950 4386 969 4437 l.
991 4382 1024 4435 ed
1046 4390 1131 4436 dnm.
1151 4387 1233 4455 epist.
1256 4387 1328 4440 xvt.
1349 4403 1398 4442 soe

71 4462 183 4526 inopiae
204 4472 284 4509 causa
305 4459 426 4514 deridet:
455 4465 601 4512 nonenim
621 4479 748 4530 essequam
768 4466 879 4530 turpior
898 4465 928 4510 ire
947 4459 1012 4511 ludo
1032 4459 1138 4510 talario
1157 4476 1301 4510 consessus
1315 4461 1397 4532 luit,

70 4534 208 4583 maculosi
233 4547 394 4600 retentores,
422 4538 527 4587 tribunt
552 4554 609 4587 note
635 4545 694 4587 tam
719 4542 828 4600 aerati,
858 4553 956 4605 putatu,
986 4542 1017 4586 nt
1045 4528 1240 4603 appellantur,
1272 4541 1398 4598 aerarii}

73 4608 157 4660 veluti
186 4612 238 4659 iem
264 4626 346 4682 snpra
375 4616 548 4682 scripsimus.
595 4610 630 4664 Et
651 4609 761 4680 quidem
784 4612 930 4681 Pompeius
953 4615 979 4661 tn
1001 4608 1124 4663 secuetdo
1143 4609 1288 4664 consulatu
1308 4611 1398 4684 legem

72 4682 274 4756 promulgavit,
305 4701 335 4738 ιιι
354 4705 387 4740 ex
408 4685 578 4758 amplissimo
599 4702 685 4739 censu
704 4703 730 4739 et
751 4691 884 4738 centurtts
905 4683 971 4739 lectt
993 4687 1117 4747 ludices,
1146 4700 1231 4755 ecque
1253 4701 1344 4741 temen
1365 4708 1398 4744 ex

73 4758 172 4815 iisdem
194 4758 285 4814 tribur
304 4763 465 4831 ordinibus,
496 4761 661 4816 iudicarent.
703 4761 773 4816 Vide
794 4765 946 4816 Aeeoutum
972 4759 1006 4814 ed
1034 4763 1211 4815 l'isouteuem
1238 4760 1289 4817 snb
1308 4762 1398 4820 finem.
