3210 5280
316 208 366 271 ut
394 209 537 273 ottAT.
562 209 623 275 DE
646 203 773 276 AERE
799 212 976 276 AblENO
1000 210 1212 276 ntteottts.
1362 207 1424 272 att

191 347 420 431 Copiosissima
446 361 476 412 et
505 351 672 413 vehemens
702 351 884 424 exsecutio,
914 363 1064 432 utsupra
1100 350 1187 424 dixi,
1220 371 1309 414 reram
1332 351 1370 411 de
1393 349 1425 412 vi

75 517 77 526 Ι
106 444 301 505 constituens
330 444 378 505 P:
397 442 566 519 Clodium,
602 445 691 507 cuius
721 467 773 509 res
799 458 907 529 gestae
934 466 1042 508 ornnes
1072 444 1148 507 nihil
1176 466 1311 533 tanquam
1338 455 1425 505 tran·

106 536 270 621 quillitatis
294 535 442 599 habuisse
464 536 647 611 videantur,
671 540 726 600 sed
749 537 853 601 statim
880 540 1023 619 coeperit
1048 539 1092 601 ab
1112 536 1426 630 adtelescentiofu·

106 654 195 694 rere.
240 634 334 694 Ιαηιι
369 630 455 693 exilii
484 630 532 692 sui
560 633 751 695 mentionem
783 654 877 715 quam
906 633 1065 698 subtiliter
1097 644 1128 694 et
1157 633 1320 710 consulte,
1356 654 1425 703 ‚nott

106 724 287 805 specialiter
302 747 359 786 uec
383 725 582 799 nominatim,
607 729 663 788 sed
683 747 742 806 per
763 728 843 788 hanc
859 727 1096 810 generalitatem
1119 725 1243 788 intulit!
1267 725 1451 806 Quoniam‘t

105 830 173 880 erat
196 817 314 901 aliquid
336 840 405 879 cum
431 841 486 882 sua
514 820 604 883 laude
627 818 788 895 dicturus,
819 820 1021 892 „eiciendust
1045 832 1111 895 est,
1135 818 1255 902 inquit,
1280 840 1322 882 ex
1344 821 1442 882 urbe·

104 908 182 972 civis
198 923 311 973 auctor
326 925 356 975 et
372 925 480 975 custos
493 914 617 987 salutis,
632 913 707 987 otii,
728 913 908 998 dignitatis,
927 914 1041 978 lidei”.
1085 916 1177 977 Haec
1192 912 1341 998 quoniam
1358 913 1425 977 silai

104 1004 321 1083 honorifica³
342 1008 471 1080 emnil,
496 1006 587 1090 qnasi
604 1010 641 1070 de
657 1007 784 1092 aliquo⁵
807 1009 1015 1092 loqueretur,
1033 1007 1175 1086 induxit,
1198 1029 1237 1071 ne
1256 1029 1319 1090 pro
1339 1008 1426 1073 inso-

105 1097 202 1160 lenti⁶
225 1111 257 1160 et
279 1097 505 1163 iactantissimo
529 1103 711 1164 baberetur.

180 1216 217 1296 3.
245 1223 494 1297 Inclndendus
522 1206 620 1298 intra
646 1229 822 1323 parietes.
1439 1265 1469 1314 nt

188 1341 326 1403 Videtur
348 1353 378 1403 ct
402 1340 465 1406 Cn.
491 1343 669 1424 Pompeio⁷
691 1345 770 1406 idem
785 1343 922 1411 Clodius
943 1342 1071 1407 insidias
1093 1345 1267 1426 paravisse.
1312 1344 1425 1429 Itaque

105 1435 268 1498 oratorie⁸
291 1435 413 1497 laudem
437 1436 571 1500 subiecit
592 1439 655 1501 hoc
676 1438 862 1504 inferendo:

180 1558 217 1634 tl.
246 1561 317 1660 Qui
343 1561 470 1659 populi
487 1561 533 1636 li.
552 1564 754 1660 ,imperium
781 1588 856 1637 uon
884 1574 1069 1637 terrarum
1097 1564 1331 1662 regionibus,
1359 1562 1426 1636 sed

103 1673 196 1745 caeli
222 1677 392 1771 partibus
419 1676 643 1749 terminavit.

187 1793 264 1856 Hoc
284 1792 367 1856 enim
389 1792 433 1855 ita
454 1793 667 1875 superiectum
691 1803 757 1865 cst,
782 1802 815 1856 ut
836 1802 868 1856 et
891 1793 1048 1874 Pompeio
1071 1793 1268 1855 blandiretur
1290 1802 1322 1854 et
1345 1790 1425 1857 Clo·
1439 1812 1468 1860 ts

102 1885 187 1947 mum
211 1886 300 1969 qttasi
322 1888 444 1951 hostem
460 1887 621 1968 publicum
645 1893 828 1965 denotaret,
856 1885 910 1972 qni
932 1885 1036 1949 virum
1059 1899 1123 1949 tam
1145 1884 1356 1950 necessarium
1379 1885 1426 1948 rei
1458 1927 1460 1933 ·

102 2000 138 2061 p.
160 1977 220 2062 ipsi
243 1978 371 2062 eripere
394 1993 527 2046 conatus
548 1982 601 2045 sit.

180 2104 229 2177 ll.
258 2098 293 2178 l.
320 2105 400 2180 Nee
425 2131 517 2182 vero
544 2116 620 2181 tum
647 2108 847 2182 timendum
873 2108 964 2205 tuit,
990 2133 1101 2207 quum
1129 2108 1321 2180 cessimus.

134 2238 137 2242 ’
188 2221 277 2285 Bene
300 2223 445 2287 elocutus
466 2235 513 2288 est
534 2227 572 2287 dc
595 2225 693 2288 exilio
715 2247 794 2301 sno,
819 2229 905 2311 quod
930 2226 1038 2289 maluit
1061 2224 1286 2288 discessionem
1303 2243 1422 2287 vocare

103 2336 196 2400 quam
225 2338 374 2398 pocnam.
430 2320 475 2382 Et
504 2317 572 2382 aliis
598 2319 797 2383 orationibus
826 2319 970 2384 similiter
994 2319 1172 2394 coloravit,
1208 2338 1309 2400 neque
1339 2325 1468 2378 metum

103 2431 208 2492 neque
230 2411 290 2472 ulla
314 2411 507 2476 conscientia
530 2411 693 2476 criminum
717 2435 749 2476 se
766 2415 912 2477 maluisse
927 2413 1108 2490 discedere,
1132 2416 1187 2479 sed
1201 2409 1425 2496 praecavisse⁹

100 2501 230 2584 potius,
254 2525 293 2567 ne
314 2508 353 2567 ad
375 2525 461 2568 arma
481 2525 541 2588 per
562 2506 748 2571 seditionem
773 2508 948 2571 veniretur.

178 2623 215 2700 2.
242 2628 400 2703 Eosdem
427 2632 474 2702 ad
500 2632 648 2706 caedem
676 2635 807 2705 civium
836 2632 881 2706 de
909 2633 1105 2731 Apennino
1132 2632 1329 2705 deduxisti.

187 2745 286 2825 Quasi
309 2748 513 2812 haecomnia
537 2748 568 2811 in
585 2747 775 2814 Catilinae¹⁰
797 2750 917 2814 socium
944 2749 1148 2825 dicerentur,
1171 2750 1216 2812 ita
1232 2749 1423 2814 mentionem

102 2838 206 2901 attulit
228 2839 407 2921 Apennini,
432 2863 525 2925 quem
552 2863 653 2924 nuper
678 2843 732 2905 ille
758 2865 828 2906 cunt
853 2843 999 2908 exercitu
1021 2842 1217 2908 obtinuerat.
1435 2865 1467 2913 25

178 2957 215 3036 3.
243 2964 447 3064 Lapidibus
474 2967 547 3039 duo
575 2968 748 3041 consules
775 2969 1002 3042 cecideruut.

186 3081 251 3148 Cn.
279 3070 452 3147 Domitium
480 3084 649 3149 Calvinum
673 3097 703 3147 ct
731 3087 782 3149 lll.
811 3087 977 3150 Valerium
1011 3086 1209 3150 Messallam.
1265 3088 1336 3150 Nec
1365 3087 1424 3149 alia
1534 3108 1538 3119 ·

99 3175 160 3239 init
183 3196 294 3250 causa,
328 3199 386 3239 cur
408 3191 535 3240 senatus
558 3193 810 3253 convocaretur,
846 3201 938 3264 qnam
965 3179 1017 3244 illa
1042 3181 1235 3263 praecipua,
1270 3183 1359 3264 quod
1382 3183 1423 3244 P.

101 3268 236 3334 Clodius
258 3269 385 3334 inmissa
408 3270 632 3336 seditiosorum
650 3294 742 3335 mann
757 3273 885 3335 comitia
902 3277 1106 3350 turbaverat,
1130 3295 1211 3357 qttac
1226 3275 1424 3337 habebantur

100 3365 139 3427 dc
162 3366 347 3429 consulibus
369 3366 685 3451 creandis,quum¹¹
708 3378 791 3429 essct
812 3366 905 3431 etiam
929 3368 1014 3433 Milo
1037 3367 1232 3433 candidatus.
1436 3395 1467 3444 3⁰

106 3535 510 3548 -ι--ῄ

171 3647 194 3697 t.
214 3649 277 3694 llaec
295 3649 352 3693 miti
372 3649 511 3694 ridebantur
531 3651 670 3705 supplenda.
708 3647 733 3698 2.
752 3650 787 3694 lta
805 3651 859 3695 cod.
879 3664 940 3694 nunc
957 3649 1102 3705 eiciendus,
1121 3655 1145 3694 at
1158 3652 1268 3707 superius
1280 3652 1421 3699 eiciendus.

234 3717 260 3764 3.
278 3720 386 3773 Spatium
404 3718 544 3771 inColice,
564 3721 626 3776 qnod
643 3720 768 3765 videbatur
786 3721 820 3764 sic
838 3722 988 3776 explendum.
1027 3719 1052 3765 4.
1072 3720 1165 3765 nunus
1187 3726 1290 3778 spatium
1318 3724 1341 3767 iu
1360 3724 1421 3768 (lod.

240 3787 265 3833 5.
286 3789 322 3834 lta
342 3789 403 3833 (lod.
430 3790 530 3848 aliquo,
558 3790 603 3834 nisi
625 3790 700 3835 maris
721 3792 847 3835 emendare
874 3790 935 3836 elin.
985 3788 1010 3834 6.
1035 3790 1096 3835 cot.
1123 3791 1267 3835 insolentie.
1308 3789 1330 3839 l.
1359 3793 1420 3837 Cod.

237 3857 347 3916 Pompei.
384 3856 409 3903 ὅ.
430 3860 490 3902 Cod.
510 3859 647 3903 oratoriae.
692 3856 716 3906 9.
737 3861 799 3904 (lod.
814 3859 1006 3916 praesecuisse.
1051 3857 1092 3905 lll.
1113 3860 1148 3904 lta
1168 3862 1270 3920 corrigit
1290 3861 1320 3905 ll.
1339 3862 1422 3906 Codes

238 3931 300 3974 enim
314 3927 371 3973 mihi
383 3928 507 3974 ridebatur
520 3928 608 3975 babere
619 3925 764 3975 Cutiliarum.
803 3928 995 3975 theonem.
1026 3929 1422 3991 (l'ortcsse2tnm,punm.02.)

177 4090 222 4142 ll.
244 4083 273 4138 ld
294 4103 405 4156 prorsus
426 4085 551 4139 adfirmat
571 4086 671 4141 cicero
690 4103 741 4159 pro
761 4084 823 4140 Mll.
844 4086 908 4140 Vll.

176 4161 220 4216 tt.
241 4159 314 4214 ldem
334 4161 433 4214 Cicero
454 4166 482 4214 tn
502 4161 588 4218 end.
610 4163 662 4217 lll.
685 4172 728 4220 tl.
748 4165 786 4215 att
807 4164 971 4235 Pompeium
985 4158 1065 4236 fines
1091 4159 1209 4215 Romani
1235 4167 1346 4234 Imperii
1365 4180 1421 4215 non

84 4244 212 4299 terrers,
231 4235 283 4287 sed
299 4238 370 4287 caeli
390 4239 552 4305 regionibns
570 4243 745 4292 terminasse.

176 4316 220 4365 20.
242 4311 309 4364 Vidc
330 4319 492 4385 praesertim
514 4330 563 4386 pro
578 4313 669 4367 Sestio
683 4313 879 4380 tlt-xxm,
898 4311 945 4365 obt
959 4311 993 4365 de
1007 4310 1091 4365 exilio
1103 4330 1171 4378 sno,
1193 4317 1221 4367 tn
1236 4312 1308 4386 qnod
1322 4330 1422 4386 sponte

99 4384 253 4457 protectum
275 4387 408 4453 sedicit,
440 4393 635 4461 copiosissime
654 4393 711 4461 sgtt
732 4387 841 4442 Cicero.
892 4387 960 4442 Vide
988 4391 1073 4441 enam
1100 4406 1150 4462 pro
1169 4387 1252 4442 domo
1272 4390 1422 4455 uult,

98 4478 150 4533 pro
170 4461 232 4513 ΜίΙ.
255 4462 326 4515 xtV.
349 4463 478 4517 Paradox.
500 4463 546 4517 lV.

174 4539 219 4593 23.
239 4536 390 4593 Confirmat
412 4539 439 4592 ld
460 4539 492 4591 de
513 4538 611 4594 ctsdto
630 4540 731 4596 Cicero
750 4555 800 4613 pro
820 4539 882 4594 Mil.
902 4540 968 4593 lib:
987 4556 1088 4593 servos
1099 4547 1229 4610 agrestes
1241 4549 1269 4592 et
1281 4540 1420 4593 barbaros

97 4628 135 4661 ex
155 4614 303 4681 Apennino
321 4613 489 4669 derleexerat.

175 4688 219 4744 26
239 4688 305 4740 Duo
332 4709 382 4761 pro
407 4690 485 4742 duos.
524 4692 611 4745 Porro
639 4687 769 4748 clodium
797 4694 828 4745 tn
852 4692 976 4747 comltlts
1004 4688 1110 4764 lapides
1140 4686 1282 4746 tacteodos
1311 4708 1422 4749 curasse

99 4765 176 4816 testis
196 4779 238 4819 est
258 4764 358 4820 cicere
377 4785 427 4842 pro
446 4765 511 4822 Mll.
537 4767 597 4824 XV.
