3210 5280
452 172 503 237 ru
525 172 670 239 nunu.
693 173 788 278 eno
811 172 855 254 o.
879 171 1093 239 uranum.
1143 147 1145 150 ’
1325 257 1332 270 .
1376 172 1438 237 tu

116 324 265 397 tempore
287 311 396 376 Varus
424 310 455 376 in
488 310 599 376 Africa
633 325 765 396 praetor
793 313 910 377 luerat.
966 312 1020 376 Sic
1046 311 1209 395 placuerat
1237 309 1350 389 Alris,
1384 324 1437 392 ut,

116 431 216 493 quum
237 428 272 470 se
294 406 480 482 obtulisset,
504 407 610 470 statim
634 409 728 470 fieret
748 407 923 488 imperator
943 405 976 469 in
991 405 1105 469 Africa
1123 418 1236 470 contra
1252 404 1437 471 Caesarem.

116 500 294 584 Navigavit
319 502 454 564 Tubero
476 522 546 563 cnm
575 502 680 565 Pansa
701 512 804 583 patre.
849 500 958 581 Quum
980 499 1120 562 venisset
1144 502 1185 562 ad
1208 498 1352 562 Africam
1376 516 1439 582 pro

116 591 297 676 Pompeio,
328 593 487 656 mandavit
510 593 572 656 illis
594 596 723 658 Varus:
761 593 955 668 ,Decedite;
979 593 1039 657 iarn
1071 615 1134 676 ego
1159 604 1255 658 teneo
1280 593 1437 658 Africam.

117 686 324 769 Pompeianis
352 687 520 750 commissa
553 688 637 751 est.’'
694 688 841 762 Interea,
875 683 956 748 sicut
986 684 1067 747 dixit
1097 683 1229 760 Livius,
1264 705 1464 768 oppressuss

116 791 167 846 est
198 781 332 844 Tubero
359 791 391 842 et
421 781 543 853 Pansa3
579 781 731 864 fugerunt
757 783 797 844 ad
829 776 1036 860 Pompeium,
1070 795 1177 861 quirun·
1194 792 1438 861 quaererentur.
1515 804 1520 809 ·

116 875 208 939 lnter
234 874 291 936 has
324 892 430 936 moras
461 874 645 955 supervenit
677 872 778 939 Curio
803 875 843 936 ad
871 872 1030 937 Africam.
1089 871 1203 935 Victus
1233 884 1280 935 est
1309 893 1327 935 a
1356 873 1439 936 luba

116 988 197 1054 rege
223 966 340 1031 Curio.
385 964 555 1030 Mandavit
577 969 686 1031 Varus
708 971 747 1032 ad
775 966 984 1051 Pompeium:
1015 967 1127 1039 „Scias
1155 964 1328 1030 Curionem
1352 966 1439 1030 occi·

117 1083 187 1124 surm
209 1082 278 1123 esse
300 1059 331 1123 in
347 1061 481 1136 Africa,
503 1071 556 1123 tua
579 1072 626 1124 est
649 1060 855 1143 provincia.''
898 1059 1084 1123 Gratulatus
1114 1058 1288 1143 Pompeius
1311 1060 1440 1124 vocarit

118 1155 326 1218 Tuberonem
349 1165 380 1216 et
411 1155 562 1218 Pansam.
606 1153 716 1234 „Quid
740 1152 932 1239 querimini?
953 1152 1073 1236 inquit,
1097 1164 1128 1215 et
1156 1152 1200 1215 illi
1226 1152 1327 1216 nostri
1348 1164 1482 1228 suntne

117 1266 181 1330 pro
210 1245 304 1310 nobis
333 1245 560 1322 dimicarunt,
579 1268 644 1311 non
672 1269 803 1330 possum
833 1267 892 1310 vos
920 1244 1117 1308 vindicare.'’
1161 1244 1296 1310 Occisus
1325 1258 1439 1328 postea

119 1338 309 1422 Pompeius.
354 1340 582 1404 Perseveranit
603 1340 634 1404 in
658 1343 754 1404 armis
782 1340 850 1404 sola
876 1337 1001 1404 Africa.
1046 1338 1097 1402 lbi
1123 1331 1317 1421 periclitatus
1340 1359 1440 1423 usque

119 1436 160 1498 ad
183 1445 360 1497 extremum
387 1433 520 1499 Caesar.
565 1436 657 1499 Unde
683 1436 795 1496 oderat
816 1455 873 1497 eos
897 1434 949 1496 rel
973 1433 1127 1509 maxime,
1157 1433 1211 1515 qui
1236 1433 1268 1496 in
1294 1433 1439 1498 Africam

117 1527 264 1601 fuerant,
295 1526 368 1615 qttia
394 1527 453 1590 iam
481 1549 544 1591 non
570 1549 631 1609 pro
656 1526 793 1591 Caesare
821 1528 1003 1610 pugnabat,
1038 1527 1093 1588 sed
1121 1525 1304 1609 pertinacia.
1348 1528 1440 1591 Unde

117 1620 328 1685 inexorabilia
357 1621 407 1683 vel
433 1622 567 1684 maxime
595 1621 700 1684 fuerat
733 1620 802 1694 his,
837 1619 891 1704 qui
922 1616 954 1681 in
984 1618 1095 1682 Africa
1128 1631 1240 1682 contra
1269 1619 1438 1684 Caesarem
1451 1636 1481 1684 t:

119 1725 338 1796 susceperant.
377 1712 495 1776 Victus
509 1726 556 1777 est
573 1713 604 1776 in
620 1710 733 1777 Africa
747 1725 858 1794 postea
875 1713 955 1777 luba
971 1734 1046 1778 rex:
1070 1714 1194 1776 occisus
1209 1725 1256 1777 est
1272 1713 1439 1789 Petreius;

120 1805 246 1870 occisus
263 1806 369 1882 Cato,
387 1806 511 1869 occisus
527 1806 655 1889 Scipio,
676 1805 789 1870 occisis
804 1805 947 1887 patribus
962 1805 995 1868 in
1013 1805 1139 1870 Africa.
1183 1805 1336 1890 Ligarius
1351 1807 1441 1870 latuit

120 1921 268 1982 semper;
292 1902 464 1983 quaerebat
485 1901 571 1963 illum
599 1903 638 1962 ad
666 1899 827 1962 interitum
854 1897 1039 1962 Caesareo
1063 1911 1228 1982 tempore,
1264 1923 1329 1986 quo
1355 1901 1442 1964 dedit

119 1993 349 2078 indulgentiam
378 1993 541 2058 Marcello
568 1995 619 2056 vel
645 1991 780 2055 maxime
811 1991 951 2056 inimico.
996 1993 1091 2074 Spem
1121 2004 1298 2075 coeperunt
1323 1993 1440 2057 fratres

120 2087 247 2171 Ligarii
268 2108 364 2169 posse
385 2088 522 2162 habere,
553 2086 687 2151 collecta
717 2082 913 2148 multitudine
941 2084 1066 2167 populi.
1109 2086 1285 2169 Postquam
1314 2078 1483 2170 ignoritt'u

120 2179 283 2244 Marcello
297 2179 329 2241 in
344 2192 473 2254 senatu,
497 2179 605 2261 coepit
624 2178 716 2264 quasi
735 2178 873 2260 populus
891 2179 1055 2242 Romanus
1078 2199 1139 2261 pro
1162 2179 1301 2262 Ligario
1316 2190 1439 2261 petere.

118 2272 215 2337 Stetit
236 2271 357 2337 Caesar
371 2273 497 2336 dubius.
543 2272 649 2351 Quum
670 2273 770 2336 vellet
790 2291 891 2354 paene
911 2271 1099 2354 ignoscere,
1122 2273 1262 2335 surrexit
1283 2274 1440 2347 'l'ubero,

120 2367 174 2432 cui
195 2366 256 2430 iam
279 2365 503 2450 indulgentiam
526 2369 674 2443 dederat,
698 2379 730 2432 et
751 2367 848 2430 dixit:
871 2365 927 2440 „in
948 2365 1092 2430 Africam
1113 2366 1210 2431 tuir.”
1247 2366 1315 2429 Scit
1336 2366 1437 2442 enim,

119 2459 196 2546 quia
219 2478 275 2523 eos
297 2459 431 2522 maxime
453 2460 698 2539 exsecrabatur,
723 2462 778 2548 qni
802 2460 832 2523 iu
858 2459 973 2524 Africa
994 2459 1136 2523 suerunt.
1181 2459 1322 2524 Accusat
1344 2461 1448 2526 modo.

121 2556 256 2618 Turbero
279 2553 328 2616 vel
356 2555 464 2617 Pansa
488 2565 580 2635 pater
608 2553 689 2618 eius.
743 2554 906 2619 Accusant
932 2550 1117 2638 Ligarium,
1151 2554 1239 2636 qttotl
1265 2552 1297 2616 iu
1329 2553 1441 2618 Africa
1451 2567 1483 2616 2⁵

119 2647 196 2713 luit.
239 2645 342 2710 Adest
363 2646 408 2710 illi
431 2645 563 2711 Cicero.
607 2646 868 2712 Status-venialis
892 2667 1095 2728 percarum,
1119 2667 1180 2729 per
1201 2644 1442 2729 imprudentiam

120 2751 153 2803 et
175 2759 233 2822 per
255 2739 488 2803 necessitatem.
542 2739 638 2805 Omni
659 2740 757 2824 igitur
779 2752 870 2823 parte
899 2737 1057 2803 consistit.
1108 2738 1332 2803 Narrationem
1362 2759 1442 2821 pro·

121 2835 248 2897 bannus.
290 2833 400 2895 Gentis
425 2853 539 2897 causae
559 2832 761 2909 admirabile3
796 2836 882 2917 quod
902 2832 962 2896 iste
985 2831 1053 2898 odit
1077 2853 1185 2907 rerua3
1219 2834 1308 2916 quod
1329 2833 1442 2896 odiosa

121 2946 259 3009 persona
283 2935 331 2987 est
352 2924 498 2990 Caesari.
552 2926 591 2989 ln
622 2927 682 2989 ista
710 2925 857 2990 oratioue
887 2947 946 3009 per
970 2925 1104 2991 ironiam
1127 2947 1195 2990 esse
1215 2925 1371 3010 principia
1392 2925 1441 2989 iu·

121 3020 323 3103 tellegamas.
1021 3062 1025 3070 -
1452 3039 1486 3090 ιο

207 3111 292 3193 Cap.
316 3112 345 3176 l.
369 3112 401 3175 l.
424 3111 562 3176 Nouum
584 3109 728 3190 crimen]
751 3109 817 3175 Per
837 3109 1030 3175 irrisionem.
1074 3111 1183 3192 Lapsa
1206 3123 1253 3175 est
1274 3109 1442 3174 admirabi-

122 3206 207 3269 litas.
253 3204 409 3289 Magnum
425 3205 542 3266 crimen
561 3203 680 3277 allero,
705 3203 778 3288 qttia
799 3205 829 3267 in
845 3204 956 3268 Africa
971 3205 1121 3290 Ligarius
1136 3203 1217 3280 luit;
1240 3203 1313 3288 qnia
1328 3207 1444 3269 oderat

122 3300 229 3364 locum
252 3296 388 3361 Cacsar.
432 3297 511 3360 Ideo
532 3316 614 3380 ergo
635 3294 689 3358 ille
715 3296 820 3360 locum
843 3296 960 3361 obiecit
982 3296 1116 3363 Caesari
1137 3299 1283 3362 Africae.

207 3389 427 3474 Propinquus
443 3390 565 3471 'merssJ
603 3388 780 3454 Dicebatur
809 3390 892 3455 enirn
925 3393 1060 3456 Turbero
1091 3412 1238 3457 sororem
1275 3389 1445 3457 Ciceronis

123 3485 251 3550 duxisse
274 3504 421 3548 uxorem.
1156 3536 1161 3560 ί
1375 3469 1408 3528 9*
1454 3509 1487 3560 ις

152 3600 157 3607 “
209 3579 317 3663 quue
340 3580 379 3644 C.
401 3578 530 3658 Pansa]
558 3576 678 3640 irridet
698 3589 820 3660 patrem
842 3576 951 3643 etiam.
1457 3659 1460 3666 Ι

208 3670 356 3755 Ingenio
382 3670 577 3754 praestanti
594 3667 738 3760 fretus]
780 3671 933 3735 Fortasse
965 3670 1037 3758 quia
1062 3670 1132 3756 ipse
1162 3672 1267 3737 Pansa
1297 3672 1447 3736 voluerat

123 3766 268 3833 Africam
293 3773 416 3839 tenerc;
446 3763 489 3829 C.
512 3765 617 3828 Pansa
645 3783 708 3826 nou
731 3784 824 3827 ausus
848 3776 932 3828 essct
957 3765 1020 3828 boc
1041 3765 1166 3839 dicere,
1190 3765 1250 3828 nisi
1272 3765 1373 3829 lretus
1395 3764 1444 3827 la-

124 3857 318 3924 tniliaritate.
361 3860 443 3922 Nam
469 3855 497 3921 si
528 3856 646 3919 crimen
669 3867 751 3918 esset
774 3867 880 3921 tenere
905 3857 1067 3933 Africam,
1099 3858 1169 3939 ipse
1203 3860 1321 3922 crimen
1350 3859 1387 3920 de
1409 3876 1444 3920 se

124 3955 340 4039 intellegeret.
383 3955 488 4018 Pansa
512 3950 593 4014 enim
620 3951 658 4012 ad
674 3948 817 4012 Africam
841 3951 1042 4013 obtinendam
1065 3974 1134 4014 cum
1158 3952 1225 4016 lilio
1249 3963 1390 4016 venerat.
1454 3979 1487 4029 ω

202 4119 228 4167 1.
243 4109 402 4180 placuerat]
424 4106 490 4161 Sch.
508 4134 546 4148 -
561 4105 703 4176 placauerat
723 4102 758 4157 G.
778 4104 834 4158 Gr.
871 4110 898 4164 ὅ.
920 4107 961 4157 An
972 4107 1135 4158 venissent?
1173 4111 1200 4166 5.
1218 4107 1291 4161 Nota
1306 4107 1445 4160 tothvtt

123 4181 445 4251 fragmentum-eorum
465 4177 680 4235 collectionibus
700 4176 824 4230 nondum
845 4182 988 4235 insertum.
1027 4183 1053 4239 fs
1073 4183 1101 4234 t.
1121 4199 1236 4252 quaeum
1253 4191 1445 4254 quererentur.

123 4259 179 4315 0⁸.
219 4263 263 4317 11.
276 4257 413 4329 suerunt]
447 4256 484 4312 G.
513 4256 564 4312 Gr.
591 4270 630 4308 ω
656 4258 751 4305 terant
778 4250 811 4306 ds
833 4253 943 4307 Graerll
971 4261 1105 4309 sententia
1126 4256 1192 4311 Scb.
1231 4256 1302 4311 tbtd.
1323 4257 1448 4310 Caesare

120 4333 282 4406 pugnabat]
303 4333 339 4387 G.
361 4333 413 4388 Gr.
435 4346 474 4385 oo
491 4329 622 4402 Pompeio
636 4328 805 4399 pugnabant
825 4327 858 4381 de
877 4332 988 4382 Graesll
1015 4336 1152 4384 sententia
1178 4332 1246 4388 Sela.
1299 4336 1345 4390 15.
1367 4333 1396 4386 1¹.
1414 4337 1448 4384 trs

74 4425 78 4431 ⁴
124 4407 233 4480 Africa
252 4425 344 4461 arna.
363 4407 418 4462 Oa.
458 4413 503 4465 17.
524 4410 626 4458 cedris
640 4403 782 4480 patr-lbera]
802 4403 902 4469 ,torn
918 4405 1065 4475 partibus,
1085 4422 1132 4460 aut
1156 4413 1262 4459 occisus
1281 4407 1446 4462 Labtemu.'’

124 4485 234 4538 Graan.
283 4484 343 4536 Hoc
370 4486 476 4554 recepit
502 4480 568 4536 Sela.
591 4483 635 4537 19.
655 4479 873 4546 indulgentiam]
906 4485 946 4534 tte
967 4482 1078 4535 Graerlt
1098 4488 1171 4536 cont.
1192 4483 1255 4536 Scb.
1273 4511 1311 4525 -
1335 4482 1447 4534 tutelli-

123 4565 251 4629 gantiam
271 4560 306 4613 G.
327 4557 377 4612 Gr.
425 4550 473 4616 23.
493 4556 638 4628 Asrtcam]
669 4554 706 4609 G.
728 4553 778 4609 Gr.
797 4582 835 4596 -
855 4553 962 4625 Africa
981 4557 1045 4609 seb.
1095 4556 1165 4611 lbld.
1185 4559 1254 4629 scr't]
1284 4557 1319 4611 G.
1338 4557 1388 4611 Gr.
1407 4571 1447 4610 ω

123 4633 230 4687 sciebas
249 4633 316 4689 Βοὴ.
352 4636 400 4690 21.
410 4629 548 4702 fuerunt]
567 4632 603 4686 G.
622 4630 672 4683 Gr.
691 4643 729 4681 ω
739 4626 866 4699 fuerant
886 4627 949 4682 Sela.
1000 4633 1046 4689 26.
1064 4632 1122 4704 1111]
1142 4633 1176 4690 de
1194 4634 1307 4690 Graertt
1326 4648 1448 4688 correct·

125 4708 192 4766 act.
224 4738 256 4755 -
285 4709 333 4763 1111
359 4706 396 4765 G.
425 4706 478 4764 Gr.
526 4707 663 4777 stipas]
683 4703 749 4761 ach.
769 4732 806 4747 -
824 4707 878 4776 lpas·
896 4704 933 4760 G.
952 4703 1004 4761 Gr.
1447 4741 1450 4753 .
