3210 5280
229 213 289 277 136
558 212 856 281 SCHOLIASTA
878 216 1221 284 GRONOVIANUS

226 375 288 435 pro
323 353 426 436 capite
459 353 533 418 mihi
570 355 682 420 Roscii
717 354 882 421 dicendum
915 357 972 433 sit,
1015 356 1180 422 reduviam
1209 355 1357 421 curem.”
1418 357 1565 423 Stultitia

227 460 328 510 atatem
353 447 465 512 medici
487 459 555 526 est,
581 461 615 510 ut
641 471 703 533 pro
731 452 834 533 eapite
862 451 1056 534 panaricium
1083 463 1186 515 curet.
1231 453 1424 516 Notandum
1459 465 1565 516 autem

228 552 293 617 est,
333 536 405 625 quia
431 545 517 607 bona
547 543 743 607 defendenda
767 546 827 609 sibi
854 549 925 621 dat,
960 544 1071 626 capitis
1099 543 1274 628 periculum
1304 546 1453 610 Roscio.
1504 547 1566 609 Sed

228 634 304 698 dicit
333 638 412 699 haec
438 639 522 700 bona
554 659 620 702 non
646 639 873 722 concupiscere
902 637 1071 716 Roscium,
1104 640 1159 702 sed
1189 648 1329 716 tantum,
1367 649 1405 703 ut
1433 638 1564 704 infamia

203 728 390 812 sparricidii
413 741 541 795 careat..

311 825 502 890 Reduniam
522 827 654 908 curem]
691 827 838 893 Reduvia
859 840 907 892 est
934 826 1049 891 vulnus
1078 847 1120 890 ex
1147 847 1274 912 ungue,
1309 829 1403 911 quod
1432 828 1562 893 Graece

227 918 423 1002 panaricium
444 920 572 983 dicitur.

313 1014 396 1096 Cap.
419 1016 535 1078 XLV.
560 1015 635 1079 130.
666 1018 737 1081 Cur
757 1019 892 1081 tantulo
913 1013 1094 1096 venierint]
1127 1014 1192 1080 Hic
1217 1013 1399 1080 ostenditur
1422 1014 1559 1080 lurtrrm.

229 1111 332 1173 Tanta
355 1129 407 1172 res
430 1130 564 1189 parvum
586 1109 723 1191 pretium
745 1111 866 1174 habuit.

185 1221 216 1270 1ο
313 1203 387 1266 131.
410 1202 503 1285 Quid
525 1202 710 1284 miramur,
734 1203 879 1283 iudices]
901 1202 1002 1267 Venit
1023 1204 1062 1266 ad
1090 1200 1208 1266 Sullam
1225 1212 1258 1265 et
1280 1203 1393 1267 tacuit.
1442 1202 1558 1268 Noluit

227 1320 358 1363 servare
380 1298 669 1381 comparationem,
694 1298 767 1382 quia
789 1297 848 1360 scit
869 1297 1005 1380 figurata
1028 1318 1110 1361 esse.

563 1397 624 1459 Ex
646 1395 721 1457 loco
743 1391 934 1474 deperdito.

310 1492 352 1554 In
376 1489 448 1551 uico
469 1487 654 1567 Pallacine]
676 1488 787 1549 Locus
809 1484 863 1547 ubi
885 1494 1080 1548 coenaverat
1102 1482 1253 1548 Roscius.

311 1585 336 1657 †
357 1580 521 1646 Maxime
543 1592 636 1643 metu
656 1591 695 1645 ut
716 1582 849 1643 Sullam
870 1578 1013 1658 seilicet]
1042 1577 1179 1642 Decibat
1201 1590 1317 1642 tamen.
1363 1578 1409 1641 Et
1436 1577 1482 1642 ait
1503 1599 1552 1653 se,

186 1677 258 1740 isid
280 1688 347 1751 est,
371 1675 586 1757 suspicionem
610 1674 742 1738 selamin
759 1673 852 1737 alium
870 1674 1007 1736 deducit.
1052 1674 1128 1737 Hoc
1149 1671 1231 1735 euim
1256 1672 1382 1735 dicebat
1405 1670 1552 1754 Chryso·

227 1792 350 1857 genus:
385 1771 484 1844 „Non
504 1771 587 1853 quia
607 1767 716 1844 timui,
740 1790 780 1830 ue
806 1768 880 1830 inihi
906 1767 1095 1831 tollerentur
1121 1767 1204 1829 bona
1228 1765 1359 1841 Roscii,
1384 1766 1462 1830 ideo
1489 1768 1551 1829 eliis

225 1865 354 1947 praedia
378 1863 541 1947 dissipavi.
585 1865 650 1928 Sed
679 1860 752 1947 quia
783 1861 1003 1937 acdificabam,
1035 1863 1066 1926 iu
1097 1861 1306 1925 Veientanam
1329 1862 1407 1927 ideo
1435 1865 1476 1926 de
1504 1863 1550 1925 his

225 1956 406 2020 transtuli.”
702 1986 704 1991 ·

308 2055 424 2117 Manu
442 2052 588 2135 praedia
607 2050 777 2134 praediis]
812 2047 974 2128 Praediis,
999 2048 1188 2126 occasione3
1210 2051 1482 2135 quemadmodum
1506 2050 1548 2114 di·

181 2161 213 2211 20
224 2145 339 2210 cimus:
363 2147 416 2209 lac
439 2149 477 2208 ad
499 2168 621 2208 manum
644 2147 732 2209 illum
755 2143 912 2209 codicem.

307 2240 372 2307 Hic
398 2262 464 2324 ego
485 2242 608 2305 audire
630 2241 717 2305 istos
737 2235 852 2320 cupio]
875 2239 911 2300 ln
928 2237 991 2301 hoo
1005 2235 1109 2319 capite
1124 2239 1162 2298 de
1177 2236 1320 2319 potentia
1337 2236 1547 2323 Chrysogoni

221 2332 370 2397 invidiam
400 2332 495 2409 facit,
531 2346 564 2396 ui
590 2343 753 2397 enumeret
783 2330 909 2414 singula
935 2330 1114 2407 deliciarum
1142 2350 1278 2414 genera,
1314 2335 1404 2416 qiiod
1434 2333 1546 2395 habeat

221 2429 331 2509 plures
348 2427 587 2509 possessiones,
605 2426 775 2508 mancipia;
799 2446 880 2510 quac
895 2424 1000 2489 omnia
1015 2423 1090 2486 dicit
1104 2426 1143 2486 de
1157 2423 1276 2506 rapinis
1290 2425 1397 2508 ipsum
1412 2428 1543 2491 habere.

308 2521 388 2603 Cap.
410 2521 542 2584 XLVI.
568 2520 641 2583 133.
664 2522 843 2603 Authepea
862 2518 936 2602 ilia]
970 2517 1137 2600 Auihepsa
1160 2538 1215 2580 vas
1241 2519 1429 2602 aquarium,
1462 2522 1545 2606 qriod

178 2637 210 2687 rs
222 2615 383 2679 interiecta
406 2614 519 2679 lamina
543 2614 706 2678 lubricatis
731 2625 798 2677 arte
818 2612 1005 2677 fornacibus
1027 2612 1248 2694 compendium
1269 2624 1402 2695 portat,
1425 2611 1544 2697 portati

220 2710 311 2774 simul
330 2710 414 2794 iguis
436 2707 589 2773 contrarii
612 2706 756 2771 clementi
781 2707 909 2770 delensa
932 2705 1088 2770 vicinitas.

306 2807 379 2868 131.
403 2803 628 2884 Lecticarios]
651 2800 838 2867 Lecticarii
852 2801 1014 2888 dicuutur,
1040 2799 1096 2890 qui
1110 2799 1245 2866 maiores
1260 2798 1388 2865 nobiles
1403 2812 1541 2885 portant,

220 2898 308 2963 utin
332 2899 479 2963 Verrinis
502 2897 649 2982 legimus.

304 2992 425 3058 Animi
438 3005 471 3056 et
486 2991 639 3070 aurinum]
661 2989 769 3057 Animi
789 3001 852 3069 est,
877 3001 911 3053 ut
932 2986 1159 3072 pantomimum
1180 2999 1383 3071 spectemus,
1408 2991 1541 3069 aurium,

176 3087 451 3156 iocitlraroedum.

303 3181 376 3244 135.
399 3184 433 3246 Α
455 3203 561 3244 carisa
581 3179 770 3260 existimet]
794 3178 832 3242 Id
854 3191 921 3253 est,
946 3189 1076 3261 aparte
1103 3177 1244 3241 Sullana.

302 3275 386 3357 Cap.
411 3276 563 3339 XLVII.
587 3277 660 3338 136.
685 3279 748 3340 Me
767 3295 834 3356 pro
855 3274 916 3337 illa
931 3272 1027 3337 tenui
1040 3271 1266 3357 infirmaque]
1290 3272 1362 3340 Pro
1378 3276 1539 3355 Mariana,

215 3391 278 3453 pro
302 3369 459 3454 equitibus
484 3369 659 3432 Romanis!
975 3368 981 3380 '

302 3467 417 3546 Quum
440 3462 591 3525 maxime
613 3461 792 3545 voluerim]
823 3460 862 3524 Id
887 3471 952 3537 est,
976 3462 1059 3525 bella
1081 3462 1198 3527 civilia.

174 3573 205 3624 35
301 3559 374 3620 137.
399 3557 686 3622 Animadversum
707 3568 759 3618 est
780 3556 816 3618 in
838 3556 910 3636 eos]
934 3556 971 3619 Id
994 3566 1061 3632 est,
1086 3556 1118 3620 in
1142 3557 1326 3623 Marianos.

300 3652 337 3716 Si
358 3651 531 3714 idacium
552 3663 604 3714 est
625 3648 767 3732 idcirco]
797 3649 914 3712 Sensus
937 3650 1026 3714 talis:
1049 3672 1131 3728 non,
1156 3651 1276 3737 iuquit,
1299 3652 1425 3721 idcirco
1447 3667 1540 3738 puta·

215 3766 282 3808 mus
316 3746 461 3809 Sullanas
490 3756 598 3827 paries
631 3755 744 3808 contra
773 3745 939 3808 Illarianos
974 3766 1059 3809 arma
1087 3745 1215 3824 tulisse,
1248 3759 1285 3811 ut
1314 3750 1540 3815 restitueretur

290 3955 315 4006 1.
335 3948 493 4015 redimiam]
523 3948 588 4001 Sela.
622 3978 653 3988 -
686 3947 801 3999 redubin
827 3944 863 4001 G.
889 3977 927 3991 -
955 3947 1100 4001 redubianr
1125 3951 1176 4005 Gr.
1228 3956 1256 4007 2.
1271 3956 1464 4021 ponariciurn]
1487 3954 1540 4020 ⁸,l³.

212 4022 412 4101 παρογύχιυγ.
451 4024 499 4076 Sic
519 4023 552 4075 ad
573 4029 726 4096 marginem
748 4025 874 4076 Vossiani
889 4022 957 4078 Cod.
972 4039 1031 4077 erat
1044 4039 1060 4075 r
1074 4025 1191 4096 quodum
1204 4025 1413 4081 emendaturus·
1434 4029 1541 4084 Gauri.

214 4101 408 4167 “Sotiatium
429 4115 521 4152 tamen
542 4104 633 4172 potuit
650 4104 827 4169 panaricium
846 4115 896 4172 pro
916 4100 1035 4152 reduvia
1055 4097 1156 4154 dicere.
1194 4103 1243 4156 Sic
1257 4101 1411 4175 Appuleius
1425 4102 1460 4154 de
1472 4110 1540 4160 virt.

211 4174 287 4229 herb.
308 4193 331 4227 c.
352 4178 397 4235 45.
436 4176 531 4228 Nouri
552 4176 653 4226 medici
673 4179 826 4247 graviorem
853 4173 1005 4244 digitorum
1031 4174 1158 4229 morbum
1178 4178 1232 4231 hoc
1250 4181 1363 4230 nomine
1384 4178 1537 4250 appellant:

211 4249 274 4325 (der
293 4249 524 4318 I'ingern·urrn.)’'
551 4251 686 4303 Scuunrz.
724 4250 750 4306 4.
770 4246 906 4320 infamia]
926 4251 977 4306 Gr.
997 4250 1127 4327 (lurtum
1147 4271 1181 4306 ex
1199 4269 1250 4306 tuo
1269 4254 1455 4329 apogrtpho.)
1476 4254 1539 4308 selu

209 4323 348 4397 -fama
368 4326 404 4379 G.
443 4328 469 4382 9.
486 4328 619 4395 patorem]
640 4326 705 4380 Scir.
718 4343 865 4395 -porum
884 4327 920 4380 G.
941 4328 993 4382 Gr.
1033 4331 1079 4386 15.
1099 4329 1255 4397 Pullariae]
1277 4326 1313 4382 G.
1327 4357 1363 4372 -
1378 4330 1539 4383 Pallori-ine

210 4400 260 4454 Gr.
281 4401 346 4453 Sela.
387 4403 586 4469 tumetum]
609 4404 788 4478 “Legendum
808 4402 935 4457 metieiti’
956 4404 1092 4463 Sonuere.
1131 4412 1176 4466 15.
1197 4408 1299 4473 „naec
1319 4404 1453 4459 mendosa
1474 4420 1537 4460 tuot

208 4491 261 4528 nec
280 4474 362 4529 facile
382 4474 572 4546 corrigenda.”
593 4479 728 4535 Sonuere.
768 4480 812 4535 16.
832 4482 908 4550 qraia]
931 4478 1071 4550 Supplevit
1085 4483 1152 4537 Sela.
1194 4487 1238 4540 17.
1259 4475 1328 4533 (306·
1341 4479 1537 4535 Befeolwom·

208 4555 255 4607 19.
276 4554 302 4604 F.
323 4557 499 4619 manupretio
519 4550 560 4604 vel
579 4561 765 4626 manupretio.
786 4555 842 4610 On.
882 4560 927 4613 21.
949 4554 1140 4628 Chrysogoni]
1162 4558 1197 4614 G.
1218 4559 1269 4614 Gr.
1288 4569 1327 4607 oo
1346 4554 1536 4628 Chrysogono

207 4626 272 4679 sch.
312 4631 356 4683 oi.
376 4629 538 4697 operarium]
561 4628 597 4683 G.
621 4631 670 4684 Gr.
690 4662 729 4673 —
747 4635 890 4683 aerarium
910 4632 975 4686 Seli.
1014 4637 1060 4690 25.
1079 4633 1282 4706 compendium]
1303 4659 1341 4673 -
1360 4632 1403 4686 De
1418 4632 1532 4687 Graevii

206 4706 279 4755 coni·
300 4703 423 4754 calidam
443 4703 507 4755 Sch·
545 4707 592 4762 50.
610 4705 812 4775 citharoedum]
833 4707 868 4762 G.
889 4705 940 4762 Gr.
961 4735 997 4750 -
1017 4715 1050 4761 ut
1068 4711 1135 4767 eiii.
1155 4710 1222 4769 Seli.
1259 4704 1305 4769 51.
1325 4708 1400 4781 Lege
1419 4726 1453 4762 ex
1474 4712 1533 4764 Cic.

205 4775 279 4846 qreod
297 4783 419 4830 maximo
437 4778 523 4830 volari.
