3210 5280
555 249 604 313 lu
629 244 992 313 CORNELIANAM.
1388 242 1428 308 6⁵

198 393 237 458 ln
249 412 318 477 qno
331 411 411 454 cnm
420 389 532 453 multu
543 388 740 469 reprehenso
750 389 833 460 sint,
849 394 921 447 torn
931 386 966 446 in
975 386 1093 466 primic
1104 384 1259 448 celeritas
1270 384 1429 446 notionis.

204 483 411 549 Celeriiatcm
428 479 559 544 actionis
574 478 747 563 significet,
766 476 838 561 quie
855 473 1024 549 Manilius,
1048 476 1129 537 cient
1144 475 1202 537 iain
1222 473 1427 546 ostendimus,

116 587 195 660 poet
220 574 376 658 pauculos
401 571 506 635 statim
539 571 621 649 dies,
662 592 755 654 quain
784 569 896 634 inierat
919 567 1130 668 tribuentium,
1167 569 1270 653 legem
1301 570 1429 630 candem

117 667 353 751 conpitalibuc
374 665 517 747 pertulit.

198 761 318 824 Petivit
338 767 450 821 tomen
470 778 493 822 α
513 777 564 822 ine
583 765 683 838 poter
695 759 849 820 moe-imo
863 760 1123 835 contestatione,
1145 766 1182 820 nt
1197 776 1339 820 coucam
1353 755 1456 819 Mle-⁵

118 847 200 910 uitii
216 847 439 928 defenderem.
981 850 984 855 “

202 939 229 1013 †
252 935 393 1002 Cattium
415 931 543 1001 celsum
564 934 740 1020 significat,
763 934 844 997 sicut
865 934 924 998 iem
946 945 1017 997 ente
1039 933 1154 997 dicium
1177 944 1237 996 cst.

489 1084 624 1147 vens.
647 1083 680 1148 A
702 1082 853 1150 PRIMO
876 1078 1077 1148 ncoccn.
1441 1114 1490 1174 ..η

203 1204 297 1272 Dicit
317 1207 356 1268 de
378 1207 489 1269 codem
512 1203 637 1266 Manilii
657 1204 835 1268 tribunatu:

202 1299 297 1363 Nom
318 1318 398 1363 oum
419 1300 446 1360 ie
469 1297 619 1360 tribunus
639 1296 744 1377 plebio
765 1297 849 1359 dune
863 1297 953 1378 leget
967 1297 1097 1361 tulisset
1111 1299 1145 1360 in
1160 1317 1200 1360 eo
1214 1300 1433 1381 magistratu,
1445 1312 1476 1363 ti

122 1410 230 1455 unam
249 1390 497 1471 perniciosum,
518 1388 664 1451 alterurn
685 1388 879 1467 egregium,
911 1392 930 1459 †
951 1387 1047 1469 qnod
1063 1407 1197 1448 sommo
1217 1407 1269 1450 ree
1289 1386 1435 1469 publica

124 1501 191 1544 non
211 1481 338 1542 nocuit:
370 1477 429 1540 ceti
447 1476 489 1538 ub
511 1477 575 1540 illo
605 1477 680 1554 ipen
708 1483 750 1537 tr.
778 1473 949 1539 abiectum
974 1485 1023 1538 eet
1051 1475 1175 1539 bonum
1201 1485 1315 1541 autem
1343 1476 1438 1560 quoti

124 1588 259 1632 cemma
280 1587 390 1648 reepu.
410 1575 522 1629 monet
543 1569 578 1627 in
599 1567 698 1627 vestri
716 1564 836 1628 ordino
856 1608 865 1627 .
886 1606 1088 1630 .........
1108 1608 1117 1626 .
1138 1564 1305 1630 diem..
1325 1610 1333 1626 .
1345 1566 1435 1645 fnit.

126 1704 194 1750 nire
213 1694 234 1729 ff
252 1701 334 1750 Ceen.
354 1724 389 1740 -
408 1694 550 1767 ,Cerolne
570 1693 698 1765 Sigoniue
717 1691 863 1765 legendum
884 1706 960 1765 putet
978 1694 1098 1744 consulis
1116 1700 1204 1745 arneie
1222 1699 1297 1760 iure,
1316 1711 1345 1748 nt
1359 1695 1392 1748 de
1405 1696 1437 1751 L.

124 1774 199 1846 Syllo
219 1771 337 1830 contule⁴
353 1769 537 1845 accipietne.’'
567 1768 709 1824 MANUT.
735 1773 764 1819 in
784 1766 851 1822 edit.
872 1785 958 1840 poen.
987 1794 1020 1811 -
1051 1768 1156 1822 Gelliue
1178 1768 1339 1833 Aloetenue.
1367 1787 1437 1825 teuc

124 1849 158 1901 T.
176 1851 298 1920 Poptne,
327 1846 401 1898 hono
426 1844 520 1899 locum
544 1849 585 1897 cic
612 1842 810 1896 restituendum
832 1848 953 1896 censuit:
984 1845 1082 1897 Armis
1101 1844 1195 1916 Syllae
1214 1863 1437 1917 oppressorem

124 1928 204 1975 tiene
222 1928 274 1974 eet.
292 1950 331 1962 —
348 1921 416 1989 ,Ire
435 1936 476 1973 eet
495 1924 580 1972 etiam
601 1923 630 1972 in
650 1935 711 1970 meo
730 1917 793 1970 MS.
815 1918 885 1989 lege
905 1923 964 1971 eine
984 1916 1083 1972 dubio:
1103 1925 1163 1970 iure
1182 1938 1343 1991 oppressuee
1367 1936 1436 1993 qnae

125 2012 183 2050 ene
203 1996 334 2049 colemnie
352 1991 477 2049 formula.
517 1993 631 2048 Sueten.
657 1991 707 2044 inl.
727 1996 772 2052 76.
787 2001 985 2064 praegravant
1003 2001 1097 2049 tannen
1115 2003 1210 2047 cetera
1220 1993 1313 2067 sacia
1331 2012 1385 2050 cet.
1404 2003 1437 2052 ne

124 2075 187 2125 iere
204 2087 304 2124 mene
320 2066 523 2123 existimetur.¹'
551 2067 688 2124 cunni.

223 2189 250 2238 t.
267 2183 342 2252 sine]
368 2189 434 2232 sunt
452 2180 547 2253 sigon.

222 2263 250 2311 2.
268 2260 345 2327 qreic]
370 2253 454 2328 Lugd.
473 2256 538 2308 Hct.
560 2255 637 2308 Men.
657 2254 738 2307 Creo.
761 2284 792 2296 -
814 2263 845 2306 ut
864 2255 958 2310 Ptine.
977 2251 1040 2309 Atd.
1056 2283 1095 2298 -
1112 2253 1187 2326 quod
1202 2254 1311 2309 Benld.
1331 2253 1399 2312 Lod.

202 2329 277 2385 ibid.
295 2331 445 2397 Manilius]
469 2331 599 2408 Manlius
616 2327 684 2382 Lod.
704 2328 814 2401 ubique.

220 2410 248 2465 5.
267 2407 369 2473 legem]
389 2423 468 2473 egem
487 2407 586 2470 Princ„

215 2485 243 2540 5.
259 2483 355 2551 pater]
376 2480 466 2535 Princ.
486 2479 620 2552 probante
639 2477 791 2550 Madvigio.
811 2506 850 2520 -
864 2484 982 2549 praetor
1000 2474 1109 2533 Bereld.
1128 2476 1191 2534 uid.
1210 2478 1279 2532 Lod.
1298 2506 1335 2522 ι-
1350 2496 1437 2551 prae.

125 2563 191 2609 tore
210 2554 297 2627 Lugii.
317 2554 380 2608 llot.
399 2554 477 2608 Man.
496 2554 577 2606 Creu.
1319 2618 1323 2623 ⁵

208 2631 285 2683 ibid.
303 2629 520 2700 contestatione]
540 2625 602 2681 Atel.
623 2642 649 2681 et
669 2643 743 2698 eeqq.
762 2655 798 2671 -
816 2630 1016 2681 constitutione
1035 2628 1128 2682 Princ.
1147 2625 1254 2681 Bertld.

221 2709 248 2761 7.
268 2704 394 2757 Cottium
413 2704 532 2770 Celsum]
553 2704 583 2755 C.
603 2702 760 2755 Cornelium
779 2700 866 2772 Lngd.
885 2702 949 2754 Hot.
969 2704 1044 2756 Men.
1066 2703 1148 2757 Creo.
1175 2702 1272 2772 „tatu
1292 2704 1359 2757 haee
1378 2721 1437 2760 ente

126 2794 255 2853 appeten
282 2778 441 2832 Cornelium
460 2782 535 2832 enim
554 2777 717 2849 eigoiiitcri,
737 2776 770 2828 le
790 2792 843 2846 qno
862 2780 921 2848 ipse
938 2779 1036 2832 Cicero
1055 2777 1198 2842 narrabit,
1218 2783 1353 2833 Aecontue
1373 2795 1438 2833 eene

127 2872 185 2908 non
202 2869 341 2913 noeueete
370 2869 397 2906 et
422 2870 477 2925 quo
502 2867 627 2923 epeetent
653 2850 700 2903 ille
724 2854 795 2903 sicut
814 2851 977 2907 nectutem
997 2851 1063 2907 h.l.
1088 2853 1246 2906 Cornelium
1273 2857 1436 2925 cigniticnri‚

80 2948 84 2953 ·
127 2926 440 3000 nonantuliani,
469 2944 557 2998 neque
583 2925 673 2978 dicere
699 2941 835 2998 potuerit.
872 2925 986 2980 Scilicet
1006 2927 1103 2980 Cicero
1123 2931 1151 2983 li.
1170 2927 1191 2982 l.
1213 2928 1297 2981 elium
1318 2931 1439 3002 aliquem

128 3004 274 3057 hominem
300 3007 412 3055 nomine
439 3021 494 3055 non
522 3005 612 3072 poeiic
632 3001 809 3071 significavit,
839 3003 886 3071 qui
906 3005 966 3072 quie
986 3017 1071 3069 eecet,
1104 3005 1234 3057 ticonius
1258 3019 1337 3056 antee
1358 3006 1437 3061 dixti.

129 3078 244 3151 Optime
271 3082 356 3148 igitur
383 3076 470 3131 editio
489 3079 518 3130 le
547 3076 654 3128 Petivit
679 3083 773 3128 tomen
800 3093 819 3126 a
837 3093 880 3127 me
897 3074 1039 3136 PATElle
1070 3077 1168 3130 deinde
1193 3083 1308 3130 cottirnn
1336 3081 1439 3132 celsum

127 3152 296 3227 significet,-
324 3152 499 3206 scribendum
519 3150 625 3203 videtur
644 3149 675 3201 C·
696 3154 805 3202 Attium
824 3151 950 3216 Celsum,
980 3167 1009 3204 nt
1029 3151 1083 3204 hoc
1109 3149 1190 3205 foerie
1210 3154 1331 3207 Cornelii
1351 3159 1438 3228 patrie

128 3246 247 3292 nomen,
267 3232 313 3297 qui
334 3245 415 3300 quum
435 3230 596 3281 eCicerone
615 3225 791 3277 uehementer
809 3230 942 3296 pelleret,
962 3238 992 3280 ut
1006 3227 1151 3280 Manilium
1165 3224 1339 3293 defenderet,
1359 3247 1440 3283 ocen-

129 3319 234 3356 eetoeee
259 3321 293 3355 ex
319 3322 352 3356 eo
371 3317 500 3375 opponere
525 3300 756 3365 criminabantur,
785 3301 945 3354 Cornelium
970 3301 1081 3355 Manilii
1108 3307 1248 3356 actionum
1273 3311 1438 3378 participem

127 3375 223 3431 iniere.
275 3378 317 3430 De
336 3379 390 3431 hoc
409 3380 541 3430 Aeconine
563 3391 642 3429 antee
663 3373 749 3443 dixit,
778 3378 833 3427 niei
853 3373 1001 3428 admodum
1020 3375 1119 3444 infler,
1144 3382 1173 3432 in
1192 3378 1290 3431 lncune
1310 3379 1357 3433 iile
1377 3397 1438 3453 ρας.

127 3452 173 3511 94.
192 3452 278 3508 Hot.”
309 3452 428 3506 Mcov,

221 3528 246 3582 8.
272 3543 327 3579 cm.
348 3524 415 3580 Lod.
436 3522 521 3597 Lngd.
797 3531 841 3581 10.
860 3528 897 3595 ie]
916 3523 960 3577 tie
979 3520 1074 3600 Sigon.

201 3608 247 3658 11.
265 3601 462 3669 perniciosum]
493 3603 674 3673 pernitiosam
694 3602 784 3654 Princ.
805 3598 913 3671 ubique.

203 3680 320 3734 11-13.
339 3675 412 3745 quod
430 3706 448 3718 -
467 3705 486 3719 -
504 3705 523 3718 -
533 3671 621 3743 sicit]
654 3677 745 3729 Princ.
777 3705 807 3716 -
838 3675 911 3746 quod
933 3692 1041 3729 summa
1064 3677 1236 3748 respublica
1254 3696 1310 3731 non
1328 3679 1438 3750 licerii,

128 3749 179 3803 ced
201 3750 237 3800 ab
263 3751 311 3801 illc
335 3756 396 3821 ipso
421 3757 459 3802 tr.
484 3749 620 3799 obiectum
646 3758 704 3814 eet,
735 3751 834 3805 bonum
859 3760 952 3802 autem
969 3751 1044 3822 qteod
1059 3769 1166 3804 summo
1186 3771 1275 3823 respu.
1297 3766 1390 3808 manet
1408 3763 1440 3809 ire

128 3829 220 3877 vestri
237 3824 347 3876 ordinis
365 3842 447 3876 manu
458 3821 533 3894 ficit.
554 3821 660 3876 Bernld.
680 3852 717 3867 -
735 3825 809 3894 quod
831 3842 937 3877 stemma
964 3825 1103 3895 republica
1127 3845 1182 3879 non
1200 3826 1306 3894 haesit,
1335 3832 1387 3883 secl
1404 3833 1439 3883 ab

130 3901 179 3952 illo
196 3903 258 3969 ipso
276 3904 325 3954 tri.
347 3901 481 3950 obiectum
498 3907 557 3963 eet,
578 3897 678 3949 bonrum
696 3908 788 3951 eutem
807 3899 880 3970 qnod
896 3917 1002 3952 summa
1021 3918 1079 3972 rep.
1098 3908 1233 3954 monetin
1244 3911 1335 3957 vestri
1347 3907 1440 3960 ordini

130 3978 147 4009 ⁸
157 3972 234 4045 suit.
258 3973 317 4028 tid.
338 3974 401 4027 tice.
422 3974 499 4027 Men.
526 4001 565 4016 --
591 3971 665 4043 quod
685 3991 791 4025 summe
817 3992 874 4044 rep.
896 3992 951 4026 non
969 3974 1074 4042 laesit,
1105 3977 1156 4028 sed
1172 3977 1208 4028 ab
1224 3978 1273 4032 illo
1291 3985 1352 4049 ipso
1372 3982 1439 4036 trib.

130 4050 270 4100 ellectum
288 4057 348 4111 est,
366 4048 466 4109 bonurn
484 4056 576 4099 aulem
595 4047 668 4116 qteod
684 4066 791 4100 summa
811 4049 948 4119 republica
966 4058 1075 4117 menet,
1092 4057 1122 4102 in
1134 4057 1225 4105 vestri
1236 4054 1344 4107 ordinis
1356 4075 1440 4109 monn

126 4123 199 4195 seit.
219 4123 288 4179 toi.
309 4123 390 4194 lugd.
421 4151 459 4164 -
485 4122 560 4192 quod
580 4139 688 4173 summa
711 4122 850 4194 republica
872 4142 927 4177 non
945 4123 1051 4191 lecerit,
1080 4126 1112 4177 id
1126 4125 1162 4177 ob
1180 4127 1229 4179 illo
1248 4133 1308 4199 ipso
1327 4133 1438 4184 tribuno

131 4198 269 4251 abiectum
287 4207 349 4252 est:
376 4198 476 4250 bonum
501 4207 611 4262 ciuem,
636 4196 710 4265 quod
732 4215 840 4251 summo
865 4199 1002 4268 republica
1027 4209 1138 4264 monet,
1164 4200 1196 4252 iit
1213 4213 1297 4254 extra
1316 4207 1440 4258 ordinem

126 4270 200 4342 suit.
218 4275 315 4343 Sigon.
334 4296 370 4311 -
388 4271 462 4342 quod
478 4289 612 4324 eunimam
631 4288 715 4340 remp.
734 4273 836 4339 laesit,
856 4272 888 4324 il
904 4274 939 4324 ab
957 4280 1017 4343 ipso
1035 4276 1146 4327 tribuno
1165 4275 1299 4332 abiectum
1318 4289 1369 4335 eet.
1391 4282 1440 4332 bo·

132 4365 195 4399 nnn
213 4356 308 4399 eutem
321 4340 356 4397 'in
373 4363 480 4399 stemma
498 4363 555 4415 rep.
576 4354 669 4399 manet
688 4345 800 4420 (ceteris
820 4352 951 4415 cmieeie).
972 4350 1052 4404 cren.
1077 4347 1152 4403 coni.
1171 4351 1265 4408 Madv.
1285 4373 1311 4426 p.
1331 4359 1377 4415 55.
1396 4373 1438 4427 eq.

131 4448 168 4464 -
184 4421 259 4493 qrecd
275 4439 411 4474 cruminam
430 4439 487 4471 rern
504 4421 641 4488 publicam
660 4421 758 4485 laesit,
778 4423 809 4473 id
825 4443 843 4477 a
863 4423 974 4476 tribuno
989 4424 1125 4476 abiectum
1137 4434 1188 4479 eet.
1226 4427 1333 4481 Bonum
1345 4441 1440 4484 autem

133 4497 167 4547 eb
184 4498 234 4548 illo
252 4502 328 4566 ipso,
357 4496 430 4566 qnod
452 4512 560 4547 crimme
578 4513 624 4546 res
643 4496 756 4563 publico
775 4506 884 4561 menet,
913 4503 943 4549 in
967 4505 1057 4550 vestri
1074 4499 1176 4552 ordina
1196 4540 1204 4555 .
1223 4540 1231 4556 .
1251 4538 1258 4555 .
1280 4540 1287 4557 .
1307 4504 1352 4555 die
1362 4507 1439 4576 jerit.

131 4570 236 4642 lugu.
256 4572 324 4625 edit.
344 4570 430 4625 Oceli.
452 4574 481 4622 in
500 4586 552 4641 qne
572 4570 691 4624 lectione
712 4571 792 4623 verba
811 4573 847 4624 ab
859 4574 909 4623 illo
925 4579 985 4644 ipso
998 4579 1084 4627 invito
1098 4574 1203 4628 Orellic
1216 4577 1306 4630 eedem
1320 4595 1440 4638 mntem

134 4645 273 4713 videntne,
302 4661 370 4717 qnee
396 4651 430 4697 iic
449 4661 491 4698 eet
511 4659 573 4698 ente
592 4665 617 4699 v.
637 4646 757 4701 tribuno.
784 4675 822 4689 -
853 4649 907 4717 „ln
934 4646 996 4701 MS.
1022 4666 1084 4701 meo
1104 4654 1145 4703 etc
1163 4651 1263 4724 legitur
1282 4654 1327 4707 hic
1346 4654 1439 4712 locun:

135 4722 205 4788 cecil
229 4738 339 4773 summo
365 4738 423 4791 rep.
448 4737 504 4773 non
529 4719 636 4786 licerit,
664 4720 697 4773 ui
713 4721 826 4793 abipso
846 4721 958 4776 tribuno
976 4723 1112 4777 abiectum
1129 4735 1190 4778 est:
1221 4726 1330 4783 domum
1348 4740 1441 4788 aruum

135 4796 204 4865 quoe
218 4813 329 4850 mnia
348 4811 407 4865 rep.
425 4799 456 4847 in
473 4795 792 4852 nostra-ordinationel'
812 4797 944 4854 Gnnnv.

172 4896 296 4944 tenutam
311 4900 334 4941 u
348 4895 393 4940 cu.
408 4897 456 4940 vn
471 4896 496 4936 v.
510 4899 530 4941 t.
1128 4875 1147 4941 5
