<?xml version="1.0" encoding="UTF-8"?>
<!DOCTYPE html PUBLIC "-//W3C//DTD XHTML 1.0 Transitional//EN"
    "http://www.w3.org/TR/xhtml1/DTD/xhtml1-transitional.dtd">
<html xmlns="http://www.w3.org/1999/xhtml" xml:lang="en" lang="en">
 <head>
  <title>
</title>
<meta http-equiv="Content-Type" content="text/html;charset=utf-8" />
  <meta name='ocr-system' content='tesseract 3.04.00' />
  <meta name='ocr-capabilities' content='ocr_page ocr_carea ocr_par ocr_line ocrx_word'/>
</head>
<body>
  <div class='ocr_page' id='page_1' title='image "./operaquaesupers03halmgoog/operaquaesupers03halmgoog_0057.png"; bbox 0 0 3210 5280; ppageno 0'>
   <div class='ocr_carea' id='block_1_1' title="bbox 722 223 948 291">
    <p class='ocr_par' dir='ltr' id='par_1_1' title="bbox 722 223 948 291">
     <span class='ocr_line' id='line_1_1' title="bbox 722 223 948 291; baseline 0.004 -3"><span class='ocrx_word' id='word_1_1' title='bbox 722 223 948 291; x_wconf 87' lang='lat' dir='ltr'>ASCONIUS</span> 
     </span>
    </p>
   </div>
   <div class='ocr_carea' id='block_1_2' title="bbox 467 430 1213 496">
    <p class='ocr_par' dir='ltr' id='par_1_2' title="bbox 467 430 1213 496">
     <span class='ocr_line' id='line_1_2' title="bbox 467 430 1213 496; baseline -0.001 -1"><span class='ocrx_word' id='word_1_2' title='bbox 467 432 583 496; x_wconf 88' lang='lat' dir='ltr'>POST</span> <span class='ocrx_word' id='word_1_3' title='bbox 605 431 724 495; x_wconf 86' lang='lat' dir='ltr'><em>DUAS</em></span> <span class='ocrx_word' id='word_1_4' title='bbox 747 432 925 494; x_wconf 84' lang='lat' dir='ltr'><strong>PARTES</strong></span> <span class='ocrx_word' id='word_1_5' title='bbox 950 430 1213 495; x_wconf 81' lang='lat' dir='ltr'><em>ORATIONlS.</em></span> 
     </span>
    </p>
   </div>
   <div class='ocr_carea' id='block_1_3' title="bbox 111 549 1511 979">
    <p class='ocr_par' dir='ltr' id='par_1_3' title="bbox 111 549 1511 979">
     <span class='ocr_line' id='line_1_3' title="bbox 273 549 969 632; baseline -0.006 -18"><span class='ocrx_word' id='word_1_6' title='bbox 273 550 363 614; x_wconf 85' lang='lat' dir='ltr'><em>Dixit</em></span> <span class='ocrx_word' id='word_1_7' title='bbox 386 549 455 613; x_wconf 84' lang='lat' dir='ltr'><em>dein</em></span> <span class='ocrx_word' id='word_1_8' title='bbox 478 555 516 613; x_wconf 92' lang='lat' dir='ltr'><em>de</em></span> <span class='ocrx_word' id='word_1_9' title='bbox 538 553 677 626; x_wconf 83' lang='lat' dir='ltr'>Scauro,</span> <span class='ocrx_word' id='word_1_10' title='bbox 701 573 791 632; x_wconf 90' lang='lat' dir='ltr'><em>quem</em></span> <span class='ocrx_word' id='word_1_11' title='bbox 815 550 969 612; x_wconf 80' lang='lat' dir='ltr'>defendit:</span> 
     </span>
     <span class='ocr_line' id='line_1_4' title="bbox 271 642 1482 722; baseline 0.001 -16"><span class='ocrx_word' id='word_1_12' title='bbox 271 646 337 722; x_wconf 80' lang='lat' dir='ltr'><em>(ib)</em></span> <span class='ocrx_word' id='word_1_13' title='bbox 359 644 449 706; x_wconf 92' lang='lat' dir='ltr'><em>Nam</em></span> <span class='ocrx_word' id='word_1_14' title='bbox 470 665 547 705; x_wconf 89' lang='lat' dir='ltr'><em>cum</em></span> <span class='ocrx_word' id='word_1_15' title='bbox 577 666 618 708; x_wconf 82' lang='lat' dir='ltr'><em>ex</em></span> <span class='ocrx_word' id='word_1_16' title='bbox 641 643 756 706; x_wconf 89' lang='lat' dir='ltr'><em>multis</em></span> <span class='ocrx_word' id='word_1_17' title='bbox 784 663 868 704; x_wconf 90' lang='lat' dir='ltr'><em>unus</em></span> <span class='ocrx_word' id='word_1_18' title='bbox 895 645 928 704; x_wconf 90' lang='lat' dir='ltr'><em>ei</em></span> <span class='ocrx_word' id='word_1_19' title='bbox 955 653 1093 705; x_wconf 88' lang='lat' dir='ltr'><em>restaret</em></span> <span class='ocrx_word' id='word_1_20' title='bbox 1115 642 1297 706; x_wconf 80' lang='lat' dir='ltr'><em>Dolabella</em></span> <span class='ocrx_word' id='word_1_21' title='bbox 1321 655 1482 722; x_wconf 88' lang='lat' dir='ltr'><em>paternus</em></span> 
     </span>
     <span class='ocr_line' id='line_1_5' title="bbox 190 734 1505 816; baseline 0 -20"><span class='ocrx_word' id='word_1_22' title='bbox 190 737 361 809; x_wconf 88' lang='lat' dir='ltr'><em>inimicus,</em></span> <span class='ocrx_word' id='word_1_23' title='bbox 393 735 454 816; x_wconf 88' lang='lat' dir='ltr'><em>qui</em></span> <span class='ocrx_word' id='word_1_24' title='bbox 481 754 560 795; x_wconf 88' lang='lat' dir='ltr'><em>cum</em></span> <span class='ocrx_word' id='word_1_25' title='bbox 592 735 631 812; x_wconf 81' lang='lat' dir='ltr'><em>Q.</em></span> <span class='ocrx_word' id='word_1_26' title='bbox 658 735 821 812; x_wconf 82' lang='lat' dir='ltr'><em>Caepione</em></span> <span class='ocrx_word' id='word_1_27' title='bbox 851 734 1043 814; x_wconf 87' lang='lat' dir='ltr'><em>propinquo</em></span> <span class='ocrx_word' id='word_1_28' title='bbox 1073 754 1136 794; x_wconf 91' lang='lat' dir='ltr'><em>suo</em></span> <span class='ocrx_word' id='word_1_29' title='bbox 1165 743 1283 795; x_wconf 90' lang='lat' dir='ltr'><em>contra</em></span> <span class='ocrx_word' id='word_1_30' title='bbox 1311 736 1505 796; x_wconf 80' lang='lat' dir='ltr'><strong><em>Scaurum</em></strong></span> 
     </span>
     <span class='ocr_line' id='line_1_6' title="bbox 164 821 1511 903; baseline 0.001 -19"><span class='ocrx_word' id='word_1_31' title='bbox 164 827 178 873; x_wconf 86' lang='lat'>⁵</span> <span class='ocrx_word' id='word_1_32' title='bbox 188 831 317 903; x_wconf 85' lang='lat' dir='ltr'><em>patrem</em></span> <span class='ocrx_word' id='word_1_33' title='bbox 331 843 429 885; x_wconf 89' lang='lat' dir='ltr'><em>suum</em></span> <span class='ocrx_word' id='word_1_34' title='bbox 451 821 685 903; x_wconf 74' lang='lat' dir='ltr'><strong><em>obsignaverat</em></strong></span> <span class='ocrx_word' id='word_1_35' title='bbox 706 822 838 884; x_wconf 76' lang='lat' dir='ltr'><em>literas:</em></span> <span class='ocrx_word' id='word_1_36' title='bbox 866 841 921 885; x_wconf 87' lang='lat' dir='ltr'><em>eas</em></span> <span class='ocrx_word' id='word_1_37' title='bbox 935 821 999 883; x_wconf 90' lang='lat' dir='ltr'><em>sibi</em></span> <span class='ocrx_word' id='word_1_38' title='bbox 1011 824 1203 884; x_wconf 87' lang='lat' dir='ltr'><em>inimicitius</em></span> <span class='ocrx_word' id='word_1_39' title='bbox 1221 842 1287 884; x_wconf 90' lang='lat' dir='ltr'><em>non</em></span> <span class='ocrx_word' id='word_1_40' title='bbox 1307 833 1481 903; x_wconf 86' lang='lat' dir='ltr'><em>susceptat</em></span> <span class='ocrx_word' id='word_1_41' title='bbox 1508 858 1511 862; x_wconf 43' lang='lat'><strong><em>⁴</em></strong></span> 
     </span>
     <span class='ocr_line' id='line_1_7' title="bbox 111 906 613 979; baseline 0.004 -8"><span class='ocrx_word' id='word_1_42' title='bbox 111 971 116 979; x_wconf 81' lang='grc'><em>,</em></span> <span class='ocrx_word' id='word_1_43' title='bbox 187 906 245 973; x_wconf 83' lang='lat' dir='ltr'><em>ted</em></span> <span class='ocrx_word' id='word_1_44' title='bbox 263 910 399 974; x_wconf 88' lang='lat' dir='ltr'><em>relictos</em></span> <span class='ocrx_word' id='word_1_45' title='bbox 421 924 452 973; x_wconf 89' lang='lat' dir='ltr'><em>et</em></span> <span class='ocrx_word' id='word_1_46' title='bbox 476 922 613 973; x_wconf 87' lang='lat' dir='ltr'><em>caetera.</em></span> 
     </span>
    </p>
   </div>
   <div class='ocr_carea' id='block_1_4' title="bbox 79 1001 1481 1438">
    <p class='ocr_par' dir='ltr' id='par_1_4' title="bbox 79 1001 1481 1364">
     <span class='ocr_line' id='line_1_8' title="bbox 271 1001 1481 1085; baseline 0.005 -23"><span class='ocrx_word' id='word_1_47' title='bbox 271 1002 321 1063; x_wconf 88' lang='lat' dir='ltr'><em>Ne</em></span> <span class='ocrx_word' id='word_1_48' title='bbox 342 1001 427 1065; x_wconf 87' lang='lat' dir='ltr'><em>sorte</em></span> <span class='ocrx_word' id='word_1_49' title='bbox 447 1003 557 1067; x_wconf 87' lang='lat' dir='ltr'><em>erretis</em></span> <span class='ocrx_word' id='word_1_50' title='bbox 580 1014 611 1066; x_wconf 91' lang='lat' dir='ltr'><em>et</em></span> <span class='ocrx_word' id='word_1_51' title='bbox 632 1006 761 1066; x_wconf 87' lang='lat' dir='ltr'><em>eundem</em></span> <span class='ocrx_word' id='word_1_52' title='bbox 783 1006 865 1066; x_wconf 86' lang='lat' dir='ltr'><em>huuc</em></span> <span class='ocrx_word' id='word_1_53' title='bbox 886 1001 948 1066; x_wconf 87' lang='lat' dir='ltr'><em>Cn.</em></span> <span class='ocrx_word' id='word_1_54' title='bbox 971 1004 1165 1069; x_wconf 77' lang='lat' dir='ltr'><em>Dolabellam</em></span> <span class='ocrx_word' id='word_1_55' title='bbox 1195 1005 1309 1085; x_wconf 89' lang='lat' dir='ltr'><em>putetis</em></span> <span class='ocrx_word' id='word_1_56' title='bbox 1331 1026 1417 1081; x_wconf 87' lang='lat' dir='ltr'><em>esse,</em></span> <span class='ocrx_word' id='word_1_57' title='bbox 1451 1005 1481 1068; x_wconf 87' lang='lat' dir='ltr'><em>in</em></span> 
     </span>
     <span class='ocr_line' id='line_1_9' title="bbox 188 1093 1481 1181; baseline 0.005 -27"><span class='ocrx_word' id='word_1_58' title='bbox 188 1115 277 1175; x_wconf 89' lang='lat' dir='ltr'><em>quem</em></span> <span class='ocrx_word' id='word_1_59' title='bbox 311 1093 351 1156; x_wconf 88' lang='lat' dir='ltr'><em>C.</em></span> <span class='ocrx_word' id='word_1_60' title='bbox 383 1093 526 1160; x_wconf 82' lang='lat' dir='ltr'><em>Caesaris</em></span> <span class='ocrx_word' id='word_1_61' title='bbox 556 1097 715 1161; x_wconf 89' lang='lat' dir='ltr'><em>orationes</em></span> <span class='ocrx_word' id='word_1_62' title='bbox 740 1095 862 1181; x_wconf 80' lang='lat' dir='ltr'><em>legitis,</em></span> <span class='ocrx_word' id='word_1_63' title='bbox 896 1097 976 1159; x_wconf 87' lang='lat' dir='ltr'><em>scire</em></span> <span class='ocrx_word' id='word_1_64' title='bbox 1000 1117 1056 1160; x_wconf 86' lang='lat' dir='ltr'><em>ros</em></span> <span class='ocrx_word' id='word_1_65' title='bbox 1086 1108 1231 1177; x_wconf 88' lang='lat' dir='ltr'><em>oportet,</em></span> <span class='ocrx_word' id='word_1_66' title='bbox 1265 1099 1344 1162; x_wconf 79' lang='lat' dir='ltr'><em>ditos</em></span> <span class='ocrx_word' id='word_1_67' title='bbox 1372 1101 1481 1162; x_wconf 87' lang='lat' dir='ltr'><em>eodem</em></span> 
     </span>
     <span class='ocr_line' id='line_1_10' title="bbox 79 1181 1480 1273; baseline 0.006 -27"><span class='ocrx_word' id='word_1_68' title='bbox 79 1181 90 1201; x_wconf 82' lang='lat'><strong><em>¹</em></strong></span> <span class='ocrx_word' id='word_1_69' title='bbox 187 1198 329 1266; x_wconf 89' lang='lat' dir='ltr'><em>tempore</em></span> <span class='ocrx_word' id='word_1_70' title='bbox 357 1187 455 1250; x_wconf 86' lang='lat' dir='ltr'><em>inisse</em></span> <span class='ocrx_word' id='word_1_71' title='bbox 486 1200 517 1250; x_wconf 90' lang='lat' dir='ltr'><em>et</em></span> <span class='ocrx_word' id='word_1_72' title='bbox 548 1190 748 1270; x_wconf 81' lang='lat' dir='ltr'><em>praenomine</em></span> <span class='ocrx_word' id='word_1_73' title='bbox 784 1198 816 1250; x_wconf 91' lang='lat' dir='ltr'><em>et</em></span> <span class='ocrx_word' id='word_1_74' title='bbox 850 1187 974 1250; x_wconf 86' lang='lat' dir='ltr'><em>nomine</em></span> <span class='ocrx_word' id='word_1_75' title='bbox 1006 1200 1036 1250; x_wconf 90' lang='lat' dir='ltr'><em>et</em></span> <span class='ocrx_word' id='word_1_76' title='bbox 1065 1190 1252 1273; x_wconf 84' lang='lat' dir='ltr'><em>cognomine</em></span> <span class='ocrx_word' id='word_1_77' title='bbox 1285 1191 1480 1254; x_wconf 81' lang='lat' dir='ltr'><em>Dolabellas.</em></span> 
     </span>
     <span class='ocr_line' id='line_1_11' title="bbox 148 1279 1480 1364; baseline 0.008 -27"><span class='ocrx_word' id='word_1_78' title='bbox 148 1279 314 1341; x_wconf 83' lang='lat' dir='ltr'><em>stilorum</em></span> <span class='ocrx_word' id='word_1_79' title='bbox 339 1279 435 1360; x_wconf 84' lang='lat' dir='ltr'><em>igitur</em></span> <span class='ocrx_word' id='word_1_80' title='bbox 460 1281 589 1344; x_wconf 87' lang='lat' dir='ltr'><em>aiterum</em></span> <span class='ocrx_word' id='word_1_81' title='bbox 619 1281 841 1364; x_wconf 85' lang='lat' dir='ltr'><em>[Dolabellam]</em></span> <span class='ocrx_word' id='word_1_82' title='bbox 872 1279 991 1344; x_wconf 86' lang='lat' dir='ltr'><em>Caesar</em></span> <span class='ocrx_word' id='word_1_83' title='bbox 1018 1283 1190 1359; x_wconf 73' lang='lat' dir='ltr'><em>cremarit,</em></span> <span class='ocrx_word' id='word_1_84' title='bbox 1225 1304 1283 1346; x_wconf 90' lang='lat' dir='ltr'><em>nec</em></span> <span class='ocrx_word' id='word_1_85' title='bbox 1308 1285 1480 1359; x_wconf 82' lang='lat' dir='ltr'><em>damnarit3</em></span> 
     </span>
    </p>

    <p class='ocr_par' dir='ltr' id='par_1_5' title="bbox 190 1370 1027 1438">
     <span class='ocr_line' id='line_1_12' title="bbox 190 1370 1027 1438; baseline 0.007 -8"><span class='ocrx_word' id='word_1_86' title='bbox 190 1370 320 1432; x_wconf 87' lang='lat' dir='ltr'><em>altorum</em></span> <span class='ocrx_word' id='word_1_87' title='bbox 342 1372 394 1434; x_wconf 90' lang='lat' dir='ltr'><em>M.</em></span> <span class='ocrx_word' id='word_1_88' title='bbox 419 1376 554 1436; x_wconf 85' lang='lat' dir='ltr'><em>Scaurus</em></span> <span class='ocrx_word' id='word_1_89' title='bbox 575 1385 605 1436; x_wconf 92' lang='lat' dir='ltr'><em>et</em></span> <span class='ocrx_word' id='word_1_90' title='bbox 627 1375 785 1437; x_wconf 83' lang='lat' dir='ltr'><em>acetrsarit</em></span> <span class='ocrx_word' id='word_1_91' title='bbox 808 1387 838 1437; x_wconf 87' lang='lat' dir='ltr'><em>et</em></span> <span class='ocrx_word' id='word_1_92' title='bbox 860 1375 1027 1438; x_wconf 84' lang='lat' dir='ltr'><em>damnarit.</em></span> 
     </span>
    </p>
   </div>
   <div class='ocr_carea' id='block_1_5' title="bbox 118 1522 1071 1595">
    <p class='ocr_par' dir='ltr' id='par_1_6' title="bbox 118 1522 1071 1595">
     <span class='ocr_line' id='line_1_13' title="bbox 118 1522 1071 1595; baseline 0.008 -18"><span class='ocrx_word' id='word_1_93' title='bbox 118 1536 180 1595; x_wconf 80' lang='lat' dir='ltr'><em>[sse]</em></span> <span class='ocrx_word' id='word_1_94' title='bbox 517 1588 519 1592; x_wconf 70' lang='grc'>,</span> <span class='ocrx_word' id='word_1_95' title='bbox 601 1522 719 1588; x_wconf 78' lang='lat' dir='ltr'><em>Post·</em></span> <span class='ocrx_word' id='word_1_96' title='bbox 740 1524 856 1586; x_wconf 83' lang='lat' dir='ltr'><strong>&#39;l&#39;RES</strong></span> <span class='ocrx_word' id='word_1_97' title='bbox 877 1523 1071 1587; x_wconf 86' lang='lat' dir='ltr'><strong>PARTES.</strong></span> 
     </span>
    </p>
   </div>
   <div class='ocr_carea' id='block_1_6' title="bbox 273 1640 1481 1727">
    <p class='ocr_par' dir='ltr' id='par_1_7' title="bbox 273 1640 1481 1727">
     <span class='ocr_line' id='line_1_14' title="bbox 273 1640 1481 1727; baseline 0.008 -27"><span class='ocrx_word' id='word_1_98' title='bbox 273 1640 346 1718; x_wconf 86' lang='lat' dir='ltr'><em>Quo</em></span> <span class='ocrx_word' id='word_1_99' title='bbox 369 1641 442 1705; x_wconf 87' lang='lat' dir='ltr'><em>loco</em></span> <span class='ocrx_word' id='word_1_100' title='bbox 465 1642 619 1715; x_wconf 80' lang='lat' dir='ltr'><em>defendit,</em></span> <span class='ocrx_word' id='word_1_101' title='bbox 654 1647 738 1727; x_wconf 89' lang='lat' dir='ltr'><em>quod</em></span> <span class='ocrx_word' id='word_1_102' title='bbox 760 1654 820 1705; x_wconf 81' lang='lat' dir='ltr'><em>tam</em></span> <span class='ocrx_word' id='word_1_103' title='bbox 847 1643 1039 1727; x_wconf 84' lang='lat' dir='ltr'><em>magnificam</em></span> <span class='ocrx_word' id='word_1_104' title='bbox 1063 1646 1186 1707; x_wconf 88' lang='lat' dir='ltr'><em>domum</em></span> <span class='ocrx_word' id='word_1_105' title='bbox 1210 1648 1345 1709; x_wconf 82' lang='lat' dir='ltr'><em>Scattrns</em></span> <span class='ocrx_word' id='word_1_106' title='bbox 1372 1649 1481 1711; x_wconf 82' lang='lat' dir='ltr'><em>babet:</em></span> 
     </span>
    </p>
   </div>
   <div class='ocr_carea' id='block_1_7' title="bbox 148 1733 1484 1906">
    <p class='ocr_par' dir='ltr' id='par_1_8' title="bbox 148 1733 1484 1906">
     <span class='ocr_line' id='line_1_15' title="bbox 272 1733 1484 1822; baseline 0.008 -30"><span class='ocrx_word' id='word_1_107' title='bbox 272 1733 337 1811; x_wconf 75' lang='lat' dir='ltr'><em>(db)</em></span> <span class='ocrx_word' id='word_1_108' title='bbox 358 1735 553 1798; x_wconf 77' lang='lat' dir='ltr'><em>Praesertim</em></span> <span class='ocrx_word' id='word_1_109' title='bbox 574 1756 651 1797; x_wconf 91' lang='lat' dir='ltr'><em>cum</em></span> <span class='ocrx_word' id='word_1_110' title='bbox 671 1738 906 1820; x_wconf 73' lang='lat' dir='ltr'><em>propinquitas</em></span> <span class='ocrx_word' id='word_1_111' title='bbox 928 1746 959 1800; x_wconf 87' lang='lat' dir='ltr'><em>et</em></span> <span class='ocrx_word' id='word_1_112' title='bbox 974 1736 1149 1802; x_wconf 79' lang='lat' dir='ltr'><em>celebritas</em></span> <span class='ocrx_word' id='word_1_113' title='bbox 1169 1737 1242 1801; x_wconf 89' lang='lat' dir='ltr'><em>loci</em></span> <span class='ocrx_word' id='word_1_114' title='bbox 1260 1742 1484 1822; x_wconf 80' lang='lat' dir='ltr'><em>suspicionem</em></span> 
     </span>
     <span class='ocr_line' id='line_1_16' title="bbox 148 1821 763 1906; baseline 0.002 -20"><span class='ocrx_word' id='word_1_115' title='bbox 148 1839 178 1887; x_wconf 86' lang='lat'><em>15</em></span> <span class='ocrx_word' id='word_1_116' title='bbox 190 1821 335 1886; x_wconf 80' lang='lat' dir='ltr'><em>desidiae</em></span> <span class='ocrx_word' id='word_1_117' title='bbox 354 1825 456 1886; x_wconf 89' lang='lat' dir='ltr'><em>tollat</em></span> <span class='ocrx_word' id='word_1_118' title='bbox 477 1835 538 1887; x_wconf 89' lang='lat' dir='ltr'><em>aut</em></span> <span class='ocrx_word' id='word_1_119' title='bbox 558 1826 763 1906; x_wconf 83' lang='lat' dir='ltr'><em>cupiditatis.</em></span> 
     </span>
    </p>
   </div>
   <div class='ocr_carea' id='block_1_8' title="bbox 188 2010 1484 2680">
    <p class='ocr_par' dir='ltr' id='par_1_9' title="bbox 188 2010 1484 2680">
     <span class='ocr_line' id='line_1_17' title="bbox 189 2010 1482 2083; baseline -0.001 -17"><span class='ocrx_word' id='word_1_120' title='bbox 189 2018 317 2066; x_wconf 87' lang='lat' dir='ltr'><em>inimicus</em></span> <span class='ocrx_word' id='word_1_121' title='bbox 331 2013 499 2065; x_wconf 84' lang='lat' dir='ltr'><em>Ciceronis.&#39;¹</em></span> <span class='ocrx_word' id='word_1_122' title='bbox 520 2012 579 2064; x_wconf 87' lang='lat' dir='ltr'><em>Hoo</em></span> <span class='ocrx_word' id='word_1_123' title='bbox 600 2031 689 2065; x_wconf 89' lang='lat' dir='ltr'><em>errore</em></span> <span class='ocrx_word' id='word_1_124' title='bbox 710 2012 806 2066; x_wconf 87' lang='lat' dir='ltr'><em>ductus</em></span> <span class='ocrx_word' id='word_1_125' title='bbox 821 2018 876 2082; x_wconf 86' lang='lat' dir='ltr'><em>ipse</em></span> <span class='ocrx_word' id='word_1_126' title='bbox 890 2010 989 2066; x_wconf 87' lang='lat' dir='ltr'><em>edidit:</em></span> <span class='ocrx_word' id='word_1_127' title='bbox 1008 2014 1084 2065; x_wconf 88' lang='lat' dir='ltr'><em>Nam</em></span> <span class='ocrx_word' id='word_1_128' title='bbox 1096 2017 1160 2083; x_wconf 87' lang='lat' dir='ltr'><em>qnia</em></span> <span class='ocrx_word' id='word_1_129' title='bbox 1173 2013 1203 2065; x_wconf 87' lang='lat' dir='ltr'><em>C.</em></span> <span class='ocrx_word' id='word_1_130' title='bbox 1218 2012 1348 2065; x_wconf 78' lang='lat' dir='ltr'><em>Claudius</em></span> <span class='ocrx_word' id='word_1_131' title='bbox 1356 2033 1367 2072; x_wconf 90' lang='lat'><em>,·</em></span> <span class='ocrx_word' id='word_1_132' title='bbox 1387 2011 1482 2065; x_wconf 81' lang='lat' dir='ltr'><em>deinde</em></span> 
     </span>
     <span class='ocr_line' id='line_1_18' title="bbox 188 2085 1484 2160; baseline -0.005 -19"><span class='ocrx_word' id='word_1_133' title='bbox 188 2089 309 2160; x_wconf 82' lang='lat' dir='ltr'><em>Peyron:</em></span> <span class='ocrx_word' id='word_1_134' title='bbox 337 2087 411 2139; x_wconf 85' lang='lat' dir='ltr'><em>Nam</em></span> <span class='ocrx_word' id='word_1_135' title='bbox 431 2092 494 2157; x_wconf 87' lang='lat' dir='ltr'><em>quia</em></span> <span class='ocrx_word' id='word_1_136' title='bbox 514 2088 605 2140; x_wconf 85' lang='lat' dir='ltr'><em>Caitss.</em></span> <span class='ocrx_word' id='word_1_137' title='bbox 642 2088 753 2141; x_wconf 89' lang='lat' dir='ltr'><em>Beierus</em></span> <span class='ocrx_word' id='word_1_138' title='bbox 774 2093 935 2153; x_wconf 76' lang='lat' dir='ltr'><em>(contractis</em></span> <span class='ocrx_word' id='word_1_139' title='bbox 956 2089 1057 2140; x_wconf 85' lang='lat' dir='ltr'><em>voculis</em></span> <span class='ocrx_word' id='word_1_140' title='bbox 1077 2093 1142 2157; x_wconf 81' lang='lat' dir='ltr'><em>qnia</em></span> <span class='ocrx_word' id='word_1_141' title='bbox 1159 2085 1213 2159; x_wconf 89' lang='lat' dir='ltr'><em>is).·</em></span> <span class='ocrx_word' id='word_1_142' title='bbox 1240 2087 1315 2140; x_wconf 85' lang='lat' dir='ltr'><em>Nara</em></span> <span class='ocrx_word' id='word_1_143' title='bbox 1336 2089 1428 2140; x_wconf 82' lang='lat' dir='ltr'><em>Caius.</em></span> <span class='ocrx_word' id='word_1_144' title='bbox 1448 2115 1484 2129; x_wconf 90' lang='lat'><em>-</em></span> 
     </span>
     <span class='ocr_line' id='line_1_19' title="bbox 189 2160 1483 2234; baseline -0.002 -17"><span class='ocrx_word' id='word_1_145' title='bbox 189 2204 204 2232; x_wconf 80' lang='lat'><em>„</em></span> <span class='ocrx_word' id='word_1_146' title='bbox 215 2165 308 2230; x_wconf 86' lang='lat' dir='ltr'><em>Neque</em></span> <span class='ocrx_word' id='word_1_147' title='bbox 328 2167 385 2234; x_wconf 85' lang='lat' dir='ltr'><em>ipse</em></span> <span class='ocrx_word' id='word_1_148' title='bbox 405 2162 486 2214; x_wconf 83' lang='lat' dir='ltr'><em>Ceius</em></span> <span class='ocrx_word' id='word_1_149' title='bbox 506 2178 553 2225; x_wconf 85' lang='lat' dir='ltr'><em>se.</em></span> <span class='ocrx_word' id='word_1_150' title='bbox 574 2180 664 2216; x_wconf 88' lang='lat' dir='ltr'><em>utrum</em></span> <span class='ocrx_word' id='word_1_151' title='bbox 678 2168 809 2234; x_wconf 72' lang='lat' dir='ltr'><em>patricius</em></span> <span class='ocrx_word' id='word_1_152' title='bbox 823 2177 857 2214; x_wconf 85' lang='lat' dir='ltr'><em>so</em></span> <span class='ocrx_word' id='word_1_153' title='bbox 872 2161 991 2234; x_wconf 86' lang='lat' dir='ltr'><em>plebeius</em></span> <span class='ocrx_word' id='word_1_154' title='bbox 1004 2161 1109 2215; x_wconf 83' lang='lat' dir='ltr'><em>iuturus</em></span> <span class='ocrx_word' id='word_1_155' title='bbox 1124 2177 1208 2226; x_wconf 80' lang='lat' dir='ltr'><em>esset,</em></span> <span class='ocrx_word' id='word_1_156' title='bbox 1228 2160 1351 2215; x_wconf 86' lang='lat' dir='ltr'><em>dubitare</em></span> <span class='ocrx_word' id='word_1_157' title='bbox 1365 2161 1483 2227; x_wconf 83' lang='lat' dir='ltr'><em>dicebat,</em></span> 
     </span>
     <span class='ocr_line' id='line_1_20' title="bbox 189 2235 1484 2308; baseline -0.002 -18"><span class='ocrx_word' id='word_1_158' title='bbox 189 2237 235 2290; x_wconf 90' lang='lat' dir='ltr'><em>sed</em></span> <span class='ocrx_word' id='word_1_159' title='bbox 255 2242 353 2292; x_wconf 86' lang='lat' dir='ltr'><em>Cicero</em></span> <span class='ocrx_word' id='word_1_160' title='bbox 372 2237 424 2288; x_wconf 87' lang='lat' dir='ltr'><em>hoc</em></span> <span class='ocrx_word' id='word_1_161' title='bbox 445 2236 545 2288; x_wconf 82' lang='lat' dir='ltr'><em>urbane</em></span> <span class='ocrx_word' id='word_1_162' title='bbox 566 2235 680 2290; x_wconf 86' lang='lat' dir='ltr'><em>irridens</em></span> <span class='ocrx_word' id='word_1_163' title='bbox 701 2238 790 2298; x_wconf 73' lang='lat' dir='ltr'><em>finxit:</em></span> <span class='ocrx_word' id='word_1_164' title='bbox 811 2253 861 2289; x_wconf 88' lang='lat' dir='ltr'><em>nee</em></span> <span class='ocrx_word' id='word_1_165' title='bbox 880 2253 944 2290; x_wconf 84' lang='lat' dir='ltr'><em>sane</em></span> <span class='ocrx_word' id='word_1_166' title='bbox 964 2238 1016 2288; x_wconf 77' lang='lat' dir='ltr'><em>alit</em></span> <span class='ocrx_word' id='word_1_167' title='bbox 1035 2243 1089 2290; x_wconf 91' lang='lat' dir='ltr'><em>nisi</em></span> <span class='ocrx_word' id='word_1_168' title='bbox 1104 2242 1131 2289; x_wconf 93' lang='lat' dir='ltr'><em>in</em></span> <span class='ocrx_word' id='word_1_169' title='bbox 1147 2237 1193 2288; x_wconf 88' lang='lat' dir='ltr'><em>ilio</em></span> <span class='ocrx_word' id='word_1_170' title='bbox 1208 2236 1330 2308; x_wconf 77' lang='lat' dir='ltr'><em>lingendo</em></span> <span class='ocrx_word' id='word_1_171' title='bbox 1345 2236 1484 2289; x_wconf 80' lang='lat' dir='ltr'><em>urbanitas</em></span> 
     </span>
     <span class='ocr_line' id='line_1_21' title="bbox 188 2310 1484 2383; baseline -0.002 -19"><span class='ocrx_word' id='word_1_172' title='bbox 188 2313 235 2364; x_wconf 88' lang='lat' dir='ltr'><em>hic</em></span> <span class='ocrx_word' id='word_1_173' title='bbox 255 2328 305 2364; x_wconf 88' lang='lat' dir='ltr'><em>est.</em></span> <span class='ocrx_word' id='word_1_174' title='bbox 343 2310 475 2364; x_wconf 74' lang='lat' dir='ltr'><em>Mundum</em></span> <span class='ocrx_word' id='word_1_175' title='bbox 496 2327 537 2364; x_wconf 88' lang='lat' dir='ltr'><em>est</em></span> <span class='ocrx_word' id='word_1_176' title='bbox 557 2317 638 2383; x_wconf 80' lang='lat' dir='ltr'><em>igitur</em></span> <span class='ocrx_word' id='word_1_177' title='bbox 657 2317 685 2364; x_wconf 92' lang='lat' dir='ltr'><em>iu</em></span> <span class='ocrx_word' id='word_1_178' title='bbox 711 2330 754 2377; x_wconf 82' lang='lat' dir='ltr'><em>se,</em></span> <span class='ocrx_word' id='word_1_179' title='bbox 786 2328 874 2363; x_wconf 88' lang='lat' dir='ltr'><em>cetera</em></span> <span class='ocrx_word' id='word_1_180' title='bbox 895 2317 1033 2364; x_wconf 82' lang='lat' dir='ltr'><em>uerissima</em></span> <span class='ocrx_word' id='word_1_181' title='bbox 1060 2328 1122 2364; x_wconf 87' lang='lat' dir='ltr'><em>sunt</em></span> <span class='ocrx_word' id='word_1_182' title='bbox 1153 2317 1180 2362; x_wconf 85' lang='lat' dir='ltr'><em>in</em></span> <span class='ocrx_word' id='word_1_183' title='bbox 1206 2310 1247 2363; x_wconf 87' lang='lat' dir='ltr'><em>ed.</em></span> <span class='ocrx_word' id='word_1_184' title='bbox 1278 2321 1302 2367; x_wconf 88' lang='lat'><em>1.</em></span> <span class='ocrx_word' id='word_1_185' title='bbox 1331 2317 1484 2382; x_wconf 84' lang='lat' dir='ltr'><em>scripturo;</em></span> 
     </span>
     <span class='ocr_line' id='line_1_22' title="bbox 189 2386 1482 2457; baseline 0.003 -21"><span class='ocrx_word' id='word_1_186' title='bbox 189 2391 276 2456; x_wconf 86' lang='lat' dir='ltr'><em>ipsum</em></span> <span class='ocrx_word' id='word_1_187' title='bbox 295 2405 397 2456; x_wconf 87' lang='lat' dir='ltr'><em>quoque</em></span> <span class='ocrx_word' id='word_1_188' title='bbox 416 2401 449 2437; x_wconf 85' lang='lat' dir='ltr'><em>nn</em></span> <span class='ocrx_word' id='word_1_189' title='bbox 470 2386 499 2438; x_wconf 88' lang='lat' dir='ltr'><em>C.</em></span> <span class='ocrx_word' id='word_1_190' title='bbox 518 2405 620 2456; x_wconf 83' lang='lat' dir='ltr'><em>quoque</em></span> <span class='ocrx_word' id='word_1_191' title='bbox 645 2386 818 2439; x_wconf 88' lang='lat' dir='ltr'><em>scribendum</em></span> <span class='ocrx_word' id='word_1_192' title='bbox 847 2392 900 2450; x_wconf 83' lang='lat' dir='ltr'><em>sit,</em></span> <span class='ocrx_word' id='word_1_193' title='bbox 927 2388 1050 2439; x_wconf 87' lang='lat' dir='ltr'><em>nescio.&#39;&#39;</em></span> <span class='ocrx_word' id='word_1_194' title='bbox 1080 2386 1190 2438; x_wconf 78' lang='lat' dir='ltr'><em>MADV.</em></span> <span class='ocrx_word' id='word_1_195' title='bbox 1230 2387 1362 2439; x_wconf 78' lang='lat' dir='ltr'><em>Neutrum</em></span> <span class='ocrx_word' id='word_1_196' title='bbox 1383 2386 1482 2457; x_wconf 82' lang='lat' dir='ltr'><em>placet.</em></span> 
     </span>
     <span class='ocr_line' id='line_1_23' title="bbox 190 2458 1484 2531; baseline 0 -18"><span class='ocrx_word' id='word_1_197' title='bbox 190 2461 287 2513; x_wconf 86' lang='lat' dir='ltr'><em>Malim</em></span> <span class='ocrx_word' id='word_1_198' title='bbox 307 2460 399 2512; x_wconf 84' lang='lat' dir='ltr'><em>abesse</em></span> <span class='ocrx_word' id='word_1_199' title='bbox 420 2460 485 2511; x_wconf 87' lang='lat' dir='ltr'><em>iilud</em></span> <span class='ocrx_word' id='word_1_200' title='bbox 505 2478 619 2531; x_wconf 89' lang='lat' dir='ltr'><em>quoque:</em></span> <span class='ocrx_word' id='word_1_201' title='bbox 641 2477 704 2514; x_wconf 82' lang='lat' dir='ltr'><em>nem</em></span> <span class='ocrx_word' id='word_1_202' title='bbox 724 2463 792 2514; x_wconf 87' lang='lat' dir='ltr'><em>unus</em></span> <span class='ocrx_word' id='word_1_203' title='bbox 811 2461 894 2514; x_wconf 84' lang='lat' dir='ltr'><em>Caius</em></span> <span class='ocrx_word' id='word_1_204' title='bbox 914 2459 1001 2512; x_wconf 77' lang='lat' dir='ltr'><em>adlisa</em></span> <span class='ocrx_word' id='word_1_205' title='bbox 1021 2460 1146 2512; x_wconf 82' lang='lat' dir='ltr'><em>drsbitore</em></span> <span class='ocrx_word' id='word_1_206' title='bbox 1165 2458 1279 2526; x_wconf 83' lang='lat' dir='ltr'><em>dicitur.</em></span> <span class='ocrx_word' id='word_1_207' title='bbox 1300 2459 1368 2513; x_wconf 82' lang='lat' dir='ltr'><em>alter</em></span> <span class='ocrx_word' id='word_1_208' title='bbox 1381 2459 1484 2514; x_wconf 86' lang='lat' dir='ltr'><em>dudum</em></span> 
     </span>
     <span class='ocr_line' id='line_1_24' title="bbox 190 2534 537 2606; baseline -0.006 -18"><span class='ocrx_word' id='word_1_209' title='bbox 190 2541 333 2589; x_wconf 81' lang='lat' dir='ltr'><em>transierat</em></span> <span class='ocrx_word' id='word_1_210' title='bbox 352 2534 384 2585; x_wconf 84' lang='lat' dir='ltr'><em>ad</em></span> <span class='ocrx_word' id='word_1_211' title='bbox 411 2534 537 2606; x_wconf 84' lang='lat' dir='ltr'><em>plebeios.</em></span> 
     </span>
     <span class='ocr_line' id='line_1_25' title="bbox 260 2607 1400 2680; baseline -0.002 -18"><span class='ocrx_word' id='word_1_212' title='bbox 260 2609 331 2664; x_wconf 84' lang='lat' dir='ltr'><em>ibid.</em></span> <span class='ocrx_word' id='word_1_213' title='bbox 349 2618 413 2660; x_wconf 87' lang='lat' dir='ltr'><em>erat</em></span> <span class='ocrx_word' id='word_1_214' title='bbox 423 2612 545 2679; x_wconf 80' lang='lat' dir='ltr'><em>jrater]</em></span> <span class='ocrx_word' id='word_1_215' title='bbox 550 2607 654 2679; x_wconf 79' lang='lat' dir='ltr'><em>frater</em></span> <span class='ocrx_word' id='word_1_216' title='bbox 672 2618 735 2660; x_wconf 89' lang='lat' dir='ltr'><em>erat</em></span> <span class='ocrx_word' id='word_1_217' title='bbox 753 2607 821 2662; x_wconf 78' lang='lat' dir='ltr'><em>alter</em></span> <span class='ocrx_word' id='word_1_218' title='bbox 840 2611 901 2663; x_wconf 81' lang='lat' dir='ltr'><em>eod.</em></span> <span class='ocrx_word' id='word_1_219' title='bbox 923 2609 1017 2664; x_wconf 68' lang='lat' dir='ltr'><em>ambr.</em></span> <span class='ocrx_word' id='word_1_220' title='bbox 1036 2635 1068 2650; x_wconf 92' lang='lat'>-</span> <span class='ocrx_word' id='word_1_221' title='bbox 1088 2608 1175 2680; x_wconf 89' lang='lat' dir='ltr'><em>[erat]</em></span> <span class='ocrx_word' id='word_1_222' title='bbox 1188 2607 1292 2680; x_wconf 89' lang='lat' dir='ltr'><em>frater</em></span> <span class='ocrx_word' id='word_1_223' title='bbox 1310 2610 1400 2663; x_wconf 84' lang='lat' dir='ltr'><em>Beier.</em></span> 
     </span>
    </p>
   </div>
   <div class='ocr_carea' id='block_1_9' title="bbox 129 2738 1490 4822">
    <p class='ocr_par' dir='ltr' id='par_1_10' title="bbox 281 2738 573 2796">
     <span class='ocr_line' id='line_1_26' title="bbox 281 2738 573 2796; baseline -0.003 -6"><span class='ocrx_word' id='word_1_224' title='bbox 281 2753 308 2796; x_wconf 80' lang='lat'><em>1.</em></span> <span class='ocrx_word' id='word_1_225' title='bbox 327 2755 383 2791; x_wconf 89' lang='lat' dir='ltr'><em>om.</em></span> <span class='ocrx_word' id='word_1_226' title='bbox 403 2738 469 2792; x_wconf 90' lang='lat' dir='ltr'><em>Lod.</em></span> <span class='ocrx_word' id='word_1_227' title='bbox 489 2739 527 2790; x_wconf 87' lang='lat' dir='ltr'><em>Lu</em></span> <span class='ocrx_word' id='word_1_228' title='bbox 547 2738 573 2790; x_wconf 95' lang='lat' dir='ltr'><em>d.</em></span> 
     </span>
    </p>

    <p class='ocr_par' dir='ltr' id='par_1_11' title="bbox 278 2757 1484 2879">
     <span class='ocr_line' id='line_1_27' title="bbox 278 2757 1484 2879; baseline 0.002 -12"><span class='ocrx_word' id='word_1_229' title='bbox 278 2819 304 2868; x_wconf 83' lang='lat'><em>2.</em></span> <span class='ocrx_word' id='word_1_230' title='bbox 324 2815 411 2867; x_wconf 80' lang='lat' dir='ltr'><em>Dixit</em></span> <span class='ocrx_word' id='word_1_231' title='bbox 424 2813 486 2864; x_wconf 81' lang='lat' dir='ltr'><em>dein</em></span> <span class='ocrx_word' id='word_1_232' title='bbox 499 2757 546 2879; x_wconf 72' lang='lat' dir='ltr'><em>de]</em></span> <span class='ocrx_word' id='word_1_233' title='bbox 565 2811 631 2866; x_wconf 86' lang='lat' dir='ltr'><em>Lod.</em></span> <span class='ocrx_word' id='word_1_234' title='bbox 647 2841 679 2853; x_wconf 88' lang='lat'><em>·-</em></span> <span class='ocrx_word' id='word_1_235' title='bbox 694 2814 779 2865; x_wconf 78' lang='lat' dir='ltr'><em>Dixit</em></span> <span class='ocrx_word' id='word_1_236' title='bbox 792 2813 888 2865; x_wconf 81' lang='lat' dir='ltr'><em>deinde</em></span> <span class='ocrx_word' id='word_1_237' title='bbox 904 2817 994 2868; x_wconf 88' lang='lat' dir='ltr'><em>Priuo.</em></span> <span class='ocrx_word' id='word_1_238' title='bbox 1011 2813 1114 2866; x_wconf 77' lang='lat' dir='ltr'><em>Bertld.</em></span> <span class='ocrx_word' id='word_1_239' title='bbox 1129 2813 1188 2868; x_wconf 73' lang='lat' dir='ltr'><em>ald.</em></span> <span class='ocrx_word' id='word_1_240' title='bbox 1202 2843 1239 2858; x_wconf 89' lang='lat'><em>-·</em></span> <span class='ocrx_word' id='word_1_241' title='bbox 1251 2814 1331 2866; x_wconf 88' lang='lat' dir='ltr'><em>Dicit</em></span> <span class='ocrx_word' id='word_1_242' title='bbox 1344 2814 1377 2865; x_wconf 81' lang='lat' dir='ltr'><em>de</em></span> <span class='ocrx_word' id='word_1_243' title='bbox 1391 2820 1484 2869; x_wconf 88' lang='lat' dir='ltr'><em>ceteri.</em></span> 
     </span>
    </p>

    <p class='ocr_par' dir='ltr' id='par_1_12' title="bbox 277 2886 1179 2960">
     <span class='ocr_line' id='line_1_28' title="bbox 277 2886 1179 2960; baseline 0.004 -22"><span class='ocrx_word' id='word_1_244' title='bbox 277 2893 303 2947; x_wconf 75' lang='grc'><em>5.</em></span> <span class='ocrx_word' id='word_1_245' title='bbox 322 2888 481 2954; x_wconf 83' lang='lat' dir='ltr'><em>Dolabella]</em></span> <span class='ocrx_word' id='word_1_246' title='bbox 503 2886 649 2939; x_wconf 84' lang='lat' dir='ltr'><em>Dolabella</em></span> <span class='ocrx_word' id='word_1_247' title='bbox 669 2889 759 2940; x_wconf 85' lang='lat' dir='ltr'><em>Priuc.</em></span> <span class='ocrx_word' id='word_1_248' title='bbox 780 2888 886 2942; x_wconf 84' lang='lat' dir='ltr'><em>Beruld.</em></span> <span class='ocrx_word' id='word_1_249' title='bbox 906 2887 963 2941; x_wconf 77' lang='lat' dir='ltr'><em>did.</em></span> <span class='ocrx_word' id='word_1_250' title='bbox 985 2890 1050 2941; x_wconf 88' lang='lat' dir='ltr'><em>Lod.</em></span> <span class='ocrx_word' id='word_1_251' title='bbox 1070 2889 1179 2960; x_wconf 83' lang='lat' dir='ltr'><em>ubique.</em></span> 
     </span>
    </p>

    <p class='ocr_par' dir='ltr' id='par_1_13' title="bbox 279 2964 588 3029">
     <span class='ocr_line' id='line_1_29' title="bbox 279 2964 588 3029; baseline 0 -16"><span class='ocrx_word' id='word_1_252' title='bbox 279 2965 305 3019; x_wconf 81' lang='lat' dir='ltr'><em>lt.</em></span> <span class='ocrx_word' id='word_1_253' title='bbox 324 2965 395 3029; x_wconf 87' lang='lat' dir='ltr'><em>cum]</em></span> <span class='ocrx_word' id='word_1_254' title='bbox 417 2981 476 3014; x_wconf 84' lang='lat' dir='ltr'><em>essm</em></span> <span class='ocrx_word' id='word_1_255' title='bbox 496 2964 588 3014; x_wconf 89' lang='lat' dir='ltr'><em>Princ.</em></span> 
     </span>
    </p>

    <p class='ocr_par' dir='ltr' id='par_1_14' title="bbox 184 3034 1485 3556">
     <span class='ocr_line' id='line_1_30' title="bbox 277 3034 1485 3106; baseline 0.002 -18"><span class='ocrx_word' id='word_1_256' title='bbox 277 3039 304 3093; x_wconf 80' lang='grc'><em>5.</em></span> <span class='ocrx_word' id='word_1_257' title='bbox 324 3037 525 3104; x_wconf 81' lang='lat' dir='ltr'><em>obsignaverat</em></span> <span class='ocrx_word' id='word_1_258' title='bbox 549 3037 664 3087; x_wconf 82' lang='lat' dir='ltr'><em>literas:</em></span> <span class='ocrx_word' id='word_1_259' title='bbox 699 3039 758 3103; x_wconf 90' lang='lat' dir='ltr'><em>eas]</em></span> <span class='ocrx_word' id='word_1_260' title='bbox 799 3034 963 3105; x_wconf 80' lang='lat' dir='ltr'><em>„Editiones</em></span> <span class='ocrx_word' id='word_1_261' title='bbox 990 3035 1105 3102; x_wconf 86' lang='lat' dir='ltr'><em>habent,</em></span> <span class='ocrx_word' id='word_1_262' title='bbox 1143 3037 1342 3106; x_wconf 73' lang='lat' dir='ltr'><em>obsignaverat</em></span> <span class='ocrx_word' id='word_1_263' title='bbox 1360 3048 1485 3091; x_wconf 86' lang='lat' dir='ltr'><em>stateras</em></span> 
     </span>
     <span class='ocr_line' id='line_1_31' title="bbox 185 3111 1485 3184; baseline 0.004 -23"><span class='ocrx_word' id='word_1_264' title='bbox 185 3127 248 3174; x_wconf 80' lang='lat' dir='ltr'><em>eas,</em></span> <span class='ocrx_word' id='word_1_265' title='bbox 268 3111 359 3164; x_wconf 81' lang='lat' dir='ltr'><em>Codex</em></span> <span class='ocrx_word' id='word_1_266' title='bbox 378 3111 445 3165; x_wconf 82' lang='lat' dir='ltr'><em>alter</em></span> <span class='ocrx_word' id='word_1_267' title='bbox 460 3111 655 3164; x_wconf 78' lang='lat' dir='ltr'><em>Ambrosianus</em></span> <span class='ocrx_word' id='word_1_268' title='bbox 674 3112 893 3178; x_wconf 73' lang='lat' dir='ltr'><em>obsignaverat5</em></span> <span class='ocrx_word' id='word_1_269' title='bbox 911 3119 1032 3161; x_wconf 86' lang='lat' dir='ltr'><em>steteras</em></span> <span class='ocrx_word' id='word_1_270' title='bbox 1049 3131 1098 3162; x_wconf 87' lang='lat' dir='ltr'><em>eas</em></span> <span class='ocrx_word' id='word_1_271' title='bbox 1110 3128 1163 3166; x_wconf 86' lang='lat' dir='ltr'><em>eto.</em></span> <span class='ocrx_word' id='word_1_272' title='bbox 1201 3111 1276 3166; x_wconf 78' lang='lat' dir='ltr'><em>Alter</em></span> <span class='ocrx_word' id='word_1_273' title='bbox 1289 3130 1351 3164; x_wconf 82' lang='lat' dir='ltr'><em>tero</em></span> <span class='ocrx_word' id='word_1_274' title='bbox 1365 3119 1485 3184; x_wconf 80' lang='lat' dir='ltr'><em>optime,</em></span> 
     </span>
     <span class='ocr_line' id='line_1_32' title="bbox 184 3185 1484 3257; baseline 0.004 -21"><span class='ocrx_word' id='word_1_275' title='bbox 184 3185 394 3252; x_wconf 65' lang='lat' dir='ltr'><em>obsignaverat.</em></span> <span class='ocrx_word' id='word_1_276' title='bbox 432 3187 566 3239; x_wconf 85' lang='lat' dir='ltr'><em>Caeteras</em></span> <span class='ocrx_word' id='word_1_277' title='bbox 584 3203 632 3235; x_wconf 85' lang='lat' dir='ltr'><em>eas</em></span> <span class='ocrx_word' id='word_1_278' title='bbox 650 3201 702 3238; x_wconf 88' lang='lat' dir='ltr'><em>etc.</em></span> <span class='ocrx_word' id='word_1_279' title='bbox 742 3185 877 3238; x_wconf 84' lang='lat' dir='ltr'><em>Nimirum</em></span> <span class='ocrx_word' id='word_1_280' title='bbox 897 3185 1096 3253; x_wconf 74' lang='lat' dir='ltr'><em>obsignaverat</em></span> <span class='ocrx_word' id='word_1_281' title='bbox 1116 3187 1168 3239; x_wconf 88' lang='lat' dir='ltr'><em>hoc</em></span> <span class='ocrx_word' id='word_1_282' title='bbox 1188 3187 1250 3238; x_wconf 78' lang='lat' dir='ltr'><em>loco</em></span> <span class='ocrx_word' id='word_1_283' title='bbox 1271 3187 1424 3257; x_wconf 76' lang='lat' dir='ltr'><em>significet.</em></span> <span class='ocrx_word' id='word_1_284' title='bbox 1454 3204 1484 3241; x_wconf 91' lang='lat' dir='ltr'><em>ut</em></span> 
     </span>
     <span class='ocr_line' id='line_1_33' title="bbox 185 3259 1485 3330; baseline 0.001 -20"><span class='ocrx_word' id='word_1_285' title='bbox 185 3259 320 3326; x_wconf 77' lang='lat' dir='ltr'><em>arbitror,</em></span> <span class='ocrx_word' id='word_1_286' title='bbox 354 3266 433 3312; x_wconf 86' lang='lat' dir='ltr'><em>testis</em></span> <span class='ocrx_word' id='word_1_287' title='bbox 460 3259 612 3330; x_wconf 85' lang='lat' dir='ltr'><em>adfuerat,</em></span> <span class='ocrx_word' id='word_1_288' title='bbox 631 3265 686 3312; x_wconf 87' lang='lat' dir='ltr'><em>site</em></span> <span class='ocrx_word' id='word_1_289' title='bbox 705 3260 805 3310; x_wconf 87' lang='lat' dir='ltr'><em>annulo</em></span> <span class='ocrx_word' id='word_1_290' title='bbox 833 3265 1035 3312; x_wconf 69' lang='lat' dir='ltr'><em>accinctionem</em></span> <span class='ocrx_word' id='word_1_291' title='bbox 1064 3267 1093 3311; x_wconf 93' lang='lat' dir='ltr'><em>in</em></span> <span class='ocrx_word' id='word_1_292' title='bbox 1120 3262 1251 3312; x_wconf 87' lang='lat' dir='ltr'><em>Seaurrun</em></span> <span class='ocrx_word' id='word_1_293' title='bbox 1277 3264 1485 3329; x_wconf 73' lang='lat' dir='ltr'><em>obsignaverat.</em></span> 
     </span>
     <span class='ocr_line' id='line_1_34' title="bbox 186 3334 1484 3404; baseline 0.002 -19"><span class='ocrx_word' id='word_1_294' title='bbox 186 3336 276 3401; x_wconf 84' lang='lat' dir='ltr'><em>Quare</em></span> <span class='ocrx_word' id='word_1_295' title='bbox 304 3343 429 3386; x_wconf 85' lang='lat' dir='ltr'><em>staterae</em></span> <span class='ocrx_word' id='word_1_296' title='bbox 454 3335 487 3385; x_wconf 87' lang='lat' dir='ltr'><em>ub</em></span> <span class='ocrx_word' id='word_1_297' title='bbox 513 3335 566 3386; x_wconf 88' lang='lat' dir='ltr'><em>hoo</em></span> <span class='ocrx_word' id='word_1_298' title='bbox 592 3334 733 3386; x_wconf 88' lang='lat' dir='ltr'><em>Ciceronis</em></span> <span class='ocrx_word' id='word_1_299' title='bbox 759 3334 820 3387; x_wconf 89' lang='lat' dir='ltr'><em>loco</em></span> <span class='ocrx_word' id='word_1_300' title='bbox 847 3334 1024 3387; x_wconf 80' lang='lat' dir='ltr'><em>removendae</em></span> <span class='ocrx_word' id='word_1_301' title='bbox 1050 3336 1203 3388; x_wconf 86' lang='lat' dir='ltr'><em>videntur.&#39;&#39;</em></span> <span class='ocrx_word' id='word_1_302' title='bbox 1230 3336 1309 3390; x_wconf 78' lang='lat' dir='ltr'><em>Mat.</em></span> <span class='ocrx_word' id='word_1_303' title='bbox 1350 3339 1484 3404; x_wconf 82' lang='lat' dir='ltr'><em>¹,Ceteras</em></span> 
     </span>
     <span class='ocr_line' id='line_1_35' title="bbox 185 3407 1483 3482; baseline 0.004 -24"><span class='ocrx_word' id='word_1_304' title='bbox 185 3425 233 3459; x_wconf 89' lang='lat' dir='ltr'><em>eas</em></span> <span class='ocrx_word' id='word_1_305' title='bbox 251 3424 328 3462; x_wconf 84' lang='lat' dir='ltr'><em>aures</em></span> <span class='ocrx_word' id='word_1_306' title='bbox 349 3425 485 3482; x_wconf 83' lang='lat' dir='ltr'><em>respuunt.</em></span> <span class='ocrx_word' id='word_1_307' title='bbox 524 3413 634 3463; x_wconf 84' lang='lat' dir='ltr'><em>Correxi</em></span> <span class='ocrx_word' id='word_1_308' title='bbox 654 3410 773 3461; x_wconf 89' lang='lat' dir='ltr'><em>litteras.</em></span> <span class='ocrx_word' id='word_1_309' title='bbox 812 3407 854 3461; x_wconf 68' lang='grc' dir='ltr'><em>Οἱ.</em></span> <span class='ocrx_word' id='word_1_310' title='bbox 875 3415 904 3460; x_wconf 92' lang='lat' dir='ltr'><em>in</em></span> <span class='ocrx_word' id='word_1_311' title='bbox 923 3410 954 3462; x_wconf 90' lang='lat' dir='ltr'><em>V</em></span> <span class='ocrx_word' id='word_1_312' title='bbox 953 3427 1008 3462; x_wconf 90' lang='lat' dir='ltr'><em>err.</em></span> <span class='ocrx_word' id='word_1_313' title='bbox 1028 3410 1075 3464; x_wconf 86' lang='lat' dir='ltr'><em>lV.</em></span> <span class='ocrx_word' id='word_1_314' title='bbox 1097 3415 1141 3468; x_wconf 81' lang='lat'><em>63.</em></span> <span class='ocrx_word' id='word_1_315' title='bbox 1158 3410 1219 3467; x_wconf 75' lang='lat' dir='ltr'><em>rito.</em></span> <span class='ocrx_word' id='word_1_316' title='bbox 1232 3428 1298 3463; x_wconf 82' lang='lat' dir='ltr'><em>extr.</em></span> <span class='ocrx_word' id='word_1_317' title='bbox 1309 3430 1362 3482; x_wconf 93' lang='lat' dir='ltr'><em>pro</em></span> <span class='ocrx_word' id='word_1_318' title='bbox 1377 3412 1483 3463; x_wconf 89' lang='lat' dir='ltr'><em>Cluent.</em></span> 
     </span>
     <span class='ocr_line' id='line_1_36' title="bbox 185 3483 929 3556; baseline 0.003 -22"><span class='ocrx_word' id='word_1_319' title='bbox 185 3486 237 3550; x_wconf 82' lang='lat'><em>66,</em></span> <span class='ocrx_word' id='word_1_320' title='bbox 258 3487 319 3541; x_wconf 80' lang='lat'><em>186.</em></span> <span class='ocrx_word' id='word_1_321' title='bbox 339 3503 378 3555; x_wconf 87' lang='lat' dir='ltr'><em>pr.</em></span> <span class='ocrx_word' id='word_1_322' title='bbox 394 3502 448 3554; x_wconf 90' lang='lat' dir='ltr'><em>pro</em></span> <span class='ocrx_word' id='word_1_323' title='bbox 469 3484 565 3535; x_wconf 76' lang='lat' dir='ltr'><em>blaseo</em></span> <span class='ocrx_word' id='word_1_324' title='bbox 589 3488 641 3547; x_wconf 80' lang='lat' dir='ltr'><em>tb&#39;,</em></span> <span class='ocrx_word' id='word_1_325' title='bbox 662 3488 706 3543; x_wconf 75' lang='grc'><em>57.</em></span> <span class='ocrx_word' id='word_1_326' title='bbox 720 3484 785 3556; x_wconf 58' lang='lat' dir='ltr'><em>*pri¹</em></span> <span class='ocrx_word' id='word_1_327' title='bbox 814 3483 929 3536; x_wconf 71' lang='lat' dir='ltr'><em>attin.</em></span> 
     </span>
    </p>

    <p class='ocr_par' dir='ltr' id='par_1_15' title="bbox 184 3556 1486 3926">
     <span class='ocr_line' id='line_1_37' title="bbox 278 3556 1486 3629; baseline 0.002 -22"><span class='ocrx_word' id='word_1_328' title='bbox 278 3561 304 3614; x_wconf 87' lang='lat'><em>6.</em></span> <span class='ocrx_word' id='word_1_329' title='bbox 323 3560 446 3624; x_wconf 88' lang='lat' dir='ltr'><em>relictas]</em></span> <span class='ocrx_word' id='word_1_330' title='bbox 467 3577 535 3624; x_wconf 87' lang='lat' dir='ltr'><em>,‚np.</em></span> <span class='ocrx_word' id='word_1_331' title='bbox 557 3574 571 3609; x_wconf 85' lang='lat' dir='ltr'><em>o</em></span> <span class='ocrx_word' id='word_1_332' title='bbox 592 3574 687 3629; x_wconf 84' lang='lat' dir='ltr'><em>patre,</em></span> <span class='ocrx_word' id='word_1_333' title='bbox 706 3558 732 3610; x_wconf 91' lang='lat' dir='ltr'><em>h.</em></span> <span class='ocrx_word' id='word_1_334' title='bbox 752 3576 777 3611; x_wconf 91' lang='lat' dir='ltr'><em>e.</em></span> <span class='ocrx_word' id='word_1_335' title='bbox 799 3556 986 3610; x_wconf 82' lang='lat' dir='ltr'><em>hereditarias.</em></span> <span class='ocrx_word' id='word_1_336' title='bbox 1025 3557 1070 3611; x_wconf 87' lang='lat' dir='ltr'><em>Sic</em></span> <span class='ocrx_word' id='word_1_337' title='bbox 1090 3565 1194 3611; x_wconf 85' lang='lat' dir='ltr'><em>correxi</em></span> <span class='ocrx_word' id='word_1_338' title='bbox 1214 3575 1369 3628; x_wconf 75' lang='lat' dir='ltr'><em>corruptam</em></span> <span class='ocrx_word' id='word_1_339' title='bbox 1389 3559 1486 3612; x_wconf 87' lang='lat' dir='ltr'><em>lectio·</em></span> 
     </span>
     <span class='ocr_line' id='line_1_38' title="bbox 184 3632 1485 3706; baseline 0.001 -22"><span class='ocrx_word' id='word_1_340' title='bbox 184 3649 248 3684; x_wconf 90' lang='lat' dir='ltr'><em>nem</em></span> <span class='ocrx_word' id='word_1_341' title='bbox 268 3633 400 3683; x_wconf 86' lang='lat' dir='ltr'><em>relatas.&#39;&#39;</em></span> <span class='ocrx_word' id='word_1_342' title='bbox 427 3632 541 3688; x_wconf 75' lang='lat' dir='ltr'><em>butun.</em></span> <span class='ocrx_word' id='word_1_343' title='bbox 582 3633 656 3685; x_wconf 87' lang='lat' dir='ltr'><em>idern</em></span> <span class='ocrx_word' id='word_1_344' title='bbox 676 3648 737 3706; x_wconf 90' lang='lat' dir='ltr'><em>post</em></span> <span class='ocrx_word' id='word_1_345' title='bbox 756 3633 868 3683; x_wconf 89' lang='lat' dir='ltr'><em>relictas</em></span> <span class='ocrx_word' id='word_1_346' title='bbox 887 3652 901 3686; x_wconf 91' lang='lat' dir='ltr'><em>e</em></span> <span class='ocrx_word' id='word_1_347' title='bbox 921 3632 985 3684; x_wconf 89' lang='lat' dir='ltr'><em>libri</em></span> <span class='ocrx_word' id='word_1_348' title='bbox 1006 3633 1041 3684; x_wconf 91' lang='lat' dir='ltr'><em>Il.</em></span> <span class='ocrx_word' id='word_1_349' title='bbox 1063 3633 1167 3686; x_wconf 71' lang='lat' dir='ltr'><em>Arata.</em></span> <span class='ocrx_word' id='word_1_350' title='bbox 1188 3639 1325 3704; x_wconf 82' lang='lat' dir='ltr'><em>principio</em></span> <span class='ocrx_word' id='word_1_351' title='bbox 1343 3635 1396 3686; x_wconf 88' lang='lat' dir='ltr'><em>hoc</em></span> <span class='ocrx_word' id='word_1_352' title='bbox 1410 3634 1485 3685; x_wconf 88' lang='lat' dir='ltr'><em>addi-</em></span> 
     </span>
     <span class='ocr_line' id='line_1_39' title="bbox 185 3705 1485 3779; baseline 0.003 -22"><span class='ocrx_word' id='word_1_353' title='bbox 185 3705 225 3757; x_wconf 89' lang='lat' dir='ltr'><em>dit</em></span> <span class='ocrx_word' id='word_1_354' title='bbox 244 3707 478 3779; x_wconf 82' lang='lat' dir='ltr'><em>supplemeotutn:</em></span> <span class='ocrx_word' id='word_1_355' title='bbox 496 3713 610 3777; x_wconf 86' lang='lat' dir='ltr'><em>pietatis</em></span> <span class='ocrx_word' id='word_1_356' title='bbox 628 3725 712 3760; x_wconf 83' lang='lat' dir='ltr'><em>cansa</em></span> <span class='ocrx_word' id='word_1_357' title='bbox 732 3706 869 3776; x_wconf 70' lang='lat' dir='ltr'><em>gerendos</em></span> <span class='ocrx_word' id='word_1_358' title='bbox 887 3725 945 3758; x_wconf 89' lang='lat' dir='ltr'><em>esse</em></span> <span class='ocrx_word' id='word_1_359' title='bbox 964 3707 1157 3758; x_wconf 86' lang='lat' dir='ltr'><em>arbitrabatur</em></span> <span class='ocrx_word' id='word_1_360' title='bbox 1174 3708 1329 3759; x_wconf 88' lang='lat' dir='ltr'><em>aemulatus</em></span> <span class='ocrx_word' id='word_1_361' title='bbox 1347 3709 1390 3760; x_wconf 88' lang='lat' dir='ltr'><em>M.</em></span> <span class='ocrx_word' id='word_1_362' title='bbox 1411 3710 1485 3761; x_wconf 86' lang='lat' dir='ltr'><em>etl..</em></span> 
     </span>
     <span class='ocr_line' id='line_1_40' title="bbox 185 3779 1485 3853; baseline 0.002 -21"><span class='ocrx_word' id='word_1_363' title='bbox 185 3779 327 3846; x_wconf 70' lang='lat' dir='ltr'><em>tiaratos,</em></span> <span class='ocrx_word' id='word_1_364' title='bbox 346 3787 407 3853; x_wconf 84' lang='lat' dir='ltr'><em>qui,</em></span> <span class='ocrx_word' id='word_1_365' title='bbox 423 3786 488 3852; x_wconf 91' lang='lat' dir='ltr'><em>pori</em></span> <span class='ocrx_word' id='word_1_366' title='bbox 503 3787 609 3850; x_wconf 87' lang='lat' dir='ltr'><em>pietate</em></span> <span class='ocrx_word' id='word_1_367' title='bbox 628 3792 657 3834; x_wconf 89' lang='lat' dir='ltr'><em>et</em></span> <span class='ocrx_word' id='word_1_368' title='bbox 674 3781 814 3833; x_wconf 81' lang='lat' dir='ltr'><em>indnstria</em></span> <span class='ocrx_word' id='word_1_369' title='bbox 829 3781 967 3851; x_wconf 78' lang='lat' dir='ltr'><em>praediti,</em></span> <span class='ocrx_word' id='word_1_370' title='bbox 987 3781 1134 3834; x_wconf 76' lang='lat' dir='ltr'><em>admodum</em></span> <span class='ocrx_word' id='word_1_371' title='bbox 1152 3782 1340 3834; x_wconf 83' lang='lat' dir='ltr'><em>adulescentes</em></span> <span class='ocrx_word' id='word_1_372' title='bbox 1349 3791 1485 3853; x_wconf 87' lang='lat' dir='ltr'><em>paternas</em></span> 
     </span>
     <span class='ocr_line' id='line_1_41' title="bbox 185 3855 961 3926; baseline 0.004 -20"><span class='ocrx_word' id='word_1_373' title='bbox 185 3859 346 3907; x_wconf 81' lang='lat' dir='ltr'><em>inimicitias</em></span> <span class='ocrx_word' id='word_1_374' title='bbox 365 3874 469 3924; x_wconf 81' lang='lat' dir='ltr'><em>magno</em></span> <span class='ocrx_word' id='word_1_375' title='bbox 489 3874 549 3908; x_wconf 90' lang='lat' dir='ltr'><em>cum</em></span> <span class='ocrx_word' id='word_1_376' title='bbox 567 3858 663 3924; x_wconf 64' lang='lat' dir='ltr'><em>gloria</em></span> <span class='ocrx_word' id='word_1_377' title='bbox 673 3855 799 3926; x_wconf 90' lang='lat' dir='ltr'><em>fuerant</em></span> <span class='ocrx_word' id='word_1_378' title='bbox 815 3862 961 3926; x_wconf 82' lang='lat' dir='ltr'><em>persecuti.</em></span> 
     </span>
    </p>

    <p class='ocr_par' dir='ltr' id='par_1_16' title="bbox 277 3932 1000 4000">
     <span class='ocr_line' id='line_1_42' title="bbox 277 3932 1000 4000; baseline 0.001 -17"><span class='ocrx_word' id='word_1_379' title='bbox 277 3938 304 3990; x_wconf 85' lang='lat'><em>8.</em></span> <span class='ocrx_word' id='word_1_380' title='bbox 325 3932 454 3983; x_wconf 82' lang='lat' dir='ltr'><em>Caesaris</em></span> <span class='ocrx_word' id='word_1_381' title='bbox 472 3933 629 4000; x_wconf 90' lang='lat' dir='ltr'><em>orationes]</em></span> <span class='ocrx_word' id='word_1_382' title='bbox 650 3936 758 3984; x_wconf 90' lang='lat' dir='ltr'><em>caesari</em></span> <span class='ocrx_word' id='word_1_383' title='bbox 777 3949 888 3982; x_wconf 87' lang='lat' dir='ltr'><em>sorores</em></span> <span class='ocrx_word' id='word_1_384' title='bbox 907 3934 1000 3985; x_wconf 89' lang='lat' dir='ltr'><em>Princ.</em></span> 
     </span>
    </p>

    <p class='ocr_par' dir='ltr' id='par_1_17' title="bbox 181 4003 1485 4149">
     <span class='ocr_line' id='line_1_43' title="bbox 277 4003 1485 4079; baseline 0.002 -24"><span class='ocrx_word' id='word_1_385' title='bbox 277 4009 304 4062; x_wconf 88' lang='grc'><em>9.</em></span> <span class='ocrx_word' id='word_1_386' title='bbox 323 4005 392 4055; x_wconf 83' lang='lat' dir='ltr'><em>duos</em></span> <span class='ocrx_word' id='word_1_387' title='bbox 411 4005 504 4056; x_wconf 81' lang='lat' dir='ltr'><em>eodem</em></span> <span class='ocrx_word' id='word_1_388' title='bbox 523 4014 644 4078; x_wconf 88' lang='lat' dir='ltr'><em>tempore</em></span> <span class='ocrx_word' id='word_1_389' title='bbox 655 4007 702 4077; x_wconf 78' lang='lat' dir='ltr'><em>f.]</em></span> <span class='ocrx_word' id='word_1_390' title='bbox 735 4006 891 4079; x_wconf 71' lang='lat' dir='ltr'><em>tegendum</em></span> <span class='ocrx_word' id='word_1_391' title='bbox 909 4004 951 4057; x_wconf 83' lang='lat' dir='ltr'><em>rel</em></span> <span class='ocrx_word' id='word_1_392' title='bbox 969 4011 997 4061; x_wconf 83' lang='lat' dir='ltr'><em>sl.</em></span> <span class='ocrx_word' id='word_1_393' title='bbox 1016 4003 1077 4057; x_wconf 81' lang='lat' dir='ltr'><em>eod.</em></span> <span class='ocrx_word' id='word_1_394' title='bbox 1096 4014 1154 4056; x_wconf 91' lang='lat' dir='ltr'><em>tum</em></span> <span class='ocrx_word' id='word_1_395' title='bbox 1172 4004 1206 4075; x_wconf 83' lang='lat' dir='ltr'><em>f.</em></span> <span class='ocrx_word' id='word_1_396' title='bbox 1225 4004 1266 4058; x_wconf 85' lang='lat' dir='ltr'><em>rel</em></span> <span class='ocrx_word' id='word_1_397' title='bbox 1285 4004 1312 4057; x_wconf 86' lang='lat' dir='ltr'><em>d.</em></span> <span class='ocrx_word' id='word_1_398' title='bbox 1333 4004 1394 4058; x_wconf 79' lang='lat' dir='ltr'><em>eorl.</em></span> <span class='ocrx_word' id='word_1_399' title='bbox 1417 4014 1485 4058; x_wconf 89' lang='lat' dir='ltr'><em>tem·</em></span> 
     </span>
     <span class='ocr_line' id='line_1_44' title="bbox 181 4076 409 4149; baseline -0.004 -18"><span class='ocrx_word' id='word_1_400' title='bbox 181 4096 250 4149; x_wconf 87' lang='lat' dir='ltr'><em>pore</em></span> <span class='ocrx_word' id='word_1_401' title='bbox 269 4079 362 4130; x_wconf 79' lang='lat' dir='ltr'><em>eodem</em></span> <span class='ocrx_word' id='word_1_402' title='bbox 380 4076 409 4145; x_wconf 84' lang='lat' dir='ltr'><em>f.</em></span> 
     </span>
    </p>

    <p class='ocr_par' dir='ltr' id='par_1_18' title="bbox 129 4151 973 4225">
     <span class='ocr_line' id='line_1_45' title="bbox 129 4151 973 4225; baseline -0.002 -16"><span class='ocrx_word' id='word_1_403' title='bbox 129 4151 132 4157; x_wconf 69' lang='grc'>’</span> <span class='ocrx_word' id='word_1_404' title='bbox 261 4160 305 4209; x_wconf 85' lang='grc'><em>10.</em></span> <span class='ocrx_word' id='word_1_405' title='bbox 325 4153 513 4223; x_wconf 84' lang='lat' dir='ltr'><em>Dolabellam]</em></span> <span class='ocrx_word' id='word_1_406' title='bbox 533 4172 586 4207; x_wconf 89' lang='lat' dir='ltr'><em>orn.</em></span> <span class='ocrx_word' id='word_1_407' title='bbox 606 4152 690 4225; x_wconf 71' lang='lat' dir='ltr'><em>Luqd.</em></span> <span class='ocrx_word' id='word_1_408' title='bbox 711 4157 774 4208; x_wconf 83' lang='lat' dir='ltr'><em>Hor.</em></span> <span class='ocrx_word' id='word_1_409' title='bbox 797 4154 873 4207; x_wconf 74' lang='lat' dir='ltr'><em>Meo.</em></span> <span class='ocrx_word' id='word_1_410' title='bbox 893 4153 973 4207; x_wconf 88' lang='lat' dir='ltr'><em>Creu.</em></span> 
     </span>
    </p>

    <p class='ocr_par' dir='ltr' id='par_1_19' title="bbox 259 4228 1487 4300">
     <span class='ocr_line' id='line_1_46' title="bbox 259 4228 1487 4300; baseline -0.002 -16"><span class='ocrx_word' id='word_1_411' title='bbox 259 4234 304 4285; x_wconf 80' lang='lat'><em>11.</em></span> <span class='ocrx_word' id='word_1_412' title='bbox 322 4228 366 4281; x_wconf 87' lang='lat' dir='ltr'><em>Sc.</em></span> <span class='ocrx_word' id='word_1_413' title='bbox 378 4237 407 4280; x_wconf 92' lang='lat' dir='ltr'><em>et</em></span> <span class='ocrx_word' id='word_1_414' title='bbox 419 4234 573 4297; x_wconf 85' lang='lat' dir='ltr'><em>accusavit]</em></span> <span class='ocrx_word' id='word_1_415' title='bbox 586 4229 630 4283; x_wconf 88' lang='lat' dir='ltr'><em>Sc.</em></span> <span class='ocrx_word' id='word_1_416' title='bbox 644 4234 786 4281; x_wconf 74' lang='lat' dir='ltr'><em>aestuavit</em></span> <span class='ocrx_word' id='word_1_417' title='bbox 800 4231 864 4283; x_wconf 87' lang='lat' dir='ltr'><em>Hot.</em></span> <span class='ocrx_word' id='word_1_418' title='bbox 876 4230 957 4282; x_wconf 88' lang='lat' dir='ltr'><em>Creo.</em></span> <span class='ocrx_word' id='word_1_419' title='bbox 971 4244 997 4282; x_wconf 91' lang='lat' dir='ltr'><em>et</em></span> <span class='ocrx_word' id='word_1_420' title='bbox 1010 4244 1088 4299; x_wconf 84' lang='lat' dir='ltr'><em>seqq.</em></span> <span class='ocrx_word' id='word_1_421' title='bbox 1100 4228 1170 4280; x_wconf 81' lang='lat' dir='ltr'><em>male</em></span> <span class='ocrx_word' id='word_1_422' title='bbox 1184 4232 1285 4281; x_wconf 82' lang='lat' dir='ltr'><em>oraim</em></span> <span class='ocrx_word' id='word_1_423' title='bbox 1302 4230 1436 4300; x_wconf 72' lang='lat' dir='ltr'><em>particulo</em></span> <span class='ocrx_word' id='word_1_424' title='bbox 1449 4238 1487 4283; x_wconf 85' lang='lat' dir='ltr'><em>et.</em></span> 
     </span>
    </p>

    <p class='ocr_par' dir='ltr' id='par_1_20' title="bbox 261 4301 571 4360">
     <span class='ocr_line' id='line_1_47' title="bbox 261 4301 571 4360; baseline 0 -4"><span class='ocrx_word' id='word_1_425' title='bbox 261 4309 303 4360; x_wconf 82' lang='lat'><em>12.</em></span> <span class='ocrx_word' id='word_1_426' title='bbox 325 4319 380 4355; x_wconf 89' lang='lat' dir='ltr'><em>om.</em></span> <span class='ocrx_word' id='word_1_427' title='bbox 400 4301 466 4355; x_wconf 88' lang='lat' dir='ltr'><em>Lod.</em></span> <span class='ocrx_word' id='word_1_428' title='bbox 486 4304 525 4356; x_wconf 84' lang='lat' dir='ltr'><em>Lu</em></span> <span class='ocrx_word' id='word_1_429' title='bbox 545 4303 571 4356; x_wconf 90' lang='lat' dir='ltr'><em>d.</em></span> 
     </span>
    </p>

    <p class='ocr_par' dir='ltr' id='par_1_21' title="bbox 184 4325 1490 4673">
     <span class='ocr_line' id='line_1_48' title="bbox 260 4325 1489 4450; baseline 0.003 -23"><span class='ocrx_word' id='word_1_430' title='bbox 260 4382 303 4437; x_wconf 80' lang='lat'><em>13.</em></span> <span class='ocrx_word' id='word_1_431' title='bbox 325 4377 384 4446; x_wconf 83' lang='lat' dir='ltr'><em>Quo</em></span> <span class='ocrx_word' id='word_1_432' title='bbox 403 4378 474 4448; x_wconf 89' lang='lat' dir='ltr'><em>loco]</em></span> <span class='ocrx_word' id='word_1_433' title='bbox 497 4325 563 4433; x_wconf 60' lang='lat' dir='ltr'><em>Logd.</em></span> <span class='ocrx_word' id='word_1_434' title='bbox 583 4376 667 4450; x_wconf 77' lang='lat' dir='ltr'><em>Lugd.</em></span> <span class='ocrx_word' id='word_1_435' title='bbox 687 4377 765 4430; x_wconf 79' lang='lat' dir='ltr'><em>Mau.</em></span> <span class='ocrx_word' id='word_1_436' title='bbox 787 4377 868 4429; x_wconf 90' lang='lat' dir='ltr'><em>Creu.</em></span> <span class='ocrx_word' id='word_1_437' title='bbox 887 4405 924 4420; x_wconf 88' lang='lat'><em>-·</em></span> <span class='ocrx_word' id='word_1_438' title='bbox 942 4382 1036 4432; x_wconf 82' lang='lat' dir='ltr'><em>Primo</em></span> <span class='ocrx_word' id='word_1_439' title='bbox 1054 4394 1106 4446; x_wconf 85' lang='lat' dir='ltr'><em>qrso</em></span> <span class='ocrx_word' id='word_1_440' title='bbox 1125 4378 1184 4428; x_wconf 87' lang='lat' dir='ltr'><em>loco</em></span> <span class='ocrx_word' id='word_1_441' title='bbox 1203 4379 1293 4430; x_wconf 84' lang='lat' dir='ltr'><em>Prioc.</em></span> <span class='ocrx_word' id='word_1_442' title='bbox 1307 4378 1416 4430; x_wconf 77' lang='lat' dir='ltr'><em>Derald.</em></span> <span class='ocrx_word' id='word_1_443' title='bbox 1428 4377 1489 4432; x_wconf 75' lang='lat' dir='ltr'><em>did.</em></span> 
     </span>
     <span class='ocr_line' id='line_1_49' title="bbox 184 4451 1490 4523; baseline 0.004 -23"><span class='ocrx_word' id='word_1_444' title='bbox 184 4479 222 4493; x_wconf 94' lang='lat'><em>-</em></span> <span class='ocrx_word' id='word_1_445' title='bbox 241 4451 301 4520; x_wconf 83' lang='lat' dir='ltr'><em>Quo</em></span> <span class='ocrx_word' id='word_1_446' title='bbox 316 4458 407 4521; x_wconf 90' lang='lat' dir='ltr'><em>primo</em></span> <span class='ocrx_word' id='word_1_447' title='bbox 425 4453 485 4505; x_wconf 88' lang='lat' dir='ltr'><em>loco</em></span> <span class='ocrx_word' id='word_1_448' title='bbox 504 4453 567 4506; x_wconf 85' lang='lat' dir='ltr'><em>Hor.</em></span> <span class='ocrx_word' id='word_1_449' title='bbox 594 4481 627 4494; x_wconf 94' lang='lat'>-</span> <span class='ocrx_word' id='word_1_450' title='bbox 654 4453 787 4505; x_wconf 79' lang='lat' dir='ltr'><em>Fortassis</em></span> <span class='ocrx_word' id='word_1_451' title='bbox 804 4457 895 4521; x_wconf 90' lang='lat' dir='ltr'><em>primo</em></span> <span class='ocrx_word' id='word_1_452' title='bbox 915 4468 976 4504; x_wconf 88' lang='lat' dir='ltr'><em>oum</em></span> <span class='ocrx_word' id='word_1_453' title='bbox 995 4456 1128 4521; x_wconf 84' lang='lat' dir='ltr'><em>superiori</em></span> <span class='ocrx_word' id='word_1_454' title='bbox 1150 4469 1226 4504; x_wconf 85' lang='lat' dir='ltr'><em>terso</em></span> <span class='ocrx_word' id='word_1_455' title='bbox 1247 4453 1490 4523; x_wconf 71' lang='lat' dir='ltr'><em>iungendarum,</em></span> 
     </span>
     <span class='ocr_line' id='line_1_50' title="bbox 186 4523 1489 4601; baseline 0.006 -25"><span class='ocrx_word' id='word_1_456' title='bbox 186 4523 277 4578; x_wconf 80' lang='lat' dir='ltr'><em>addita</em></span> <span class='ocrx_word' id='word_1_457' title='bbox 298 4531 499 4598; x_wconf 80' lang='lat' dir='ltr'><em>praepositione</em></span> <span class='ocrx_word' id='word_1_458' title='bbox 519 4546 553 4578; x_wconf 89' lang='lat' dir='ltr'><em>a:</em></span> <span class='ocrx_word' id='word_1_459' title='bbox 580 4526 647 4578; x_wconf 89' lang='lat' dir='ltr'><em>Post</em></span> <span class='ocrx_word' id='word_1_460' title='bbox 674 4536 733 4579; x_wconf 85' lang='lat' dir='ltr'><em>tres</em></span> <span class='ocrx_word' id='word_1_461' title='bbox 753 4535 851 4596; x_wconf 87' lang='lat' dir='ltr'><em>partes</em></span> <span class='ocrx_word' id='word_1_462' title='bbox 870 4545 888 4576; x_wconf 92' lang='lat' dir='ltr'><em>a</em></span> <span class='ocrx_word' id='word_1_463' title='bbox 903 4531 995 4597; x_wconf 85' lang='lat' dir='ltr'><em>primo</em></span> <span class='ocrx_word' id='word_1_464' title='bbox 1014 4525 1074 4578; x_wconf 85' lang='lat' dir='ltr'><em>scil.</em></span> <span class='ocrx_word' id='word_1_465' title='bbox 1096 4544 1189 4582; x_wconf 82' lang='lat' dir='ltr'><em>versu:</em></span> <span class='ocrx_word' id='word_1_466' title='bbox 1216 4543 1244 4580; x_wconf 90' lang='lat' dir='ltr'><em>ut</em></span> <span class='ocrx_word' id='word_1_467' title='bbox 1264 4543 1345 4600; x_wconf 83' lang='lat' dir='ltr'><em>supra</em></span> <span class='ocrx_word' id='word_1_468' title='bbox 1365 4527 1406 4601; x_wconf 90' lang='lat' dir='ltr'><em>(p.</em></span> <span class='ocrx_word' id='word_1_469' title='bbox 1427 4531 1489 4586; x_wconf 74' lang='lat'><em>135.</em></span> 
     </span>
     <span class='ocr_line' id='line_1_51' title="bbox 185 4600 921 4673; baseline -0.001 -19"><span class='ocrx_word' id='word_1_470' title='bbox 185 4600 263 4673; x_wconf 81' lang='lat' dir='ltr'><em>llos.)</em></span> <span class='ocrx_word' id='word_1_471' title='bbox 282 4600 395 4669; x_wconf 80' lang='lat' dir='ltr'><em>legitur:</em></span> <span class='ocrx_word' id='word_1_472' title='bbox 428 4605 511 4656; x_wconf 86' lang='lat' dir='ltr'><em>Circo</em></span> <span class='ocrx_word' id='word_1_473' title='bbox 530 4606 642 4653; x_wconf 86' lang='lat' dir='ltr'><em>tertiam</em></span> <span class='ocrx_word' id='word_1_474' title='bbox 658 4610 769 4672; x_wconf 86' lang='lat' dir='ltr'><em>partem</em></span> <span class='ocrx_word' id='word_1_475' title='bbox 788 4620 805 4650; x_wconf 91' lang='lat' dir='ltr'><em>a</em></span> <span class='ocrx_word' id='word_1_476' title='bbox 821 4607 921 4670; x_wconf 90' lang='lat' dir='ltr'><em>primo.</em></span> 
     </span>
    </p>

    <p class='ocr_par' dir='ltr' id='par_1_22' title="bbox 260 4673 1154 4745">
     <span class='ocr_line' id='line_1_52' title="bbox 260 4673 1154 4745; baseline 0.001 -18"><span class='ocrx_word' id='word_1_477' title='bbox 260 4674 330 4728; x_wconf 88' lang='lat' dir='ltr'><em>ibid.</em></span> <span class='ocrx_word' id='word_1_478' title='bbox 350 4674 442 4745; x_wconf 76' lang='lat' dir='ltr'><em>labet]</em></span> <span class='ocrx_word' id='word_1_479' title='bbox 464 4680 555 4732; x_wconf 75' lang='lat' dir='ltr'><em>Ptine.</em></span> <span class='ocrx_word' id='word_1_480' title='bbox 574 4677 683 4730; x_wconf 79' lang='lat' dir='ltr'><em>bertii.</em></span> <span class='ocrx_word' id='word_1_481' title='bbox 702 4674 764 4729; x_wconf 80' lang='lat' dir='ltr'><em>A&#39;d.</em></span> <span class='ocrx_word' id='word_1_482' title='bbox 784 4675 849 4728; x_wconf 81' lang='lat' dir='ltr'><em>Lod.</em></span> <span class='ocrx_word' id='word_1_483' title='bbox 869 4704 906 4717; x_wconf 89' lang='lat'><em>—</em></span> <span class='ocrx_word' id='word_1_484' title='bbox 924 4673 1037 4725; x_wconf 76' lang='lat' dir='ltr'><em>liaberet</em></span> <span class='ocrx_word' id='word_1_485' title='bbox 1059 4679 1154 4728; x_wconf 83' lang='lat' dir='ltr'><em>ceteri.</em></span> 
     </span>
    </p>

    <p class='ocr_par' dir='ltr' id='par_1_23' title="bbox 260 4748 1487 4822">
     <span class='ocr_line' id='line_1_53' title="bbox 260 4748 1487 4822; baseline 0 -17"><span class='ocrx_word' id='word_1_486' title='bbox 260 4748 302 4805; x_wconf 80' lang='lat' dir='ltr'><em>ll.</em></span> <span class='ocrx_word' id='word_1_487' title='bbox 324 4749 505 4822; x_wconf 82' lang='lat' dir='ltr'><em>Praesertim]</em></span> <span class='ocrx_word' id='word_1_488' title='bbox 523 4756 671 4822; x_wconf 81' lang='lat' dir='ltr'><em>presertim</em></span> <span class='ocrx_word' id='word_1_489' title='bbox 690 4755 780 4809; x_wconf 80' lang='lat' dir='ltr'><em>Ptine.</em></span> <span class='ocrx_word' id='word_1_490' title='bbox 846 4754 891 4810; x_wconf 76' lang='lat'><em>1&#39;1.</em></span> <span class='ocrx_word' id='word_1_491' title='bbox 910 4752 964 4804; x_wconf 87' lang='lat' dir='ltr'><em>loci</em></span> <span class='ocrx_word' id='word_1_492' title='bbox 981 4751 1173 4819; x_wconf 83' lang='lat' dir='ltr'><em>suspicionem]</em></span> <span class='ocrx_word' id='word_1_493' title='bbox 1194 4751 1235 4802; x_wconf 90' lang='lat' dir='ltr'><em>leo</em></span> <span class='ocrx_word' id='word_1_494' title='bbox 1247 4755 1427 4821; x_wconf 83' lang='lat' dir='ltr'><em>suspitionem</em></span> <span class='ocrx_word' id='word_1_495' title='bbox 1444 4754 1487 4807; x_wconf 89' lang='lat' dir='ltr'><em>Pr.</em></span> 
     </span>
    </p>
   </div>
   <div class='ocr_carea' id='block_1_10' title="bbox 0 0 1612 5280">
    <p class='ocr_par' dir='ltr' id='par_1_24' title="bbox 0 0 1612 5280">
     <span class='ocr_line' id='line_1_54' title="bbox 0 0 1612 5280; baseline 0 0"><span class='ocrx_word' id='word_1_496' title='bbox 0 0 1612 5280; x_wconf 95' lang='lat' dir='ltr'><em> </em></span> 
     </span>
    </p>
   </div>
  </div>
 </body>
</html>
