3210 5280
227 196 288 262 lin
655 196 1100 264 Psillion-asconius

309 336 355 416 (5.
379 336 446 416 ll.)
467 339 636 422 Mnglsier
656 337 744 417 ludi]
792 335 942 399 Literarii
973 333 1226 419 ludimagister.
1283 335 1417 402 Omnem
1447 337 1530 403 enirn

226 431 368 495 sebolatu
392 433 501 494 luduin
529 429 815 502 discretionem,
839 440 870 491 ct
900 428 1040 513 magistri
1067 429 1128 490 ludi
1154 427 1316 502 dicuntur,
1341 429 1395 510 qui
1417 432 1534 511 primas

227 521 334 587 literas
357 524 483 586 docent.
527 522 619 604 Ergo
635 519 772 583 libellum
797 532 934 584 veterent
958 521 1024 584 vult
1039 520 1169 604 intelligi
1186 520 1327 585 attulisse
1343 520 1532 602 Caecilium,

226 619 307 680 unde
331 616 479 702 magistet·
501 614 613 680 dictata
636 614 742 695 pueris
763 616 917 696 praebere
938 612 1168 677 consuevisset.

204 712 219 762 l
309 711 390 775 llum
417 707 697 788 subscriptoribus
728 707 923 773 exercitatis
954 715 986 769 et
1016 704 1159 784 disertis]
1211 704 1332 769 Itonia.
1388 707 1535 773 Subscri-

227 812 338 886 ptores
361 811 462 863 errtern
485 799 650 876 dicuntur,
675 797 729 882 qui
748 797 893 858 adiurare
909 806 1121 857 accusatorem
1139 796 1284 861 causidici
1308 799 1429 863 solent:
1453 822 1535 883 quos

229 903 359 977 oportet
379 891 571 956 summissius
593 913 688 976 agere
710 911 802 974 quarn
824 885 899 950 dicit
920 885 992 962 ille,
1016 910 1107 971 quern
1129 900 1316 973 sequuntur.

307 985 345 1056 lu
366 982 516 1048 omnibus
540 987 627 1048 enim
649 983 759 1063 rebus]
804 980 866 1042 Hic
881 978 963 1041 ratio
979 981 1137 1054 redditur,
1163 1002 1259 1064 quere
1283 981 1379 1046 dixit:
1402 989 1539 1050 inmersi

229 1093 297 1136 non
314 1082 360 1136 esi
376 1075 469 1138 sniis.
503 1075 580 1137 lietu
597 1096 689 1156 surpra
706 1074 777 1137 ideo
793 1069 919 1155 posuit:
942 1070 1003 1134 Est
1023 1072 1163 1156 aliquid
1179 1075 1265 1148 boe,
1286 1087 1320 1138 ιιι
1339 1080 1533 1154 ostenderet,

189 1165 316 1246 ttquod
341 1163 405 1227 sine
428 1165 476 1228 his
500 1167 573 1229 nibil
596 1167 635 1229 sit
658 1165 827 1230 Caecilius.

307 1255 501 1318 Proximum
522 1257 795 1337 subscriptorem]
838 1258 1016 1319 Secundum
1039 1254 1079 1317 ab
1101 1267 1287 1320 accusatore
1310 1257 1467 1326 Caecilio.

315 1346 360 1422 (i.
384 1346 587 1424 senneber
609 1344 775 1426 Alienum]
827 1347 982 1412 Caecilius
1011 1345 1144 1408 scilicet.
1187 1349 1406 1417 Antistium
1433 1365 1535 1417 atttern

232 1435 345 1501 volunt
370 1438 501 1521 intelligi
523 1439 685 1521 proprium
712 1460 825 1502 noussen
847 1461 933 1514 esse,
957 1438 1044 1524 quasi
1066 1441 1105 1501 ab
1127 1437 1219 1512 Alia,
1243 1452 1277 1504 ut
1299 1443 1472 1528 Virgilius:

76 1528 81 1533 ’
176 1536 224 1598 [ιι]
313 1529 471 1612 Quosque
494 1548 610 1593 secans
633 1532 823 1610 infaustum
847 1533 1015 1597 interuenit
1035 1528 1111 1595 iiia
1133 1552 1262 1595 nornen.

192 1618 297 1688 :sulti
328 1619 546 1685 ALIENUM
579 1642 641 1686 non
673 1645 784 1688 nornen
817 1621 981 1705 proprium
1014 1632 1125 1700 putant
1160 1641 1246 1698 esse,
1280 1623 1336 1685 sed
1367 1625 1536 1703 alienum,

233 1723 264 1775 et
286 1713 412 1776 alterius
436 1712 555 1789 iudicii,
580 1725 611 1777 et
632 1735 694 1779 non
716 1737 756 1778 ex
771 1713 927 1778 auditorio
949 1712 1105 1794 praetoris
1128 1714 1340 1798 :italorumque
1359 1737 1535 1789 causarum,

232 1806 288 1868 sed
309 1827 332 1869 α
358 1805 539 1882 subselliis,
571 1809 634 1872 hoc
663 1818 726 1885 est,
765 1829 827 1871 non
857 1804 1115 1869 atribunslibus.
1171 1807 1251 1868 Srrnt
1279 1807 1359 1869 enim
1387 1807 1537 1870 subsellia

233 1896 451 1973 tribunorum,
475 1900 729 1976 triumvirorum,
755 1911 954 1984 quaestorum
990 1910 1021 1962 et
1042 1899 1255 1964 huiuscemodi
1281 1902 1400 1967 minora
1427 1902 1540 1966 iudicia

234 1989 468 2067 exercentium,
493 1995 630 2076 quinon
657 1992 689 2056 in
711 1993 796 2056 sellis
819 1991 979 2054 curulibus
1003 2013 1061 2055 nec
1085 1993 1311 2072 tribunalibus,
1335 1997 1390 2058 sed
1412 1993 1443 2056 in
1465 1997 1541 2057 snb·

192 2082 348 2158 roscillis,
372 2082 587 2149 considebant.

316 2180 423 2246 Hune
447 2178 624 2244 tamenab
647 2177 826 2257 subselliis]
868 2175 982 2240 Utrum
1013 2179 1076 2241 hoc
1105 2178 1143 2240 ad
1166 2189 1405 2260 contemptum,
1440 2182 1541 2242 suad

235 2292 334 2355 genus
357 2269 456 2333 laudis
482 2269 641 2352 pertinet?
663 2269 737 2352 Ego
761 2271 849 2350 quasi
870 2272 909 2333 ad
931 2271 1052 2333 laudern
1078 2270 1192 2335 dictum
1215 2272 1354 2353 accipio,
1386 2284 1421 2336 ιιι
1440 2273 1541 2335 tueior

233 2361 340 2427 irrisio
362 2363 402 2427 sit
423 2362 571 2438 Caecilii,
596 2362 648 2446 qui
671 2383 730 2425 nec
750 2384 768 2424 a
790 2361 944 2425 subselliis
964 2362 1062 2426 luerit
1084 2363 1262 2446 aliquando.

233 2482 775 2499 *m

234 2549 304 2672 petis
323 2542 412 2599 Plauti
432 2541 615 2609 editionibus,
636 2559 731 2597 eontra
750 2547 831 2597 metri
850 2543 922 2616 leges
942 2557 968 2596 et
984 2548 1231 2669 ¹qrernrneticornm
1252 2549 1419 2600 testimonis.
1458 2544 1538 2602 conl.

258 2616 472 2682 indemsnnnus,
504 2623 550 2689 qni
582 2633 671 2672 tamen
697 2622 726 2671 in
750 2635 783 2672 en
809 2632 897 2684 erret,
928 2633 982 2690 qno
1030 2635 1184 2691 perversum
1211 2619 1354 2673 verborum
1378 2619 1539 2675 ordinente

235 2693 491 2752 Pseudo-Asconio
510 2697 628 2766 petitum
648 2708 735 2766 putat.

326 2830 354 2891 5.
374 2826 441 2881 Cum
458 2823 700 2893 subscriptoribus]
729 2822 797 2876 Cum
815 2828 844 2876 in
863 2821 1045 2892 scriptoribus
1064 2823 1156 2876 Princ.

326 2905 352 2966 6.
373 2901 515 2971 δι’σιιιιιιιν]
536 2898 632 2951 dicuni
652 2901 742 2951 Ptine.
917 2901 941 2954 7.
961 2895 1039 2965 dicit]
1061 2897 1153 2951 Priue.
1173 2895 1307 2949 -diest
1325 2901 1419 2952 ceteri.
1466 2918 1470 2935 ·

328 2984 355 3044 8.
374 2976 407 3029 ln
426 2975 560 3041 omnibus]
581 2974 619 3025 iis
636 2972 760 3026 omnibus
779 2970 863 3043 lugd.
881 2999 920 3014 ·-
937 2970 1071 3022 Omnibus
1088 2970 1158 3043 (orn.
1179 2975 1265 3043 priori
1285 2977 1358 3038 voc.)
1377 2973 1454 3025 Man.
1473 2960 1538 3026 en'm

235 3052 315 3109 editt.
336 3054 495 3114 Ciceronis,
516 3052 560 3102 eut
581 3051 747 3120 praepositio
768 3044 936 3100 restituenda
955 3045 1071 3098 viderur.

309 3123 380 3182 ibid.
400 3123 485 3194 dixit]
507 3123 612 3174 eliserit
634 3123 697 3175 Ηοι.
718 3120 798 3174 Creu.
900 3129 943 3177 it.
962 3119 1010 3189 ab]
1030 3138 1064 3170 ee
1084 3121 1174 3172 Princ.

312 3208 356 3260 il.
376 3199 508 3266 Caecilio]
529 3195 589 3251 sti.
610 3210 637 3247 et
656 3211 732 3268 seqq.
751 3222 788 3236 -
807 3193 955 3247 Caecilistm
975 3198 1068 3248 l'rlnc.
1089 3191 1195 3249 berald.

312 3280 356 3334 it.
379 3275 517 3345 Alienum]
539 3271 676 3322 Allienum
698 3267 754 3323 sid.
776 3268 859 3341 Lugd.
880 3273 955 3325 bien.
966 3270 1048 3321 Creu.
1066 3284 1129 3319 enm
1143 3267 1221 3322 editt.
1235 3267 1294 3322 (ile.
1308 3284 1415 3342 praeter
1428 3270 1539 3342 znrnpt.

274 3354 283 3404 l
302 3364 390 3404 reram
411 3349 490 3402 lrnlns
511 3349 629 3400 nominis
649 3342 784 3397 scribendi
805 3348 939 3397 rationem
958 3360 991 3395 ex
1011 3340 1159 3415 interprete
1177 3358 1273 3396 nostro
1286 3359 1312 3397 et
1326 3343 1423 3398 Serrlo
1435 3343 1540 3399 docuit.

310 3424 381 3478 lbld.
401 3419 595 3490 ALIENUM]
622 3418 758 3470 Allienum
779 3418 864 3490 bugd.
888 3421 962 3471 blan.
982 3417 1062 3470 Creu.

312 3505 357 3560 13.
377 3498 455 3566 Alia]
477 3498 568 3550 l’rluo.
588 3495 649 3547 Ber.
672 3491 731 3547 ild.
752 3489 817 3546 Lod.
830 3520 860 3533 -
884 3492 958 3543 Allia
977 3491 1063 3562 lugd.
1086 3490 1150 3545 tior.
1170 3491 1248 3544 Men.
1268 3492 1349 3544 Creo.
1369 3493 1417 3547 Sit:
1435 3496 1539 3547 statim.

311 3569 381 3629 ibid.
401 3571 556 3639 Virgilius]
586 3575 655 3624 Aen.
676 3566 737 3620 Vll.
759 3572 821 3626 717.
841 3565 887 3618 ubl
908 3565 987 3638 uulgo
1007 3565 1110 3618 editur:
1139 3568 1266 3618 interluit
1286 3567 1371 3620 Alite.

311 3655 357 3709 15.
373 3650 487 3716 nomen]
507 3662 561 3698 orn.
582 3641 648 3696 Lnd.

312 3729 355 3782 17.
373 3721 424 3776 sed
440 3741 458 3773 a
476 3719 622 3786 subselliis]
654 3713 722 3768 Lod.
742 3732 769 3769 et
789 3732 864 3787 seqq.
882 3744 919 3758 -
937 3712 988 3766 sed
1003 3712 1139 3766 subselliis
1157 3715 1251 3768 Princ.
1270 3712 1376 3766 Benld.
1398 3711 1458 3768 did.

313 3801 356 3856 19.
376 3799 446 3852 Sunt
463 3801 536 3846 enim
554 3792 683 3844 subsellia
703 3821 722 3834 -
740 3822 760 3834 -
778 3821 797 3833 -
814 3791 1015 3859 exercentium]
1043 3791 1123 3860 „Epo
1143 3791 1170 3839 A
1188 3789 1326 3840 subselliis
1343 3804 1466 3859 expono,
1491 3792 1538 3860 qni

236 3889 357 3929 sersstns
376 3877 412 3926 stt
432 3875 461 3923 in
481 3867 601 3923 indictis.
620 3881 684 3918 nnrn
704 3864 833 3919 subsellia
852 3881 907 3916 non
926 3862 1004 3917 video
1024 3868 1070 3934 qni
1091 3862 1206 3935 probare
1227 3867 1312 3933 possit
1333 3866 1466 3915 Asconius
1487 3879 1540 3913 eo·

236 3966 297 4003 rnnr
317 3962 423 4001 tanturn
442 3942 545 4009 inisse,
574 3945 619 4014 qui
646 3943 752 3992 minora
778 3938 881 3992 indicte
906 3953 1077 3992 exercerent:
1115 3953 1179 3990 enm
1204 3954 1254 4009 pro
1275 3935 1403 3990 omnibns
1427 3936 1539 3989 indiciis

253 4021 398 4077 eneratiter
418 4035 433 4073 ι
452 4021 586 4074 Cicerone
607 4030 785 4087 usurpentur,
814 4029 844 4066 nt
863 4016 950 4085 Epist.
970 4013 1070 4066 lamii:
1086 4012 1135 4067 lib.
1155 4012 1234 4091 lllll.
1254 4028 1297 4084 ep.
1317 4018 1362 4069 20.
1381 4025 1408 4064 et
1427 4010 1479 4066 lib.
1501 4011 1537 4066 ll.

255 4116 270 4153 s
289 4098 423 4153 Orstere.
442 4110 469 4148 et
488 4099 518 4148 ιιι
538 4095 639 4153 Bruto,
657 4103 684 4140 et
703 4087 769 4142 alibi
790 4106 845 4141 non
865 4087 979 4141 semel.''
1008 4087 1155 4142 MANUT.

308 4177 353 4227 21.
372 4170 433 4222 Hoc
451 4184 478 4223 et
492 4183 605 4240 sequens
618 4162 744 4217 scholion
760 4156 830 4215 inies
845 4166 933 4235 posita
946 4176 1009 4215 ιιιιιι
1023 4167 1095 4216 inter
1109 4160 1190 4213 verbs
1208 4176 1303 4212 vocem
1320 4160 1368 4212 arel
1384 4167 1494 4228 gestum
1513 4173 1541 4213 et

234 4245 372 4317 Qtserttmr
391 4262 468 4313 quens
488 4259 541 4297 cet.
562 4246 591 4294 in
611 4242 701 4294 l‘rinc.
721 4235 830 4292 iterati.
849 4237 912 4292 sid.
931 4236 999 4289 Lod.

310 4326 355 4377 21.
374 4319 408 4370 ab
427 4316 578 4388 subselliis]
613 4315 659 4367 Sic
678 4329 773 4367 omnes
794 4316 907 4366 Asconii
927 4309 1005 4365 editt.
1025 4325 1052 4362 et
1072 4313 1113 4362 sic
1133 4323 1206 4363 recte
1226 4305 1313 4361 edidit
1335 4312 1418 4362 etiem
1439 4312 1468 4361 tn
1488 4309 1538 4362 ct-

235 4411 336 4448 cerone
356 4392 491 4458 Orellius,
511 4407 591 4465 quem
611 4387 681 4446 side.
724 4387 798 4441 Mire
826 4401 917 4438 antem
938 4402 978 4439 es:
997 4385 1136 4456 Zumptii,
1156 4387 1202 4455 qni
1221 4386 1336 4435 atterent
1356 4383 1503 4436 lectionem
1523 4399 1542 4432 n

234 4469 370 4521 subselliis
389 4466 513 4531 reduxit,
533 4468 691 4519 mactatio:
720 4465 856 4532 ,Asconii
875 4460 976 4513 lemma
996 4459 1032 4532 (sl
1053 4474 1126 4511 recte
1145 4473 1300 4511 correctum
1320 4472 1377 4520 est,
1406 4456 1479 4528 qnod
1499 4471 1541 4509 est

236 4548 264 4597 in
292 4560 357 4596 retr.
384 4541 435 4593 sed
450 4541 537 4606 subs.)
556 4554 584 4594 et
603 4535 664 4592 cod.
684 4541 728 4594 29.
748 4537 862 4608 Legem.
883 4535 919 4586 ab
937 4533 1100 4586 subselliis.”
1147 4535 1314 4587 Permutatis
1333 4532 1439 4585 seilicet
1458 4531 1540 4584 butus

234 4619 333 4672 scholii
348 4617 446 4670 lemma
467 4632 529 4669 cnm
549 4617 635 4688 ipsius
655 4616 812 4684 interpretis
832 4609 921 4663 verbis
938 4609 957 4664 l.
978 4613 1023 4666 17.

309 4698 353 4752 25.
373 4690 504 4757 Caecilii,
532 4695 579 4762 qui
597 4704 645 4741 stes
664 4704 682 4738 a
700 4686 773 4740 subs.
785 4684 895 4758 fuerit]
928 4680 995 4737 Lod.
1014 4698 1041 4737 ιιι
1060 4699 1135 4754 seqq.
1165 4706 1201 4722 -
1230 4681 1344 4734 Caecilii
1362 4697 1411 4734 ttee
1429 4698 1448 4730 ιι
1466 4679 1540 4733 subs.

227 4764 343 4840 suerint
362 4766 477 4839 priores.
