3210 5280
421 802 517 911 10.
562 803 749 911 CASP.
793 802 1081 915 ORELLH

584 1064 901 1159 ΜοΝιΤυΜ.

176 1341 435 1420 (Scholiastam,
451 1362 550 1426 quem
565 1365 648 1409 voco
657 1344 931 1420 Gronovianum,
948 1344 1214 1428 grammaticum
1226 1342 1350 1421 seculi,
1370 1343 1408 1407 ni

79 1434 222 1529 fallor,
255 1436 372 1521 quarti
404 1437 457 1498 vel
487 1436 618 1520 quinti,
652 1441 754 1523 longe
782 1438 1056 1522 postponendum
1087 1458 1156 1501 non
1186 1439 1299 1500 solum
1327 1458 1408 1527 uero

91 1531 261 1606 Asconio,
291 1529 533 1594 verumetiam
554 1532 765 1596 Scholiastae
786 1532 965 1608 bobiensi,
995 1530 1059 1596 sed
1081 1531 1232 1594 eiusdem
1241 1529 1332 1622 sere
1354 1529 1408 1594 in·

92 1625 199 1700 dolis,
233 1645 302 1708 qua
322 1621 401 1712 fuit
425 1623 739 1701 Pseudoasconius,
774 1625 928 1710 interque
960 1627 1068 1687 multa
1092 1645 1262 1708 perquam
1291 1623 1408 1707 inepta

90 1718 193 1781 edilia
214 1719 379 1782 nonnulla
395 1717 630 1800 praebentem,
655 1731 821 1804 quantum
839 1719 941 1802 potui
964 1717 1159 1792 emendavi,
1172 1714 1408 1807 fundamenti

91 1810 196 1873 veluti
208 1812 282 1874 loco
299 1809 417 1892 posita
436 1811 586 1874 editione
600 1811 840 1888 Gronoviana,
862 1833 886 1875 u
902 1832 973 1897 qua
991 1810 1028 1874 in
1048 1809 1252 1873 deteriorem
1269 1820 1408 1892 partem

90 1924 334 1989 nonnunquam
347 1903 418 1967 abit
431 1904 617 1982 Graevius,
641 1906 710 1969 siue
732 1927 828 1971 mera
841 1902 989 1997 ἇβλεψὶᾳ
1004 1905 1041 1968 in
1055 1903 1274 1967 describendo
1291 1902 1407 1966 codice

92 1997 283 2071 Vossiano,
317 1999 401 2080 (qua
429 1996 465 2060 in
487 2019 525 2060 re
546 1999 627 2080 plus
655 2020 738 2063 sane
763 1999 983 2064 tribuendum
1012 2008 1088 2062 erat
1117 2000 1148 2062 1.
1178 2001 1214 2061 F.
1241 1992 1408 2061 Gronovii

89 2110 194 2152 curae
206 2092 232 2168 ,)
246 2090 316 2154 sioe
333 2091 437 2154 etiam
453 2112 638 2173 operarum
651 2094 764 2175 culpa.
787 2095 973 2157 Praeterea
986 2089 1212 2176 negligendae
1225 2109 1294 2153 non
1307 2101 1408 2153 erant

88 2186 160 2248 lac.
190 2185 357 2249 Gronouii
388 2199 421 2250 et
453 2185 638 2250 Garatonii
666 2183 922 2249 emendationes
945 2183 1133 2248 nouissimo
1156 2181 1282 2247 editori
1312 2182 1409 2246 lsaud

88 2276 199 2353 uisae,
223 2278 282 2361 qui
309 2278 445 2362 quidem
466 2277 501 2341 in
526 2277 589 2357 iis,
619 2299 707 2362 quae
733 2279 918 2362 repetenda
941 2277 1091 2352 censuit,
1114 2288 1213 2340 acute
1238 2275 1408 2360 quaedam

88 2368 262 2443 correxit,
286 2373 393 2434 multo
408 2373 530 2453 plura,
555 2382 593 2434 ut
608 2373 754 2449 solebat,
778 2371 946 2456 eorrupit.
991 2370 1036 2437 ld
1053 2370 1197 2455 denique
1219 2369 1406 2433 cavendum

78 2459 185 2551 fuit,
219 2483 260 2525 ne
281 2465 475 2528 Scholiasta
492 2467 612 2548 paullo
634 2465 755 2530 melior
775 2467 823 2529 ad
841 2466 1021 2531 Actionem
1043 2467 1079 2530 in
1103 2467 1248 2531 Verrem
1268 2466 1299 2528 1.
1319 2465 1405 2545 cap.

90 2557 110 2616 b
131 2568 165 2617 et
188 2558 218 2618 7.
241 2579 320 2621 cum
340 2562 451 2623 altero
470 2559 755 2642 permisceretur,
777 2558 1064 2643 quemadmodum
1087 2557 1177 2624 miro
1205 2555 1347 2622 consilio
1371 2563 1407 2619 et

89 2669 114 2711 a
134 2651 282 2717 Graecia
302 2663 337 2716 et
357 2674 381 2716 a
401 2653 530 2720 Critico
550 2652 694 2720 Halensi
702 2649 852 2745 factum
872 2655 952 2732 est.)

419 3157 667 3266 IACOBI
710 3158 1076 3265 GRONOVH

502 3415 958 3518 ‘eunomio

173 3697 384 3773 Scholiasten
395 3721 609 3788 anonymum
622 3723 722 3786 quem
736 3723 839 3779 voco,
856 3701 887 3766 is
899 3698 1013 3785 patris
1026 3698 1185 3778 benefecii
1198 3711 1262 3765 est.
1305 3702 1407 3784 Quod

87 3790 121 3854 si
148 3791 235 3855 nibil
261 3792 360 3856 aliud
383 3817 472 3858 nunc
494 3817 518 3856 a
542 3817 595 3858 me
622 3791 763 3884 adferri
788 3790 945 3879 potuisse
969 3795 1174 3872 confiterer,
1208 3794 1263 3856 nic
1290 3795 1406 3880 utique

87 3884 295 3948 scholiastes
317 3888 406 3951 tanti
428 3900 521 3963 erat,
556 3899 594 3951 ut
620 3909 743 3952 novam
771 3891 956 3954 editionem
983 3887 1070 3952 satis
1092 3889 1282 3972 pretiosam
1303 3911 1407 3971 prae·

87 3988 214 4052 staret,
236 3977 332 4062 isque
356 3981 467 4045 instar
489 3985 676 4046 multorum
698 3996 980 4060 ornamentorum
1000 3995 1033 4047 et
1052 4004 1233 4045 numerum
1256 3983 1408 4047 obtinere

87 4069 227 4146 debeat,
250 4095 356 4156 quum
370 4098 416 4138 ex
431 4097 472 4139 eo
486 4088 558 4139 tam
574 4080 699 4152 multa,
724 4088 794 4140 tam
804 4075 1084 4170 egregiafluant
1105 4077 1151 4139 ad
1164 4076 1408 4141 illustrandum

87 4164 303 4242 Ciceronem,
328 4169 375 4230 ad
388 4180 509 4233 nostra
534 4169 705 4233 desideria
727 4169 889 4234 iuvanda.
934 4173 1054 4257 Itaque
1077 4172 1120 4235 de
1140 4194 1183 4235 eo
1204 4170 1407 4255 singillatim

85 4277 253 4320 enarrare
275 4265 478 4344 compellor,
502 4284 607 4347 quum
633 4262 671 4327 id
695 4276 883 4329 mereatur.

172 4353 219 4415 Et
232 4366 356 4419 auctor
371 4368 403 4418 et
418 4356 581 4420 librarius
583 4355 744 4448 ficerunt
765 4359 878 4432 docti,
901 4370 934 4421 et
956 4357 1093 4442 quidem
1107 4368 1253 4441 utraque
1274 4358 1407 4441 lingua,

86 4455 124 4505 ut
153 4468 201 4507 ex
225 4447 370 4510 alterius
396 4450 537 4513 lectione
563 4451 732 4515 Herodoti
763 4473 803 4514 ac
827 4450 1131 4530 'Demosclaenistp
1167 4451 1310 4514 alterius
1339 4473 1408 4514 non

87 4547 1392 4572 -—-—--—-—-.-....-—.......-..-........-..

160 4605 188 4672 ⁹)
215 4608 361 4682 Desomptl
388 4608 514 4663 videntur
539 4610 595 4664 locl
623 4612 663 4665 llll
695 4609 827 4668 Hstodotl
847 4627 874 4666 st
903 4611 1097 4666 nemosueu·
1127 4614 1169 4668 vel
1194 4631 1228 4668 cx
1252 4586 1408 4669 Sebollssts

84 4684 243 4755 antiquiore
264 4683 305 4738 cel
325 4702 357 4739 ss
377 4685 496 4741 libum
516 4684 618 4760 nilque.
646 4688 711 4743 Os.-
