3210 5280
174 173 239 237 did
505 172 806 240 SCHOLIASTA
827 174 1168 243 anouovntuns

175 363 179 370 .
259 316 337 398 Quo
365 336 418 378 me
447 313 592 396 vertam]
630 318 750 378 Totum
773 313 896 378 irridet.

257 411 371 491 Quum
386 429 482 470 meus
496 407 723 487 necessarius]
747 406 925 472 Consilium
940 406 1110 472 habuimus
1125 404 1277 493 negandi.
1323 409 1421 474 Fecit
1437 413 1499 474 Ta·

172 500 273 574 bero,
298 513 330 564 ut
353 522 416 565 non
438 501 609 563 habeamus
632 500 790 585 integrum
814 502 997 577 eonsilium;
1024 501 1056 565 id
1077 504 1165 586 quod
1185 502 1388 587 cogitamus,
1413 504 1496 580 fecit,

172 612 211 653 ne
233 592 294 656 iam
321 593 360 656 sit
381 593 554 677 integrum.
601 594 719 655 Totum
742 594 868 658 irridet.

102 728 108 735 -
147 693 162 744 5
255 685 458 770 Omissaque
479 683 729 767 controuersia]
762 691 847 752 Eece
872 685 1003 752 venialis
1025 687 1143 751 oratio.

255 783 334 861 Qua
353 780 495 862 plurimi
517 792 597 842 auru
615 783 823 862 conseruati]
849 781 970 866 Tangit
985 781 1086 863 ipsum
1104 785 1312 846 Tuberonem
1328 794 1360 845 et
1375 795 1492 864 patrem

171 870 286 954 ipsius,
310 873 365 958 qui
388 872 611 957 indulgentiam
636 887 828 939 meruerunt.

172 1005 175 1010 -
254 964 287 1028 2.
309 967 458 1050 Quintus
480 969 570 1029 euim
591 967 772 1050 Ligarius]
796 967 889 1030 Dixit
911 966 1080 1049 principia.
1125 968 1280 1032 Narratio
1301 968 1418 1051 incipit
1439 989 1492 1051 per

168 1055 424 1139 imprudentiam.
473 1062 554 1122 Nam
581 1061 725 1142 partibus
754 1059 983 1143 imprudentiae
1014 1061 1111 1122 utitur
1133 1064 1174 1122 ad
1196 1062 1368 1125 venialem.

124 1160 155 1209 tt
252 1153 428 1215 Decedeas
449 1153 646 1233 Considius]
681 1155 733 1215 Ad
757 1153 941 1215 consulatus
965 1154 1165 1234 petitionem.

253 1243 285 1305 3.
309 1249 440 1308 Bellum
461 1248 572 1310 arabico
593 1247 744 1326 exarsit]
769 1243 916 1326 Pompeii
940 1256 973 1308 et
999 1244 1162 1310 Caesaris.
1208 1247 1319 1328 Quare
1341 1269 1408 1313 non
1432 1251 1489 1314 hor

165 1346 264 1422 pacto
286 1338 388 1401 statim
412 1340 498 1401 venit
521 1351 552 1402 et
573 1338 676 1401 iunxit
697 1361 732 1401 se
754 1339 920 1400 iratribus.

255 1433 357 1539 Quod
378 1432 437 1516 qui
460 1443 560 1494 eraut
584 1431 619 1494 in
643 1430 773 1523 Africa
795 1442 900 1493 antea
918 1431 1105 1494 audieruut
1125 1433 1203 1515 geri
1223 1454 1331 1518 quam
1352 1436 1483 1519 parari]

167 1527 293 1612 Ergo
285 1547 343 1589 tam
365 1547 429 1588 uon
452 1536 614 1606 poterant.

125 1626 156 1675 ts
252 1624 333 1700 Cap.
361 1618 409 1680 ll.
433 1620 465 1679 lt.
489 1619 572 1680 Nou
595 1617 697 1681 modo
719 1620 851 1691 nulium
873 1618 922 1682 ad
942 1618 1080 1698 beilum]
1116 1618 1213 1682 Pacis
1238 1617 1322 1683 enim
1345 1631 1483 1704 tempore

165 1712 332 1797 proiectus
354 1721 414 1773 est.

249 1808 344 1869 Nam
361 1801 541 1893 profectio
561 1806 771 1867 voluntatem
790 1803 922 1886 habuit]
945 1803 1091 1874 Veniatia
1112 1824 1173 1885 per
1194 1825 1303 1868 casum
1326 1818 1359 1870 et
1381 1828 1482 1870 neces·

164 1899 301 1964 sitatetu.

249 1993 282 2055 5.
305 1991 361 2054 Aa
385 1989 442 2053 iiie
472 1989 503 2052 si
527 1990 700 2072 potuisset
723 2033 907 2055 ......
952 1991 984 2052 6.
1014 1991 1116 2053 cuius
1143 2013 1210 2075 ego
1239 2012 1385 2056 eausam
1413 1993 1482 2056 ani·

120 2095 153 2144 2⁰
164 2086 353 2158 madverte,
384 2104 453 2168 qua
467 2083 560 2165 fide]
605 2084 708 2148 Omne
735 2084 804 2147 iere
829 2095 993 2166 peccatum
1016 2086 1069 2147 vel
1092 2075 1239 2167 magnum
1263 2106 1368 2167 paene
1397 2087 1481 2148 inno·

163 2179 283 2244 centiae
312 2198 480 2257 personam
510 2175 604 2238 stianit
636 2178 876 2258 comparatione
909 2178 1041 2259 peioris.
1098 2181 1199 2257 Puta,
1233 2181 1393 2243 homicida
1422 2192 1480 2251 cst;

162 2291 313 2354 compara
334 2269 380 2331 iili
409 2269 597 2351 parricidam
626 2282 657 2333 ct
680 2270 832 2332 innocens
855 2270 1025 2333 iuvenitur.
1070 2273 1245 2335 Voiuntate
1267 2273 1338 2355 ipse
1369 2273 1482 2338 Cicero

163 2388 247 2431 arura
282 2362 420 2446 suscepit
455 2374 486 2425 et
521 2363 683 2425 voluntate
718 2363 889 2446 pugnavit:
928 2375 959 2426 et
991 2363 1189 2428 defendendo
1221 2367 1392 2450 Ligarium
1424 2386 1482 2429 non

163 2460 326 2522 voluntate
356 2478 537 2540 pugnasse,
573 2478 667 2538 quirun
695 2456 781 2519 iilum
812 2456 858 2520 sic
889 2455 1047 2532 defendit,
1084 2479 1118 2520 sc
1150 2458 1305 2539 prodidit.
1351 2461 1483 2523 Damnat

120 2551 245 2617 etenim
268 2571 340 2624 eos,
364 2549 419 2633 qui
441 2549 604 2635 uoluntate
627 2563 828 2630 sumpserunt
849 2571 961 2613 arma.
1006 2551 1099 2634 Ergo
1121 2551 1146 2612 si
1169 2551 1219 2626 hi,
1244 2551 1301 2635 qui
1324 2553 1481 2617 voluntate

162 2656 364 2725 sutttpserunt
387 2663 489 2717 arma,
525 2642 662 2706 absoluti
688 2654 779 2719 stant,
813 2643 886 2720 ille,
925 2641 979 2727 qui
1008 2642 1194 2706 necessitate
1219 2665 1398 2728 oppressus
1419 2646 1479 2721 est',

163 2735 304 2799 damnari
327 2755 396 2798 non
418 2737 524 2798 debet.

247 2828 331 2910 Cap.
354 2829 420 2892 111.
445 2832 476 2892 7.
499 2832 664 2912 Suscepto
686 2828 784 2911 bello]
809 2830 876 2893 Ista
901 2827 1061 2893 consessio
1083 2828 1249 2893 Ciceronis
1274 2830 1421 2897 defensio
1436 2842 1481 2896 est

162 2923 300 3009 Ligarii.

119 3031 151 3082 it
244 3016 331 3099 Qui,
356 3037 461 3099 aarum
481 3016 544 3078 hoc
563 3013 679 3092 sciret]
705 3013 786 3094 Quia
810 3014 973 3079 voluntate
1000 3018 1040 3078 ad
1061 3037 1145 3077 arina
1168 3016 1341 3081 venissem.

245 3113 289 3173 Ut
314 3131 422 3171 essem
443 3109 553 3184 idem,
577 3109 636 3192 qui
647 3106 822 3196 fuissem]
847 3109 941 3172 lussit
956 3109 1036 3172 enirn
1054 3112 1140 3172 illum
1156 3110 1249 3172 etiam
1273 3111 1477 3194 imperatorio

96 3275 99 3279 ⁸
162 3201 230 3266 iure
253 3214 360 3264 tenere
383 3202 524 3276 ltaliam,
550 3202 721 3265 dictatorio
744 3201 824 3263 iure.

243 3299 344 3359 Hunc
358 3293 529 3376 nuntium]
552 3296 640 3357 Inter
654 3295 775 3357 nuntia
789 3305 819 3356 et
834 3295 992 3357 nuntium
1006 3296 1135 3356 multum
1153 3293 1300 3359 interest.
1325 3299 1475 3362 Nuntius

161 3399 226 3463 est,
250 3387 306 3472 qui
332 3387 463 3450 nuntiat.
508 3389 645 3452 Nuntia
666 3399 757 3462 stant,
779 3410 860 3470 quiae
877 3390 1077 3463 nuntiantur,
1101 3401 1214 3451 neutro
1241 3410 1373 3473 genere.
1418 3393 1475 3454 Sed

118 3474 295 3564 tihic'pro
316 3493 430 3544 neutro
456 3481 656 3544 masculinum
680 3481 798 3563 posuit.
844 3485 925 3544 Nam
948 3482 973 3544 si
999 3485 1094 3544 dere
1119 3482 1211 3556 dicit,
1236 3505 1319 3566 qnae
1338 3487 1475 3548 nuntiata

160 3586 225 3651 est,
251 3596 313 3637 uon
340 3576 378 3636 dc
399 3595 554 3655 persona,
587 3596 666 3658 quae
692 3574 861 3650 nuntiavit,
886 3579 975 3638 huna
1000 3576 1175 3649 nuntium,
1198 3575 1321 3659 iuquit,
1344 3579 1474 3649 arrdiuir

160 3689 222 3732 non
244 3670 333 3731 hunc
355 3669 528 3743 nuntium,
553 3670 608 3730 sed
628 3669 691 3731 hoe
717 3669 874 3730 nuntium
896 3669 1000 3730 dicere
1026 3670 1150 3744 debuit,
1173 3670 1246 3752 quia
1271 3673 1310 3732 de
1332 3692 1369 3734 re
1392 3671 1470 3734 dicit.
1496 3718 1500 3727 .

242 3764 276 3826 8.
299 3767 353 3827 De
379 3763 525 3846 Ligario
546 3775 661 3825 autem
686 3761 810 3842 audeo]
836 3761 918 3839 Quia
945 3782 1008 3824 non
1031 3762 1192 3824 voluntate
1213 3765 1357 3846 suscepit
1378 3784 1470 3827 arara.

243 3856 275 3919 9.
298 3855 391 3938 Quid
414 3856 523 3933 enim,
549 3856 704 3930 Tubero,
728 3867 809 3916 tuus
837 3853 906 3936 iiie]
944 3855 1216 3936 Quemadmodum
1242 3856 1351 3942 arguit
1375 3861 1471 3941 pudo·

115 3961 223 4012 torem
246 3949 341 4012 iliius.

232 4108 260 4162 5.
278 4105 447 4169 cogitamus]
469 4101 504 4154 G.
524 4102 575 4155 Gr.
600 4115 638 4152 eo
657 4117 711 4167 cog
696 4099 850 4151 vitabamus
870 4099 902 4151 de
924 4103 1034 4153 Graevii
1055 4106 1129 4154 coni.
1148 4104 1214 4156 Seh.
1253 4107 1280 4160 7.
1302 4103 1468 4176 meruerunt]

157 4177 194 4232 G.
213 4177 262 4231 Gr.
291 4192 329 4229 ce
352 4184 514 4226 meruerant
539 4175 603 4228 Sch.
643 4182 668 4233 a.
685 4180 843 4245 principia.-
874 4167 1077 4247 Narratio]
1086 4177 1160 4229 Fort.
1177 4184 1349 4247 principiani
1367 4198 1468 4232 narra·

157 4252 271 4304 tionis.”
292 4252 397 4304 Gnate.
434 4251 567 4324 (Minime
587 4268 660 4303 vero.
690 4252 839 4304 Graevium
860 4248 968 4321 decepit
986 4216 1109 4304 deieciui
1127 4253 1348 4308 distinctionis
1339 4275 1368 4308 tn
1388 4255 1465 4312 Cod:

153 4331 294 4398 principia
312 4331 452 4379 narratio.
485 4327 554 4390 On.)
594 4325 636 4381 1'4.
658 4326 790 4390 „Excidit
812 4325 968 4390 discedere,
995 4325 1037 4378 vel
1064 4327 1155 4380 simile
1176 4328 1310 4399 aliquid.”
1339 4330 1466 4384 Senam.

156 4410 202 4458 21.
224 4411 264 4455 Ao
284 4411 316 4453 ut
330 4403 420 4470 purat
471 4407 515 4456 27.
535 4400 606 4471 ipsa]
627 4400 661 4453 G.
683 4402 732 4454 Gr.
757 4429 790 4440 -
809 4406 871 4471 ipsa
890 4402 957 4459 sih.
997 4405 1041 4458 2t.
1071 4403 1170 4467 «Foru.
1196 4404 1329 4474 delendi!
1349 4405 1466 4459 tamea.”
1506 4404 1510 4418 ⁸

156 4475 540 4531 1.F.Gu0sov.curmmt
580 4477 649 4527 ibid.
664 4475 804 4547 prodidit]
825 4476 859 4530 G.
889 4475 939 4530 Gr.
959 4507 995 4519 -
1012 4476 1137 4546 perdidit
1157 4479 1222 4547 Scit.
1262 4485 1308 4538 25.
1327 4488 1467 4534 armaio·

155 4554 241 4604 seruit
261 4551 325 4605 Scir.
364 4555 410 4607 27.
435 4550 622 4616 Particulam
642 4569 696 4603 aaa
718 4551 809 4603 addidi
830 4550 1156 4622 rnalevuigoomiuam)
1159 4544 1322 4609 ’Senam
1361 4561 1406 4615 52.
1425 4559 1465 4608 tu-

155 4625 234 4679 dctur
254 4626 386 4680 excidisse
406 4625 437 4676 id
454 4634 497 4677 est
517 4642 624 4679 anter.
645 4627 807 4680 dictatorio.
847 4630 891 4686 58.
911 4624 945 4677 de
965 4627 1083 4694 Ligario
1102 4632 1168 4698 eet]
1189 4632 1325 4702 Corrupit
1345 4633 1439 4685 haee
1432 4648 1464 4685 ιιι

156 4705 277 4754 restituit
297 4701 376 4757 Scin:
396 4699 430 4753 de
449 4701 564 4774 Ligarii]
585 4719 623 4754 se.
634 4701 724 4773 jacto
744 4711 845 4757 aretem.
865 4718 922 4756 non
941 4702 1066 4772 sudeam]
1087 4707 1228 4774 quiam
1246 4723 1377 4761 -areua
