3210 5280
319 221 368 286 ru
394 221 538 287 ouen.
561 201 625 286 nn
648 220 773 287 Anne
796 221 977 287 ueneno
1000 219 1215 286 nunonis.
1364 217 1426 284 us

185 364 254 438 111.
284 358 319 438 1.
349 363 397 439 Ut
423 390 515 464 quas
541 354 697 440 haberet
721 367 759 438 in
786 350 972 439 iestihulo
999 363 1145 438 tabulas
1170 353 1356 463 refigeret.

193 483 275 546 Post
292 480 422 545 eiectum
440 481 631 548 Ciceronem
657 483 744 546 velut
758 482 924 547 criminum
949 481 1017 545 eius
1041 482 1144 566 elogia
1166 481 1425 564 proscripserst¹

107 575 262 652 Clodius,
287 589 319 640 et
341 579 463 638 easdem
486 570 610 641 tabulas
631 577 663 641 in
687 577 844 642 vestibulo
866 579 977 642 domus
999 598 1075 641 suae
1093 577 1227 653 fixerat,
1249 578 1288 638 de
1311 575 1425 658 quihus

107 691 191 732 nisnc
215 669 305 754 loqui
331 670 472 735 uidetur:
507 688 624 756 easque
652 672 834 748 contendit,
865 670 1012 754 quoniam
1038 671 1140 733 falsae
1163 669 1224 733 sint
1251 681 1282 732 et
1306 666 1425 732 calum·

107 763 239 839 niosae,
271 785 331 846 pro
354 763 452 828 nihilo
475 780 544 828 etse
567 767 744 828 ducendas:
782 787 842 828 nec
864 765 957 828 ullam
981 763 1040 827 sibi
1063 785 1104 827 ex
1129 762 1167 825 iis
1195 763 1343 827 invidiam
1367 763 1450 831 re²5

105 856 406 962 pertimescendam,
431 857 484 942 qui
506 870 537 922 et
562 859 592 922 in
619 868 744 922 senatus
768 857 968 921 ιοιιιιιιιιιιιι3
991 857 1068 922 nihil
1090 856 1238 921 mentitus
1260 856 1301 922 sit
1322 865 1353 920 et
1374 878 1427 922 re·

108 951 303 1015 stitutionem
326 952 489 1015 meruerit.

184 1071 222 1149 2.
261 1075 405 1149 Etenim
440 1080 535 1172 tria,
571 1087 612 1150 nt
648 1078 806 1175 opinor,
842 1074 933 1150 haee
971 1078 1009 1149 in
1044 1076 1195 1150 Milonis
1227 1099 1426 1173 personam

111 1197 265 1287 questus
293 1212 353 1282 es,
382 1189 427 1261 de
454 1211 540 1261 aere
567 1189 708 1285 alieno,
735 1196 778 1261 de
794 1190 851 1284 vi,
879 1190 924 1261 de
952 1189 1101 1262 ambitu.
1154 1189 1235 1261 Duo
1261 1193 1433 1285 praeter-¹

107 1301 191 1372 isti:
245 1299 336 1373 nihil
362 1299 407 1372 de
434 1299 676 1400 religionibus
702 1302 873 1397 violatis,
906 1298 997 1374 nihil
1023 1301 1068 1374 de
1094 1302 1259 1374 incestus
1286 1302 1470 1400 stupuisti

109 1424 263 1511 questus
291 1438 343 1487 es.

193 1533 291 1595 Facta
307 1552 402 1612 supra
418 1530 603 1595 diuisionel
626 1551 684 1614 per
703 1552 756 1595 eas
778 1530 919 1613 species,
944 1530 1059 1613 quihus
1081 1529 1252 1593 insectatus
1269 1527 1426 1593 Milonem

109 1623 245 1689 Clodius
274 1625 399 1699 furerat,
433 1626 539 1688 subdit
561 1634 674 1689 orator
704 1623 797 1687 etiam
825 1625 889 1687 duo
922 1623 1002 1686 haec
1026 1624 1226 1706 posteriora,
1261 1624 1363 1708 ιιιιιιε
1395 1621 1427 1709 in

108 1716 211 1801 ipsum
233 1721 348 1803 procul
371 1717 466 1782 dubio
489 1717 707 1783 adversarium
730 1715 971 1780 conveniebant
995 1761 1004 1781 .
1030 1761 1040 1781 .
1065 1762 1075 1782 .
1348 1751 1351 1754 ⁴
1432 1749 1436 1778 t

369 1839 670 1942 [Desiderantur
687 1842 860 1950 paginae
884 1841 1019 1916 saltem
1045 1837 1170 1940 duae]
1425 1875 1471 1924 ,ιι

186 1974 223 2055 3.
253 2037 262 2055 .
292 2037 300 2055 .
328 1982 415 2055 lium
443 1984 602 2057 uomina.

185 2101 254 2177 Est
281 2106 376 2176 enim
404 2127 624 2202 quocunque
650 2102 752 2175 venit
785 2112 823 2176 et
846 2125 998 2176 reorum
1024 2104 1165 2177 crimen
1192 2112 1230 2175 et
1255 2102 1426 2175 iudicum.

195 2221 291 2301 Quod
319 2220 456 2302 pertinet
486 2223 525 2283 ed
554 2240 647 2295 reos,
681 2219 760 2282 illud
788 2230 853 2282 est:
892 2220 1044 2283 inutiliter
1073 2220 1207 2304 loquens
1236 2221 1339 2283 adfert
1366 2219 1427 2282 illis

107 2313 283 2398 perieulum
306 2313 525 2378 damnationis.
570 2314 668 2394 Quod
682 2326 785 2377 etitem
801 2314 941 2378 refertur
956 2315 1011 2376 ad
1014 2313 1151 2389 iudices,
1176 2315 1226 2375 hle
1242 2313 1428 2395 intellegere

109 2411 260 2471 dehemus
282 2429 425 2491 siragnam
449 2408 510 2470 illis
532 2406 681 2471 invidiam
706 2402 803 2471 simul
823 2419 855 2471 et
877 2406 1034 2470 infamiam
1057 2407 1238 2489 comparari
1261 2409 1312 2468 ab
1323 2407 1427 2491 litige-
1412 2414 1469 2462 ·2⁰

110 2501 251 2575 toribus,
275 2500 306 2564 si
328 2502 474 2582 corrupti
495 2501 628 2582 pecunie
652 2488 946 2565 existimareniur⁶s
969 2500 1117 2583 quioniam
1134 2502 1197 2563 hoc
1220 2499 1335 2563 falso
1326 2511 1426 2562 secte·

111 2594 196 2657 verit
224 2592 359 2658 Clodius
388 2594 523 2700 pretium
550 2595 771 2687 sententiarum
798 2594 952 2657 iudicibus
981 2614 1050 2657 esse
1076 2594 1293 2673 tribuendum,
1331 2614 1427 2678 qutun

110 2698 214 2751 tanuen
239 2690 366 2751 eandem
389 2682 563 2770 pecuniam
574 2688 642 2772 ipse
665 2687 897 2769 intercepturus
920 2688 1092 2771 acciperet.

187 2809 224 2885 d.
252 2812 442 2911 Tuamque
468 2806 682 2910 praeturem
710 2838 786 2888 nou
814 2823 878 2887 tuo
904 2838 1007 2888 more
1034 2813 1198 2890 differas.

243 3063 303 3122 poio
321 3061 387 3107 idern
411 3059 512 3108 Clodius
530 3059 641 3107 insidiae
661 3063 811 3120 parasieee,
840 3064 903 3120 quod
920 3061 974 3108 heic
994 3059 1026 3120 (si
1047 3075 1091 3106 sos
1114 3067 1179 3107 reete
1200 3063 1279 3106 locum
1297 3060 1429 3116 explemus)

249 3136 282 3178 eit
300 3147 354 3178 esse
367 3135 525 3178 notissimum.
562 3131 593 3176 Ut
605 3145 664 3192 ergo
677 3133 796 3189 interpres
808 3133 854 3176 sihi
868 3137 975 3187 constet,
996 3133 1091 3189 quidem
1109 3134 1236 3186 perdoctus
1253 3132 1343 3175 esnirus
1361 3142 1429 3175 meus

250 3205 362 3248 censebat
380 3199 414 3252 τὸ
434 3201 530 3249 ridetur
547 3203 650 3258 positum
671 3204 796 3258 superiore
817 3203 870 3247 loeo
889 3215 932 3257 pro
950 3207 1048 3246 constat
1065 3203 1100 3245 eet
1120 3207 1234 3260 apparet.
1271 3201 1333 3246 Sene
1358 3200 1430 3244 etissu

251 3275 281 3316 ed
299 3273 434 3317 cretionem
451 3273 474 3316 in
499 3272 568 3316 Clod.
588 3277 612 3317 et
632 3271 690 3316 Cur.
711 3277 760 3316 tum
786 3271 811 3317 ln
836 3276 977 3330 argumento
999 3277 1048 3314 tuus
1069 3272 1092 3315 in
1114 3272 1286 3316 commentario
1307 3270 1339 3315 V.
1359 3265 1385 3314 2.
1405 3271 1429 3313 in

247 3356 275 3388 re
294 3343 354 3386 setis
373 3344 497 3397 explorate
517 3342 589 3386 utitor
608 3346 690 3386 noster
707 3343 827 3397 interpres
844 3341 960 3386 vocabulo
978 3340 1067 3385 sideri.
1103 3339 1135 3385 Et
1154 3342 1249 3398 quidem
1265 3345 1288 3385 in
1306 3340 1430 3386 sententiis

249 3413 352 3457 indicem
370 3406 405 3461 τὸ
424 3410 520 3456 ridetur
539 3411 695 3468 proferendae
716 3412 847 3457 sententies
865 3411 950 3456 idonee
970 3424 1042 3456 ceum
1061 3415 1124 3455 eret.
1158 3412 1219 3457 vide
1237 3410 1383 3456 frontonem
1400 3410 1430 3454 de

252 3483 298 3531 ier.
318 3483 371 3526 Διι.
391 3483 430 3526 ed.
449 3481 521 3526 ltcsn.
541 3494 564 3537 p.
586 3478 646 3526 211.
665 3495 719 3527 euru
737 3481 829 3526 schotto
847 3494 912 3525 meo.
1013 3482 1015 3486 '

185 3607 210 3654 t.
231 3607 291 3652 Cot.
317 3608 407 3651 ettoeia
421 3605 626 3664 proseribeerat,·
652 3608 694 3652 sed
711 3607 792 3652 littere
809 3611 820 3650 t
835 3604 928 3652 ridetur
946 3610 1071 3661 espancis.
1120 3599 1214 3665 (Μιιιιι
1232 3607 1254 3651 in
1273 3606 1355 3654 hehet.
1374 3619 1431 3650 con-

249 3682 315 3723 textu
339 3677 436 3732 scripsit
456 3676 665 3734 perscripserat.)
710 3674 735 3721 2.
763 3677 799 3720 lte
816 3675 878 3727 Cod.
926 3672 951 3723 3.
970 3677 1031 3724 Cod.
1051 3681 1154 3721 senatus
1172 3677 1309 3721 eonesitne.
1356 3674 1430 3720 l’lsse

252 3760 338 3792 censeo
362 3747 544 3806 corrigendum,
573 3745 616 3806 qui
633 3753 657 3790 et
673 3751 778 3791 senetur
799 3745 940 3790 consultum
960 3746 1056 3789 uallem
1075 3745 1192 3789 mentitas
1212 3745 1256 3790 sit.
1294 3745 1343 3790 11οι
1367 3749 1432 3800 petet

252 3831 282 3861 en
305 3817 359 3871 ipso
379 3817 511 3868 Cicerone,
532 3816 571 3873 qui
598 3815 621 3859 in
643 3820 706 3860 oret.
726 3829 770 3871 pro
794 3816 865 3860 domo
886 3814 958 3862 xix.
978 3815 1091 3859 relettens
1114 3828 1166 3859 eesn
1191 3816 1285 3874 legem,
1308 3828 1353 3872 que
1374 3816 1431 3870 pro'·

252 3887 357 3942 scriptus
377 3886 455 3929 iuerat
478 3884 610 3938 relatio,
639 3886 687 3930 eit:
717 3886 807 3943 „quid,
836 3885 856 3929 si
878 3885 908 3928 iis
931 3886 1011 3928 verbis
1029 3885 1118 3940 scripte
1142 3888 1179 3928 est
1204 3885 1249 3928 ists
1270 3885 1430 3939 proscriptio,

254 3961 299 4010 „nt
317 3970 343 4001 se
365 3957 415 4010 ipss
434 3953 566 3999 dissolvet?
584 3959 620 3999 est
638 3956 716 3999 enisu:
736 3953 801 4014 quod
811 3951 849 3999 M.
866 3951 968 3998 Tulliae
973 3949 1074 4012 soleam
1091 3959 1194 3997 senatres
1213 3955 1352 3998 eoneuheun
1364 3958 1431 3996 retes·

251 4026 340 4081 „ierit
378 4026 403 4069 Si
420 4025 493 4082 igitur
512 4025 595 4069 retulit
612 4024 698 4068 istrum
716 4029 813 4068 senetns
827 4025 976 4076 consultum,
996 4029 1044 4067 ιιιιι
1057 4028 1094 4068 est
1109 4023 1219 4082 rogetio:
1239 4024 1259 4066 si
1280 4036 1326 4067 ιιοιι
1339 4025 1431 4075 retulit,
1541 4057 1546 4069 .

251 4097 334 4150 „nulle
353 4099 399 4139 est.
436 4096 529 4138 Satisne
551 4093 593 4139 tihi
611 4093 704 4139 ridetur
724 4106 738 4137 e
757 4099 841 4138 seeets
867 4094 1008 4146 iudicatum,
1029 4106 1068 4137 ιιιι
1086 4108 1132 4137 uon
1151 4094 1221 4136 modo
1235 4106 1280 4136 son
1294 4094 1432 4136 ementitum

254 4179 327 4220 „esse
346 4165 512 4208 enetcritetem
525 4164 576 4208 eius
595 4164 702 4217 ordinis,
721 4164 764 4208 sed
776 4165 847 4208 etiem
867 4176 937 4206 ιιιιιιιιι
951 4167 1003 4216 ροιι
1020 4163 1103 4209 esbern
1115 4163 1233 4207 conditesn
1250 4163 1431 4220 diligentissime

252 4239 363 4290 „senstnt
383 4234 531 4289 parsisse?”
565 4230 646 4289 (l'ort.
666 4233 693 4276 in
711 4237 814 4277 eenatne
834 4228 1035 4277 eonenItienihid
1045 4246 1117 4277 m.s.
1146 4231 1204 4282 Os.)
1242 4230 1265 4276 i.
1286 4232 1346 4275 Cod.
1358 4227 1433 4290 sueto

251 4319 331 4363 supra
346 4335 352 4348 .
369 4332 398 4347 ..
414 4317 462 4360 per
479 4317 524 4346 eae
542 4308 588 4348 cet.
604 4333 611 4346 .
627 4332 656 4346 ..
676 4305 752 4357 spatio
771 4305 907 4348 interiecto.
945 4297 969 4346 1.
990 4301 1025 4346 tta
1037 4304 1129 4348 ridetur
1141 4301 1229 4347 hebere
1241 4303 1295 4346 cod.
1309 4315 1371 4360 queue
1380 4331 1388 4357 ‚
1407 4305 1433 4347 ιιι

254 4376 379 4433 corriego
337 4374 379 4418 eoh
382 4372 439 4418 tN.
478 4370 503 4419 d.
522 4374 584 4417 Cod.
597 4373 791 4419 estimarentur.

206 4481 232 4531 2.
252 4476 383 4544 Eleginm
408 4491 451 4528 est
476 4492 562 4526 censa
588 4472 814 4527 exheredationis
841 4480 957 4543 scripta.
995 4470 1063 4526 vide
1094 4490 1144 4544 pro
1171 4470 1280 4527 Clesus.
1306 4474 1356 4527 xt
1357 4472 1432 4527 Vlll.

114 4552 233 4622 Quintil.
255 4553 322 4604 lusi.
344 4552 405 4603 Vll.
426 4551 452 4607 lt
474 4551 521 4608 110.
541 4565 568 4601 et
588 4547 711 4604 Dcclsm.
732 4552 768 4604 11.

208 4631 236 4683 9.
257 4629 293 4679 lte
313 4641 375 4678 vers
395 4642 422 4678 et
443 4629 501 4698 lpse
524 4627 668 4696 Pompeius
689 4641 752 4699 post
772 4641 867 4678 necem
888 4622 979 4676 Clodii
994 4620 1104 4675 ιιοιιιιι
1106 4621 1192 4674 ousul
1207 4625 1301 4673 ιιιιιιιι
1319 4566 1433 4676 tritonii

113 4719 196 4756 cause
206 4702 283 4755 dues
304 4705 375 4774 leges
397 4701 579 4774 promulgertt
598 4700 632 4752 de
651 4706 682 4752 vi
701 4716 728 4754 ee
747 4700 780 4752 de
799 4699 917 4754 arnbitn.
954 4697 1036 4770 (Vide
1057 4701 1206 4751 decentum
1227 4701 1254 4748 tn
1270 4712 1433 4767 ergumemo

113 4780 308 4847 Milontsnue)
347 4777 381 4832 lie
402 4774 434 4831 de
454 4778 498 4831 his
519 4777 657 4851 ceptsthus
676 4777 749 4833 Mtte
768 4790 913 4830 ιιιιιιιιιιι
933 4790 984 4829 est.
1025 4773 1091 4828 Vide
1113 4771 1218 4827 ibidem
1237 4777 1397 4828 Aesonium.
