3210 5280
548 262 597 327 IN
621 261 981 328 CORNELIANAM.
1385 261 1424 324 b't

198 495 338 558 Poerarn
357 503 391 559 et
411 493 559 558 eiusdem
582 494 696 559 Cottae
717 495 827 578 legem
849 494 887 558 de
907 493 1042 558 iudiciis
1062 498 1204 580 privatis
1224 514 1314 558 anno
1331 505 1429 574 poet,

115 604 225 669 quam
246 585 323 648 iata
343 586 404 662 eit,
424 604 448 646 a
459 583 578 664 fratre
599 586 671 647 tiae
691 579 944 670 [abrogatam]

205 676 261 738 M.
289 670 422 739 Cottam
448 673 618 756 signifieat.
661 676 804 739 Fuerant
832 687 933 737 eutem
962 685 1046 739 trra:
1084 678 1148 737 dno
1180 674 1230 748 ui,
1270 675 1367 738 Caius
1400 685 1431 737 et

116 768 275 842 Maraeu
297 767 410 830 tertias
432 769 476 830 L.
491 765 608 842 Cotta,
633 766 686 850 qui
708 769 780 851 iege
798 788 853 830 ena
873 766 986 829 iudicia
1001 767 1084 831 inter
1104 780 1170 830 tree
1196 768 1321 831 ordines
1343 778 1457 831 coru-t

117 861 310 936 manicavit,
333 873 492 937 renatam,
516 858 655 945 eqrritee,
678 861 823 924 tribaaoe
847 859 1008 936 aerei-ion
1036 860 1203 945 adeptique
1228 871 1299 922 eunt
1324 877 1431 923 ornare

118 955 335 1021 eonardetum.

204 1130 330 1212 Legem
349 1130 515 1193 Liciniam
536 1140 570 1195 et
592 1130 750 1193 Mariam
774 1130 813 1193 de
834 1129 962 1193 oivibae
980 1130 1140 1214 regundis
1164 1130 1257 1193 video
1277 1137 1434 1192 coartare

121 1220 211 1282 inter
229 1238 361 1295 onmes,
387 1239 494 1302 ‚qaam
514 1219 583 1282 duo
608 1220 763 1283 conrates
784 1221 952 1296 omnium,
974 1240 1058 1302 quor
1082 1219 1241 1298 vidimus,
1262 1219 1478 1298 sapientie-tt

120 1311 202 1371 rinei
211 1309 376 1381 tulissent,
397 1329 465 1372 non
484 1309 586 1372 modo
601 1310 753 1372 inutilem
767 1308 825 1372 red
835 1311 1061 1389 perniciosam
1074 1311 1124 1372 rei
1135 1306 1295 1388 publicae
1301 1305 1429 1385 faiae.

207 1399 254 1461 L.
276 1397 433 1460 Licinium
457 1402 603 1462 Croesum
627 1411 786 1462 aratorem
815 1409 846 1460 et
874 1398 918 1478 Q.
942 1398 1086 1460 Muciam
1112 1399 1297 1460 Scaevolam
1322 1397 1436 1462 Ponti·

122 1488 216 1552 baem
239 1490 416 1553 Maximam
445 1493 641 1575 eandemque
670 1503 700 1553 et
729 1503 889 1555 oratorem
917 1503 947 1555 et
968 1490 1046 1553 iuria
1068 1490 1245 1554 eaaeaitrun
1268 1491 1436 1576 signifieat.

122 1581 168 1645 ui
190 1582 274 1644 enim
295 1582 398 1667 legera
421 1604 506 1664 erm,
528 1587 567 1647 de
589 1606 650 1668 qua
666 1585 823 1669 loquitar,
848 1587 886 1647 de
901 1586 1047 1668 regendis
1061 1585 1092 1647 ia
1107 1605 1161 1646 etia
1178 1583 1304 1647 civitate
1321 1581 1435 1657 sociis,

122 1673 155 1736 ia
177 1695 241 1738 auo
263 1676 428 1739 consulatu
457 1677 610 1739 tulerant.
655 1676 735 1743 Cam
763 1700 881 1741 eamme
911 1678 1080 1760 rapiditate
1107 1676 1243 1741 civitatis
1273 1679 1439 1741 Romanae
1450 1692 1480 1742 u

124 1767 230 1832 tretici
251 1768 365 1850 populi
386 1780 569 1832 tenerentur
590 1782 621 1832 et
642 1773 685 1834 ob
706 1771 738 1834 ia
760 1792 870 1856 megae
893 1792 966 1853 pars
994 1792 1103 1834 eoram
1129 1792 1191 1852 pro
1220 1769 1344 1833 civibus
1369 1771 1440 1833 Ro-

125 1862 284 1925 ueniere
307 1874 454 1946 gereret,
479 1863 654 1927 necessaria
677 1866 729 1929 lex
752 1866 818 1928 risa
841 1876 907 1939 est,
940 1863 1027 1926 utin
1049 1884 1125 1926 auae
1147 1863 1279 1947 quisque
1302 1860 1440 1926 civitatis

125 1954 174 2017 iae
196 1955 409 2038 redigeretur.
453 1956 576 2018 Verum
598 1977 634 2019 aa
656 1957 729 2040 lege
756 1957 797 2020 ite
821 1957 944 2020 alienati
966 1957 1059 2020 enimi
1081 1969 1152 2022 stunt
1174 1956 1351 2039 principum
1373 1956 1443 2018 Ita·

125 2047 263 2111 litorum
284 2048 494 2130 populorum,
532 2061 567 2112 ιιι
593 2071 629 2112 ea
656 2052 708 2113 vel
730 2049 862 2113 maxima
884 2071 979 2113 carrea
1001 2050 1077 2113 beili
1099 2049 1220 2128 latici,
1259 2051 1346 2134 qaod
1365 2014 1499 2133 poesteq

124 2142 296 2206 aieaniam
317 2153 465 2208 exortam
488 2153 554 2219 est,
583 2142 691 2206 inierit.
1451 2157 1485 2208 tt

209 2235 371 2313 Quataor
392 2238 528 2297 omnino
549 2256 674 2316 genera
694 2245 787 2314 eant,
818 2234 963 2309 iudicer,
997 2236 1031 2296 in
1060 2233 1182 2318 quibat
1205 2255 1266 2316 per
1289 2244 1443 2298 renatam

125 2344 222 2388 more
242 2326 413 2386 maiorum
429 2333 604 2387 statuatur
634 2325 771 2408 aliquid
797 2326 837 2389 de
858 2325 999 2408 legibue.
1040 2324 1150 2388 Unam
1168 2333 1217 2388 eet
1237 2325 1309 2386 eius
1331 2321 1442 2397 modi,

122 2415 269 2495 plaeere
288 2413 399 2494 legem
420 2412 603 2495 abrogart:
625 2423 663 2476 at
682 2416 721 2494 O.
739 2415 907 2496 Caecilio,
927 2414 978 2476 M.
997 2414 1094 2476 lanio
1116 2411 1332 2490 oonsulibus,
1353 2430 1444 2494 qaae

125 2504 224 2585 teger
242 2522 314 2567 rem
333 2504 515 2567 militarem
535 2502 749 2584 impedirent,
771 2512 810 2566 at
829 2501 1088 2585 abrogarentur.

132 2610 158 2620 —
191 2608 778 2629 m———y-—u-
1105 2606 1177 2616 —.

126 2655 274 2720 [ἰαίνεται
292 2651 392 2716 aliter,
418 2659 446 2702 et
464 2652 538 2722 quod
555 2653 602 2703 lex
621 2652 759 2704 dictatore
778 2651 809 2704 l..
829 2652 911 2724 Sylla
926 2654 1025 2719 paucis
1042 2651 1104 2701 lata
1119 2646 1317 2720 perhibebatur
1335 2645 1444 2702 Berald.

126 2740 155 2778 et
174 2723 245 2797 (aiei
265 2722 338 2795 qaod
359 2725 430 2794 apud
450 2725 523 2779 bunc
541 2741 582 2784 eet
597 2723 791 2799 perhibebant)
816 2725 885 2780 Lod.
912 2751 948 2763 —
967 2743 1049 2795 quam
1066 2728 1096 2775 in
1115 2728 1244 2775 concione
1262 2724 1279 2759 *
1298 2724 1445 2774 nobilitate

126 2816 237 2868 mgna
255 2799 348 2874 (quam
368 2806 544 2852 inconcione
563 2805 629 2853 teuit
653 2819 757 2869 magno
776 2802 875 2873 Lagd.)
896 2801 992 2873 popuii
1010 2799 1118 2864 studio,
1147 2807 1178 2850 ut
1197 2804 1247 2864 iis,
1276 2803 1322 2868 qut
1340 2798 1448 2849 tribuni

123 2877 168 2947 pl.
193 2875 335 2941 taberent,
365 2876 438 2927 aiios
463 2894 566 2948 peraque
592 2882 782 2945 magistratus
805 2868 903 2948 capere
927 2877 1031 2928 liceret.
1059 2872 1134 2945 quod
1150 2874 1197 2924 Iex
1216 2892 1234 2924 a
1253 2871 1394 2924 dictatore
1412 2871 1446 2925 l..

128 2952 214 3025 tyna
231 2956 331 3020 paucis
348 2959 415 3001 ante
434 2955 517 3001 annis
534 2955 595 3002 tata
612 2950 778 3011 prohibebat
794 2949 882 3022 Lagd.
902 2951 980 3004 Mea.
1007 2977 1045 2994 -··
1072 2966 1152 3020 quarn
1178 2954 1209 3000 in
1233 2953 1363 2999 concione
1381 2947 1447 2999 tulit

128 3031 228 3078 ianua
246 3026 393 3076 nabidtate
422 3024 539 3098 (relique
564 3042 594 3079 ιιι
621 3025 713 3100 Mra.)
742 3025 836 3099 Sigon.
862 3044 896 3077 ex
921 3025 1042 3079 Munatii
1067 3028 1236 3077 coniectare.
1265 3051 1295 3062 -
1317 3039 1398 3093 qeearn
1416 3025 1447 3072 in

128 3104 263 3154 concione
289 3101 356 3152 tutte
381 3109 555 3167 repugnante
582 3102 729 3153 nobilitate
755 3107 908 3167 (aeternat
928 3100 1019 3164 Mra.)
1039 3100 1094 3152 flat
1113 3101 1193 3152 Creu.
1212 3125 1250 3140 -
1269 3095 1447 3165 ,Ridiculum

129 3192 173 3229 eet
191 3181 225 3226 tn
241 3179 372 3227 aenaim
391 3176 465 3229 tulit.
503 3175 535 3228 la
556 3175 714 3229 batarmodi
732 3174 796 3229 loeo
814 3173 977 3230 vocabalum
998 3190 1105 3246 qaoque
1124 3175 1268 3227 conciente
1287 3186 1447 3246 corruptam

129 3254 205 3317 diei,
224 3266 308 3302 nemo
328 3247 490 3309 mirabitur-3
511 3247 617 3305 ridetur
635 3249 720 3305 fatere
737 3255 768 3303 in
787 3249 960 3303 comatam
988 3248 1106 3304 ΜΔΝ.
1266 3252 1269 3257 ”

227 3334 255 3381 b.
275 3340 331 3382 om.
351 3323 418 3377 Lod.
438 3325 523 3400 Lugd.

227 3404 255 3453 2.
275 3407 304 3450 et
322 3399 453 3467 eiusdem]
475 3398 557 3475 Lagd.
578 3403 643 3455 Ηοι.
667 3399 744 3453 Mea.
764 3400 847 3454 Creu.
866 3429 902 3444 -
919 3405 948 3450 et
968 3402 1028 3449 eius
1046 3401 1163 3470 prioree.

226 3479 254 3534 5.
273 3472 458 3545 abrogatam]
480 3476 541 3529 edd.
561 3475 596 3527 de
617 3476 739 3529 Maeotii
760 3481 919 3529 coniectare
938 3471 1033 3546 Sigan.
1053 3475 1133 3526 Crea.

226 3547 253 3604 b.
275 3548 318 3600 M.
333 3549 457 3617 Cottam]
471 3548 555 3623 Lagd.
570 3552 633 3603 Hor.
649 3549 813 3604 Meacrea.
827 3579 864 3593 -
876 3550 989 3602 Cottam
1003 3551 1120 3614 (amireo
1131 3546 1320 3620 praenomine)
1334 3546 1449 3616 prioree.

209 3621 283 3676 lbtd.
303 3622 405 3687 duob!
424 3624 453 3677 C.
473 3633 502 3677 et
520 3626 564 3677 M.
584 3628 699 3693 tertius]
720 3623 805 3698 Lugd.
826 3625 891 3678 Hot.
911 3625 988 3677 Men.
1008 3623 1091 3676 Creu.
1111 3651 1149 3665 -
1175 3620 1231 3671 dua
1248 3619 1302 3671 bic.
1321 3617 1365 3672 M.
1385 3625 1449 3668 ter·
1504 3618 1507 3622 ⁴

132 3703 193 3752 eiu
211 3700 305 3752 Ptine.
326 3726 361 3740 -
380 3698 435 3748 drea
453 3697 483 3750 bi
501 3709 530 3753 et
549 3705 652 3752 teretur
669 3698 775 3754 Berald.
796 3698 863 3752 Lod.
883 3726 919 3740 -
938 3691 1321 3751 antecantamenta.

227 3778 254 3832 ο.
274 3789 330 3825 ora.
350 3771 418 3826 Lod.
439 3774 478 3826 La
499 3774 525 3827 d.

229 3851 258 3904 9.
278 3847 404 3899 Muciam
423 3847 470 3919 de]
481 3794 614 3901 gMuciam
633 3846 707 3919 quad
725 3848 796 3915 (hoe
816 3864 864 3921 per
882 3845 994 3921 comp.)
1013 3847 1105 3900 Prtae.

208 3920 284 3976 ibid.
302 3923 384 3974 video
403 3932 532 3976 constare
550 3930 625 3975 inter
644 3928 749 3993 omnes]
769 3923 843 3974 Haeo
861 3931 924 3995 poet
943 3922 1054 3975 verbam
1071 3923 1202 3973 tulissent
1218 3931 1366 3992 posuerant
1383 3916 1449 3970 Ηοι.

136 3997 235 4057 cren..
255 4013 283 4051 et
306 3995 416 4050 enaim
442 3998 559 4052 Ureiaae
592 4003 629 4059 ite
658 3999 710 4069 tegi
736 3999 811 4051 hane
834 3997 926 4050 locam
947 4001 976 4049 ia
996 3999 1184 4068 manuscripto
1203 3993 1299 4048 codice
1325 4002 1450 4045 reeretara

136 4075 267 4126 Attamen
286 4070 395 4137 malim,
417 4073 513 4127 ardiae
532 4072 676 4127 verboram
696 4087 818 4138 temere,
845 4090 894 4145 pre
914 4071 1028 4126 relativo
1047 4088 1128 4143 quam
1147 4069 1201 4142 legi
1222 4071 1448 4122 coniurationem

170 4164 232 4212 m,
252 4150 271 4199 i.
291 4164 315 4199 e.
334 4146 409 4199 licet.

136 4164 171 4218 Ἰ
213 4229 258 4281 ss.
279 4226 321 4273 rei
335 4222 476 4293 publicae]
497 4221 546 4275 Ra.
566 4221 614 4274 Po.
634 4219 646 4295 (
653 4227 673 4277 i.
695 4239 719 4277 e.
738 4220 861 4274 Romano
877 4221 996 4291 populo)
1018 4219 1079 4275 Alb.

210 4302 257 4353 12.
275 4297 309 4350 l..
330 4297 476 4365 ficturum]
498 4295 583 4369 Lugd.
603 4297 669 4351 tior.
689 4300 765 4352 Mea.
785 4298 865 4349 Creu.
885 4325 922 4338 ·-
941 4296 972 4349 P.
994 4295 1128 4348 Licinium
1147 4295 1263 4367 prioret.

211 4375 256 4429 ss.
276 4371 311 4422 de
329 4372 461 4440 regendis
479 4379 508 4423 in
526 4391 577 4422 sua
597 4374 724 4439 civitate]
751 4369 926 4441 „videndam
954 4375 1160 4436 moereantur,
1188 4369 1223 4421 de
1240 4364 1401 4435 redigendis
1419 4369 1450 4417 in

139 4462 205 4497 me
223 4447 385 4499 civitater.”
407 4448 556 4501 PlGHlUS
573 4448 644 4501 Ana.
663 4447 695 4500 Τ.
715 4446 768 4501 111.
789 4464 815 4518 p.
838 4447 899 4502 196.

214 4525 259 4579 15.
278 4521 345 4573 Cum
363 4527 480 4592 summu]
504 4539 564 4573 eum
584 4525 656 4574 enim
675 4538 782 4572 rumma
802 4521 886 4594 Lugd.
902 4521 964 4573 tior.
980 4519 1056 4573 Men.
1071 4519 1153 4572 Creu.
1172 4547 1210 4561 -
1228 4517 1326 4570 Malim
1347 4532 1407 4567 cum
1425 4531 1450 4568 r.

141 4600 178 4662 (i.
197 4613 223 4649 e.
240 4596 363 4664 scilicet)
382 4614 498 4650 aramma.
772 4603 815 4652 20.
834 4598 975 4662 exortum]
995 4599 1148 4646 excitatum
1167 4593 1259 4667 Sigon.
1365 4657 1368 4661 .

213 4674 260 4728 25.
279 4669 428 4740 abrogari]
449 4674 590 4740 abrogare
608 4672 701 4725 Ptine.
721 4669 781 4724 ΔΜ.

214 4743 286 4798 lbtd.
304 4745 348 4799 M.
369 4747 465 4818 iunio]
486 4745 554 4799 Lod.
574 4760 601 4799 et
621 4762 695 4818 seqq.
718 4775 747 4787 -
770 4745 813 4797 M.
833 4744 936 4796 Emilia
954 4747 1070 4816 priores.

213 4819 259 4880 Μ.
276 4824 458 4891 tapedaem,
477 4829 507 4874 ut
526 4820 748 4893 abrogarentur]
766 4820 945 4890 impedirent,
965 4820 1174 4889 abrogarentur
1193 4822 1261 4887 (om.
1275 4821 1318 4885 ut)
1338 4811 1407 4870 Lat
