3210 5280
442 307 445 314 ¹
487 226 537 292 m
559 226 932 293 n1v1uamoum1.
1306 222 1367 290 ua

151 370 370 433 manentum
390 365 427 430 in
440 367 573 448 cellum]
614 366 782 430 Annonem
795 364 956 450 praetoris
969 362 1063 443 dicit,
1081 386 1160 450 qnae
1175 364 1204 429 iu
1217 318 1366 428 lusinenti

58 471 150 525 certo
172 481 304 523 nramero
330 461 544 541 praebebatur
569 460 609 522 sb
634 459 764 524 Siculis:
795 459 827 523 ia
853 457 966 542 quibus
990 458 1113 521 Verres
1147 469 1178 520 et
1202 458 1364 540 pecuniam
1374 457 1423 541 l¹⁴l

57 574 123 637 pro
143 552 307 618 frumento
328 551 453 633 exegit,
477 562 508 614 et
529 572 569 614 eo
590 553 713 633 pretio,
744 565 777 614 ut
799 569 860 633 pro
884 551 1006 614 duobus
1029 549 1181 613 sestertiis
1201 548 1367 614 duodenos

58 667 120 729 per
140 644 262 708 modios
284 643 429 727 singulos
450 643 609 728 exegerit,
631 643 735 707 sexies
757 643 827 725 plus
849 664 943 727 quarn
965 645 1138 706 emebatur.

145 739 190 815 (§.
214 736 282 813 32.)
302 739 465 818 Emptum
486 747 537 798 est
558 757 604 797 ear
624 748 765 799 serimus
784 738 940 799 waratto
947 733 1174 824 finsmeatum
1191 757 1215 799 u
1228 733 1392 816 stantius
1507 749 1512 760 ’

61 829 165 895 Sicilia
188 832 282 892 dabat
303 830 507 891 decumanum
527 827 737 904 serimentum,
761 829 853 906 (boc,
882 830 968 911 quod
990 828 1030 888 ab
1056 828 1232 891 aratoribus
1259 827 1368 912 exige·

60 923 186 1000 batur),
210 921 277 984 sine
301 919 424 1004 pretio;
448 922 541 982 dabat
563 929 718 1000 emptura,
741 939 803 1000 pro
826 940 891 1004 quo
915 939 955 982 ex
975 931 1115 982 scamus
1136 922 1291 984 consulto
1311 940 1369 1002 pe·
1445 956 1448 979 .

63 1014 155 1078 cunia
177 1015 378 1087 solvebatur3
406 1012 617 1088 aestimatum,
647 1013 735 1097 quand
756 1013 915 1075 decretum
936 1021 1068 1094 praetor
1088 1011 1120 1076 in
1147 1011 1275 1086 cellam,
1305 1013 1371 1075 boo

64 1119 135 1184 est,
172 1106 203 1170 in
226 1129 301 1171 usus
322 1108 439 1183 cellae,
476 1105 640 1170 aestimare
669 1104 792 1168 solebat
820 1101 992 1186 accipiens,
1030 1124 1100 1166 crim
1126 1103 1279 1168 interdurn
1307 1124 1369 1188 pro

63 1202 224 1266 frumento
246 1203 408 1283 portiniana
431 1211 581 1264 sumeret.
925 1228 928 1235 ·
1382 1198 1412 1248 ¹⁰

147 1295 330 1359 Pecuniam
357 1295 528 1376 'aulatis-om
556 1303 595 1355 tu
622 1289 809 1371 tractabas]
862 1287 952 1350 Haec
984 1299 1051 1351 erat
1082 1288 1183 1370 prima
1215 1288 1370 1354 senatoris

65 1386 311 1461 administratio,
335 1397 536 1470 quaestorem
558 1382 629 1446 lieri
653 1383 736 1447 etin
759 1381 922 1467 provincia
947 1402 1053 1445 curam
1079 1402 1192 1466 gerere
1220 1382 1371 1465 pecuniae

64 1478 208 1561 publicae
229 1478 260 1540 in
282 1500 356 1542 risus
379 1478 523 1541 diversos
546 1479 737 1561 erogandae.

147 1574 203 1637 Ne
223 1593 292 1654 qua
311 1568 607 1649 deductio-steret]
643 1571 748 1633 Modo
770 1565 967 1633 deductr'one
988 1565 1180 1651 dispendium
1202 1566 1369 1653 significat,
1464 1632 1466 1637 ,

64 1662 141 1725 alies
164 1663 311 1727 deductio
333 1663 506 1726 imminutio
528 1672 577 1725 est
598 1661 689 1724 ctiam
712 1661 803 1722 iusta.
938 1715 943 1720 .
1383 1665 1413 1716 tt

147 1759 193 1831 (§.
216 1756 287 1833 33.)
316 1756 495 1838 Mancipes
520 1776 544 1818 a
571 1753 776 1834 ciuitatibus]
818 1747 998 1832 Mancipes
1031 1761 1103 1815 sunt
1133 1752 1371 1833 publicanorum

63 1847 237 1930 principes,
269 1850 404 1912 Romani
433 1847 594 1922 homines,
628 1846 682 1931 qui
707 1855 854 1929 quiaestns
878 1840 928 1904 sui
953 1863 1044 1906 carisa
1069 1843 1096 1911 si
1121 1847 1267 1908 decumas
1288 1845 1373 1908 redi·

65 1951 169 2012 munt,
194 1938 391 2018 [decumani
402 1939 635 2021 appellantur-J,
652 1938 678 2001 si
694 1949 820 2018 portum
836 1946 888 1996 arat
902 1955 1000 2016 pecua
1017 1937 1163 2017 publiea,
1182 1938 1373 2022 portitores

64 2041 118 2093 sut
144 2029 316 2113 pecuarii,
350 2052 484 2114 quorum
513 2031 597 2094 ratio
626 2030 800 2112 scripturn
827 2027 952 2090 dicitur.
996 2028 1040 2091 Hi
1068 2027 1147 2091 enim
1177 2028 1371 2114 exigendas

64 2121 161 2186 sociis
181 2143 241 2185 suo
267 2121 411 2199 periculo
433 2123 564 2206 exigunt
585 2135 616 2184 et
636 2121 684 2185 rei
714 2121 857 2202 prrblirae
871 2130 1133 2200 repraesentant,
1167 2122 1371 2203 providentes
1383 2132 1417 2184 ao·

65 2215 156 2277 ctiam
183 2215 212 2275 in
242 2214 293 2275 illa
316 2215 530 2296 redemptione
559 2215 732 2278 commodis
762 2210 837 2275 saris.
881 2211 973 2275 Licet
1003 2224 1124 2290 atatem,
1162 2214 1188 2276 si
1210 2216 1373 2278 moderate

64 2308 137 2382 fiat,
162 2307 324 2368 aestimare
345 2308 375 2368 in
400 2309 508 2371 cellam
532 2307 689 2389 praetoris
710 2305 920 2380 serimentum
953 2305 1109 2388 mancipes
1130 2327 1191 2390 pro
1212 2307 1372 2372 frurucnto

64 2402 104 2462 ab
130 2400 308 2462 aratoribus
330 2399 477 2479 pecunias
500 2399 642 2480 recipere
664 2419 726 2461 non
750 2397 835 2460 licet.

148 2492 249 2574 Quod
276 2513 352 2552 rum
369 2491 545 2582 faciebat]
588 2493 650 2555 Est
678 2511 753 2553 vera
783 2488 942 2565 defensio,
976 2501 1023 2553 est
1051 2489 1167 2568 inanis,
1205 2502 1240 2555 ut
1268 2503 1372 2553 tamen

64 2584 182 2667 aliquid
203 2582 264 2645 dici
285 2583 446 2658 videatnr3
479 2595 622 2648 neutram
644 2585 752 2647 harum
775 2583 883 2646 babuit
905 2584 1048 2660 Verres,
1078 2596 1110 2648 et
1131 2595 1233 2650 tamcu
1254 2583 1298 2648 ita
1323 2583 1415 2654 ist-25

64 2679 166 2740 ciebat
189 2677 295 2739 miser.
339 2677 484 2741 Ostendit
506 2676 657 2739 avaritiae
677 2675 873 2741 caecitatem.

160 2836 186 2883 1.
208 2831 353 2878 Annonam
373 2848 392 2872 ι
410 2856 429 2871 ·
444 2827 645 2899 praebebatur]
672 2828 779 2885 Ressld.
799 2830 866 2886 Lod.
889 2858 920 2873 -
940 2849 1081 2884 annonam
1098 2860 1118 2875 -
1136 2865 1153 2878 -
1168 2830 1374 2904 praebebantur

64 2903 157 2959 Prior.
175 2928 212 2942 -
231 2918 359 2951 annonas
376 2931 394 2944 -
413 2932 432 2945 -
447 2902 654 2973 praebebantur
672 2908 766 2958 ceteri.

158 2978 185 3028 2.
203 2979 232 3025 r‘n
251 2974 357 3043 qrss'dus]
391 2968 441 3045 ,tir
460 2977 537 3030 sbest
556 2992 573 3028 s
590 2978 652 3033 MS.
671 2980 737 3051 Lep.
756 2997 775 3030 a
792 2978 916 3052 qsu'bus.''
935 2977 1065 3034 GRAEV.

158 3056 185 3109 5.
205 3053 355 3117 sestertiis]
375 3056 522 3102 sestertiis
540 3053 631 3106 Ptine.
651 3053 763 3125 ultique.

158 3125 185 3180 lt·
201 3127 265 3192 per]
288 3124 332 3176 rr.
351 3124 413 3177 Ber.
432 3123 492 3178 Ald.
508 3124 574 3178 Lod.
588 3154 623 3169 -
636 3133 666 3179 s'u
680 3127 765 3199 Logd.
779 3127 845 3183 llos.
859 3128 936 3182 Men.
956 3130 1037 3182 Creu.
1053 3143 1114 3180 rum
1129 3124 1207 3181 editt.
1220 3126 1372 3181 Ciceronis.

159 3201 185 3255 5.
205 3215 223 3247 a
242 3197 352 3265 Siculis]
386 3199 476 3254 Petne.
495 3199 604 3254 beselel.
625 3199 686 3257 Alci.
708 3203 775 3258 Lod.
798 3233 828 3245 -
852 3202 888 3255 ab
907 3202 1007 3255 Siculis
1020 3201 1185 3274 Lugdllot.
1200 3203 1373 3258 nauem.

67 3287 129 3325 enm
149 3268 229 3323 edin.
252 3271 403 3324 Ciceronts.

155 3345 184 3402 6.
205 3343 265 3412 lsoe]
293 3362 349 3398 om.
370 3343 455 3418 bugd.
475 3345 539 3400 llot.
559 3347 637 3402 Men.
657 3349 738 3404 Creu.
800 3352 829 3406 F.
849 3348 900 3403 hoc
918 3357 969 3402 est.
988 3347 1062 3415 Oli.)

68 3493 99 3548 Μ
131 3428 137 3434 ’
158 3422 184 3545 bc
203 3422 393 3487 aestimatum]
420 3421 719 3479 percellendum.
740 3425 760 3477 L
798 3460 807 3479 .
830 3453 866 3470 ·-
890 3425 991 3478 Dabat
1007 3429 1183 3477 aestimatam
1200 3421 1286 3496 Lngd.
1306 3421 1372 3478 Hot-

101 3508 143 3545 to.
187 3512 248 3546 ren.

157 3570 185 3623 9.
203 3567 298 3634 cellae]
321 3567 406 3618 cellar
425 3568 518 3622 Palae.
536 3567 601 3625 Alci.
748 3576 776 3628 9.
795 3578 957 3644 nesttmars]
989 3576 1127 3625 eaettmars
1153 3575 1244 3626 Prlnc.
1264 3570 1372 3626 Berald.

142 3646 186 3697 11.
204 3641 379 3712 detractione]
399 3641 446 3695 Slc
459 3648 565 3714 scripsi.
583 3672 621 3686 -
638 3643 828 3699 deductionem
847 3647 894 3702 Pr.
909 3649 969 3701 Ber.
989 3675 1026 3689 -
1045 3646 1172 3698 deductio
1191 3645 1251 3699 ΔΜ.
1266 3662 1293 3699 et
1313 3663 1372 3716 sqq.

142 3720 185 3772 17.
205 3733 289 3766 carrea
308 3722 334 3766 st
351 3715 479 3768 &cumas
496 3746 515 3761 ·
535 3752 552 3762 -
570 3749 589 3762 ·
607 3721 737 3791 quaerum]
770 3721 817 3775 Sle
837 3719 921 3794 Logd.
940 3723 1006 3775 Hot.
1021 3722 1099 3775 Man.
1113 3721 1193 3773 Creu.
1213 3719 1280 3794 (nist
1299 3719 1373 3792 quod

67 3806 169 3856 pascua
189 3790 289 3842 habent
310 3807 359 3863 pto
375 3788 475 3864 persea)
495 3818 531 3834 -
551 3810 636 3845 casua
654 3799 695 3844 ste
714 3792 843 3848 deerimus
860 3794 1017 3848 redtmrmtr
1034 3800 1077 3848 ste
1083 3802 1196 3867 pastum
1209 3803 1259 3846 aut
1268 3812 1390 3866 perrarasv

70 3861 179 3933 (pecora
199 3863 305 3917 Besald.
324 3862 397 3925 did.)
420 3867 530 3931 prsblica
553 3872 694 3938 praetorii
711 3867 846 3940 (porterit
863 3868 925 3923 did.
945 3887 1008 3923 cum
1028 3873 1138 3922 disserti
1160 3868 1233 3934 MS.)
1251 3877 1301 3919 aut
1318 3887 1373 3931 pe·

70 3943 156 3987 crearit
174 3952 287 4006 qrsorssm
309 3940 400 3990 estne.
411 3939 519 3992 Beseld.
534 3939 595 3994 Atd.
614 3969 650 3985 -·
669 3960 755 3994 causa
773 3944 903 3996 deerimus
920 3945 1074 4011 redimunt,
1094 3951 1146 3995 aut
1155 3948 1303 4013 portoria,
1323 3950 1373 3998 aru

67 4027 168 4079 pascua
184 4013 306 4080 pialtico.
325 4030 439 4081 qssorum
459 4013 527 4066 Lod.
546 4011 662 4086 (pascuis
681 4032 773 4070 verum
793 4018 910 4072 videtur.
930 4020 1003 4084 Oli.)

142 4087 184 4142 19.
204 4088 287 4153 cutm]
316 4087 407 4138 Ptine.
428 4086 536 4142 Berald.
557 4088 619 4143 ΔΜ.
641 4090 708 4142 Lod.
727 4117 761 4132 -·
780 4109 874 4144 omues
892 4090 977 4163 bugd
998 4091 1062 4144 llot.
1083 4089 1161 4142 Men.
1181 4091 1264 4144 Creo.

140 4165 185 4214 21.
204 4163 302 4226 etiam]
323 4168 415 4211 tamen
433 4162 519 4233 Lugd.
538 4162 617 4215 Man.
734 4172 779 4220 21.
799 4166 961 4237 commodis]
983 4164 1150 4217 commodius
1169 4167 1260 4219 l‘rinr.

141 4237 185 4286 22.
205 4239 392 4284 aestimaretur
405 4236 513 4305 cellam]
534 4242 712 4290 extimarem
724 4257 818 4291 cetram
833 4244 923 4294 Ptine.
937 4266 974 4283 ·-
986 4244 1125 4291 extimare
1136 4243 1165 4290 r'u
1183 4256 1298 4291 caenam
1308 4239 1371 4291 Ber.

141 4306 211 4359 lbid.
228 4311 386 4378 praetoris]
416 4310 505 4363 Prior.
518 4310 624 4363 Berald.
641 4312 701 4365 ald.
717 4314 784 4366 ln-rl.
803 4343 840 4357 -
856 4319 985 4385 praetori
1006 4312 1090 4385 lugd.
1110 4314 1173 4365 lior.
1196 4316 1270 4368 Man.
1290 4318 1370 4364 (Isrn.

140 4381 211 4433 lbid.
230 4387 380 4451 ruancs'prs]
402 4386 491 4437 l'sinc.
511 4384 619 4438 Beratd.
640 4387 704 4438 lod.
725 4414 761 4429 -
781 4396 901 4456 suanss'ps'
921 4388 980 4441 ellel.
1002 4387 1087 4457 Lugd,
1107 4389 1171 4440 Hor.
1192 4390 1269 4441 illari.
1289 4388 1371 4441 Creu.

70 4466 76 4509 t
139 4461 182 4512 2).
202 4468 245 4506 est
264 4461 367 4524 tunnis]
388 4459 480 4510 Ptine.
493 4461 553 4513 Ber.
570 4459 629 4512 ΔΜ.
647 4461 715 4513 lod.
734 4490 767 4502 -
788 4474 829 4513 est
848 4473 875 4515 et
893 4468 986 4514 inanis
1005 4460 1087 4532 lugd.
1108 4464 1173 4515 Hor.
1193 4463 1269 4515 blara.
1290 4463 1371 4514 Creu.

140 4533 184 4583 95.
204 4539 233 4580 ut
254 4538 346 4580 tamen
365 4532 482 4601 uliqeu'd]
508 4543 539 4583 ut
559 4535 662 4603 aliquid
681 4535 748 4586 tort.

139 4604 209 4656 lbid.
229 4613 357 4655 ueratrum
377 4604 489 4674 harum]
510 4606 595 4678 Lngd.
617 4610 679 4661 llor.
700 4610 775 4662 Mau.
795 4613 876 4663 (iren.
899 4639 930 4650 -·
951 4618 1078 4661 ueratrum
1098 4607 1193 4659 luorum
1214 4613 1326 4679 pslores.

141 4680 184 4734 96.
203 4688 231 4729 et
250 4688 342 4730 tasueu
361 4685 404 4731 ita
415 4681 549 4750 jaciebat
568 4688 660 4736 miser.
699 4685 842 4752 thensin]
871 4688 917 4739 Sta
937 4689 1032 4754 srrlpst
1064 4708 1098 4722 -·
1118 4683 1155 4733 sit
1175 4686 1296 4733 iaaneutn
1308 4681 1371 4754 sa.

67 4750 153 4802 elebat
173 4758 265 4804 miser.
284 4755 408 4806 ostendit
428 4759 517 4809 l'riur.
537 4756 643 4810 uentu.
664 4756 722 4811 atd.
752 4786 787 4803 -·
816 4767 845 4813 et
870 4770 962 4813 tussire
979 4757 1111 4829 jaciebat
1136 4763 1227 4811 serissr.
1247 4757 1371 4815 ostendit

106 4852 226 4896 setarum
241 4857 263 4896 u
277 4853 323 4896 cte.
338 4855 385 4897 ta.
400 4856 424 4894 v.
439 4858 459 4898 r.
1056 4838 1076 4895 8
