3210 5280
468 191 514 255 tu
539 189 680 260 onnr.
705 188 799 258 ruo
821 189 986 258 sunna,
1325 153 1387 260 ιιι

123 325 190 409 'v‚
221 328 254 409 l.
295 335 431 432 Multa,
459 361 569 434 quum
597 361 715 410 essem
743 338 894 434 consul,
932 339 977 412 de
1004 340 1154 423 summis
1180 342 1236 413 rei
1263 366 1298 439 p.
1326 365 1387 438 pe·

68 449 198 522 riculis
226 449 369 545 arrdivi,
396 449 509 522 multa
536 452 722 547 quaesivi,
749 449 861 522 inulta
880 454 1055 548 cognovi:
1086 452 1206 525 nullus
1229 479 1388 554 unquam

69 562 114 634 de
142 560 245 657 Sylla
272 564 422 635 nuntius
450 563 496 634 ad
523 587 600 656 mc,
628 562 765 636 nullum
793 564 986 658 indicium,
1013 563 1134 637 nullae
1155 564 1286 640 literae
1304 593 1387 666 pcr-

67 684 274 770 venerunt,
302 674 402 747 nulla
429 677 605 771 suspicio.

152 793 243 856 Haec
268 813 347 855 vero
363 814 426 855 non
443 793 569 873 patroni
586 791 684 873 magis
707 812 799 876 quam
816 788 906 853 testis
926 789 1031 854 oratio
1054 801 1114 853 est.
1161 791 1285 869 Quibus
1305 793 1413 857 enims

69 886 178 949 verbis
224 898 354 967 praeter
391 908 484 970 quam
516 888 565 949 bis
604 887 648 949 nti
680 896 809 965 posset,
847 885 902 968 qui
935 887 1144 964 testimonium
1189 888 1388 967 rogaretur?

66 979 174 1043 Mire¹
198 980 264 1042 siti
286 980 432 1043 obtinens
455 993 494 1043 ut
508 980 606 1058 fides
627 979 850 1053 adhibeatur,
875 979 964 1062 quasi
981 982 1225 1060 exspectandum
1242 980 1301 1040 iam
1325 1003 1388 1044 non

66 1071 127 1149 sit,
152 1082 188 1135 nt
210 1074 345 1153 probet,
369 1072 517 1156 quoniam
540 1072 625 1136 credi
649 1072 760 1135 debeat
781 1071 828 1134 rei
850 1093 885 1154 p.
908 1073 1145 1137 conservaturi.

143 1192 180 1269 2.
210 1195 285 1273 Sed
313 1223 381 1296 ego
407 1198 569 1271 noudum
588 1208 674 1271 utor
692 1193 784 1269 bac²
810 1220 902 1269 voce
925 1198 971 1268 ad
990 1196 1087 1270 brrnc
1105 1197 1387 1273 defendendum.
1417 1258 1420 1263 ,

151 1315 327 1377 Moderate
351 1326 382 1376 et
409 1315 556 1378 consulte
581 1314 677 1391 iacit,
712 1336 777 1395 qno
801 1315 900 1399 magis
921 1327 1080 1378 mereatur
1102 1316 1268 1380 obtinere³
1300 1318 1387 1381 testis
1400 1337 1431 1386 ιι
1536 1388 1538 1393 ,

70 1411 312 1484 artctoritatem,
336 1430 427 1492 quani
450 1409 513 1472 sibi
534 1410 602 1490 ipse
625 1430 687 1473 non
710 1409 861 1471 vindicet.

145 1527 183 1608 3.
212 1533 315 1633 Quae
343 1535 437 1606 enim
466 1533 536 1606 fuit
560 1533 733 1607 Autronii
761 1528 901 1606 causa?
928 1559 1021 1633 quae
1049 1532 1173 1630 Syllae
1201 1531 1285 1609 est?
1359 1497 1366 1506 .

153 1650 443 1715 Dissimilitudinem
468 1653 623 1727 duorum,
656 1653 695 1714 P.
725 1652 830 1730 Syllae
857 1663 887 1715 et
912 1652 1083 1728 Autronii,
1107 1652 1192 1716 iacta
1221 1675 1388 1736 compara·

68 1744 156 1809 tione
186 1743 410 1828 prosequitur,
445 1767 483 1807 ne
508 1744 598 1807 buius
625 1745 863 1827 praedamnatio
890 1745 929 1808 sit
956 1745 1006 1808 illa
1040 1747 1210 1820 sententia,
1247 1770 1327 1832 quae
1356 1748 1387 1813 in

71 1838 264 1906 Autronium
284 1838 364 1901 dicta
385 1849 444 1900 est.
468 1838 662 1902 Necessario
677 1838 797 1921 igitur*
814 1838 953 1903 ostendit
972 1860 1129 1924 nunquam
1145 1840 1262 1904 similes
1276 1840 1385 1918 inisse,
1400 1863 1430 1913 td

66 1943 105 1996 ut
125 1953 184 2014 per
208 1933 271 1995 boc
296 1930 418 1997 facilius
442 1932 559 2012 Syllam
583 1933 770 2013 persuadeat
791 1932 1001 1996 innocentem.

145 2054 183 2131 ll.
218 2056 324 2129 lllurn
350 2057 574 2156 Allobroges
600 2059 840 2132 maximarum
867 2082 995 2130 verum
1022 2061 1207 2132 verissimi
1232 2061 1387 2134 indices.

156 2175 307 2239 Oratoria
339 2175 514 2237 subtilitate
547 2175 740 2267 adseritbic
769 2186 800 2238 et
829 2176 1000 2238 confitetur
1026 2176 1243 2260 Allobrogum
1273 2179 1386 2254 iidem,

70 2289 155 2355 quos
178 2267 359 2331 verissimos
389 2266 507 2331 indices
537 2267 631 2345 dicit,
665 2290 683 2331 a
710 2269 824 2353 quibus
850 2269 969 2349 Syllam
1002 2271 1196 2333 nominatum
1226 2292 1289 2334 non
1319 2293 1388 2335 csse

68 2365 250 2427 constabat.
1399 2375 1431 2424 to

147 2483 183 2563 5.
223 2489 293 2563 Hic
326 2477 458 2564 contra
490 2489 543 2561 ita
576 2490 736 2588 quievit,
775 2498 815 2561 ιιι
842 2497 1080 2587 cotempore
1106 2491 1206 2562 omni
1231 2486 1390 2587 Neapoli

70 2598 199 2674 fuerit.

157 2716 313 2798 Quoniam
349 2716 449 2781 videri
477 2727 606 2798 poterat
638 2720 679 2784 P.
714 2718 800 2798 Sylla
832 2721 995 2780 damnatus
1023 2717 1240 2782 conscientia⁶
1273 2716 1389 2780 detecti

72 2810 210 2874 criminis
233 2812 281 2874 sui
306 2815 347 2874 ab
374 2810 474 2874 oculis
501 2811 639 2873 omnium
665 2813 834 2875 secessisse
858 2823 887 2874 et
916 2814 1024 2874 urbem
1048 2815 1183 2877 Romam
1209 2811 1386 2895 reliquisse,

72 2905 167 2966 trahit
184 2918 297 2969 orator
312 2908 350 2968 ad
366 2905 572 2967 verecundiae
588 2918 823 2990 argumentum,
847 2904 973 2982 dicens,
996 2925 1032 2968 ea
1057 2916 1193 2988 propter
1213 2907 1272 2967 sub
1289 2904 1388 2966 oculis
1399 2917 1431 2965 ιι

73 3017 144 3059 esse
166 2998 279 3061 civium
307 2999 464 3073 noluisse,
496 3001 582 3082 qnod
608 3001 812 3062 erubesceret
837 3001 867 3061 in
895 2999 1001 3082 aliquo
1027 2999 1109 3060 ritae
1134 3019 1208 3060 sune
1241 2997 1389 3060 articulo

72 3094 229 3158 bonorem
247 3093 433 3156 defloratum
457 3091 702 3177 dignitatemque
726 3091 908 3157 mutilatam.
952 3096 1022 3156 Nec
1045 3092 1179 3157 moverit
1202 3113 1278 3166 nos,
1302 3092 1390 3175 qnod

73 3185 117 3248 ita
141 3187 291 3268 loquatur
312 3189 350 3247 de
372 3185 458 3265 Sylla
482 3184 616 3261 Cicero,
641 3187 730 3268 quasi
752 3188 917 3249 damnatus
938 3186 1068 3249 crimine
1090 3186 1222 3249 ambitus
1243 3183 1391 3247 babuerit

74 3279 198 3342 Romae
213 3277 395 3342 demorandi
415 3278 608 3341 facultatem.
640 3278 759 3342 Habuit
773 3279 853 3341 enim
869 3283 1037 3344 secundum
1053 3281 1155 3361 legent
1171 3276 1389 3360 Calpurniam.

73 3373 155 3436 Nam
184 3373 402 3455 superioribus
426 3372 636 3455 temporibus
658 3371 793 3435 damnati
814 3373 885 3458 lege
900 3372 1052 3439 Cornelia
1075 3376 1138 3437 boc
1154 3393 1252 3456 genus
1266 3385 1433 3452 poenaetts

72 3463 238 3542 ferebant,
262 3477 297 3528 nt
312 3465 575 3550 magistratnum⁶
596 3467 749 3548 petitione
765 3485 824 3548 per
839 3468 947 3531 decem
963 3487 1062 3530 annos
1078 3467 1285 3528 abstinerent.
1319 3463 1391 3528 Ati·

74 3569 195 3642 qrsanto
216 3572 328 3642 postea
359 3561 505 3623 severior
533 3559 585 3623 lex
609 3558 782 3642 Calpurnia
807 3571 837 3623 et
863 3561 995 3643 pecunia
1020 3559 1183 3624 institeritl
1212 3570 1243 3621 et
1265 3558 1294 3621 in
1317 3579 1392 3639 per·

88 3677 1384 3705 W

146 3757 171 3807 1.
191 3758 253 3804 (iod.
272 3758 354 3802 mirere
373 3790 380 3803 .
402 3789 409 3802 .
428 3759 542 3815 optinens
562 3788 568 3803 .
590 3789 597 3802 .
617 3758 691 3818 quaes*
713 3762 760 3802 ret.
785 3757 877 3801 relictis
900 3758 999 3812 spatiis,
1027 3759 1060 3802 ita
1086 3763 1110 3800 nt
1128 3769 1212 3801 sensns
1234 3755 1279 3799 loci
1303 3755 1392 3800 litaret.

214 3826 240 3872 2.
260 3829 341 3873 Verba
360 3833 416 3872 utor
434 3826 481 3871 bae
500 3829 584 3872 desunt
605 3829 628 3872 in
649 3828 745 3882 codiee,
771 3841 831 3885 qnae
850 3828 957 3882 suppleri
981 3839 1011 3871 ex
1032 3827 1111 3872 editis.
1150 3821 1174 3870 ³.
1195 3824 1256 3869 Nota
1280 3824 1331 3868 bec
1350 3823 1391 3867 ob·

211 3900 308 3952 tinere,
339 3905 362 3942 at
390 3898 499 3953 superius
524 3898 647 3954 optinens.
685 3898 760 3952 Saepe
788 3898 850 3941 enirn
882 3910 905 3940 ua
927 3896 1009 3940 codice
1030 3897 1129 3951 scriptio
1154 3896 1259 3941 eiusdem
1281 3893 1391 3937 vocabuli

215 3970 281 4012 veria
305 3972 351 4012 est,
388 3964 413 4012 l.
433 3971 473 4012 ste
490 3968 596 4013 distinxi.
633 3967 732 4011 Maius:
761 3963 829 4010 dicto
846 3971 884 4009 est
901 3965 1056 4012 necessario.
1092 3964 1175 4025 Igitur
1193 3968 1239 4008 cet.
1278 3962 1303 4008 ⁵.
1328 3963 1390 4010 Cod.

212 4037 402 4082 conscientium.
448 4036 518 4095 (Mos
543 4039 623 4081 malim
645 4034 781 4080 bominum.
812 4033 872 4091 Os.)
909 4031 932 4079 b.
958 4034 1019 4078 (ἔοι.
1044 4037 1232 4094 magistratum.
1282 4030 1306 4077 7.
1329 4032 1391 4076 eos.

215 4109 340 4163 perspicue
360 4107 439 4150 multu
460 4103 520 4163 snit.
566 4107 612 4150 Sed
633 4106 725 4161 recipio
747 4105 935 4150 emendationem
958 4103 1071 4148 resultarit
1093 4106 1123 4150 el.
1149 4103 1274 4150 Garatonii
1299 4104 1322 4147 in
1343 4103 1394 4146 seis

211 4179 457 4222 antinadrersionibns
474 4179 503 4220 ad
522 4177 583 4221 boue
600 4175 755 4220 Scholiastatn
775 4188 798 4230 p.
820 4173 878 4219 1³8.

155 4302 200 4358 50.
220 4297 294 4350 Haec
313 4295 357 4349 lex
383 4296 485 4350 dicitur
510 4295 614 4346 Baebia
634 4295 781 4358 Cornelia,
813 4299 877 4367 qnia
896 4292 950 4346 lata
971 4308 1011 4346 est
1032 4308 1047 4344 s
1068 4293 1098 4347 Ρ.
1119 4290 1248 4345 Cornelio
1269 4289 1394 4361 Cethego

75 4391 103 4430 et
125 4376 165 4430 M·
181 4372 286 4428 Bneblo
299 4372 419 4444 Tampbl
431 4391 465 4436 o,
485 4377 531 4442 qni
544 4370 716 4425 consulatum
731 4385 872 4441 gesserunt
886 4383 958 4422 anuo
972 4371 1047 4420 urbis
1062 4368 1219 4423 tttxxttt.
1245 4365 1311 4418 Eius
1326 4364 1393 4431 legts

76 4453 207 4506 meminit
229 4449 321 4501 Livius
343 4449 402 4500 XL.
425 4450 485 4504 til-t
517 4445 563 4499 sed
585 4462 699 4518 poenam
722 4449 850 4507 reticuit,
879 4461 960 4514 quam
982 4461 1075 4495 noster
1097 4447 1229 4514 interpres
1250 4445 1395 4509 expressit.

152 4529 197 4584 52.
218 4527 260 4578 De
280 4524 331 4578 bec
353 4523 411 4593 iege
432 4521 465 4574 ed
486 4538 555 4574 orat.
578 4522 598 4574 l.
619 4538 669 4594 pro
689 4520 799 4575 (lornei.
820 4520 918 4572 scribit
938 4525 1086 4574 Asconius:
1117 4519 1219 4569 tsu'ernt
1246 4535 1307 4566 eam
1327 4526 1395 4567 astte

75 4601 214 4654 biennium
233 4603 345 4668 (nernpo
365 4614 437 4649 anno
458 4598 533 4650 urbis
556 4598 785 4660 trctuttvtt.)
813 4597 844 4648 C.
865 4595 1034 4664 Calpurnius
1055 4594 1117 4645 Piso
1137 4593 1249 4655 conssul,
1275 4598 1396 4660 tesqua,

75 4685 192 4744 praeter
211 4676 285 4726 alios
301 4692 421 4743 poenus,
446 4678 609 4743 pecrsuiaria
628 4689 732 4740 qrsopue
747 4687 839 4737 poetro
859 4679 922 4721 erat
941 4669 1063 4721 adiectu.
1114 4669 1210 4742 Legem
1237 4669 1307 4725 batte
1327 4667 1396 4721 cat-

78 4757 206 4826 pnrniarn
227 4764 364 4804 memoras
383 4747 455 4802 idam
476 4752 610 4803 euentus
630 4751 713 4800 estem
735 4745 768 4799 ed
786 4760 858 4801 osas.
877 4749 906 4801 tu
926 4760 989 4819 roge
1008 4742 1134 4802 candide.
