<?xml version="1.0" encoding="UTF-8"?>
<!DOCTYPE html PUBLIC "-//W3C//DTD XHTML 1.0 Transitional//EN"
    "http://www.w3.org/TR/xhtml1/DTD/xhtml1-transitional.dtd">
<html xmlns="http://www.w3.org/1999/xhtml" xml:lang="en" lang="en">
 <head>
  <title>
</title>
<meta http-equiv="Content-Type" content="text/html;charset=utf-8" />
  <meta name='ocr-system' content='tesseract 3.04.00' />
  <meta name='ocr-capabilities' content='ocr_page ocr_carea ocr_par ocr_line ocrx_word'/>
</head>
<body>
  <div class='ocr_page' id='page_1' title='image "./operaquaesupers03halmgoog_0440.png"; bbox 0 0 3210 5280; ppageno 0'>
   <div class='ocr_carea' id='block_1_1' title="bbox 480 203 1442 272">
    <p class='ocr_par' dir='ltr' id='par_1_1' title="bbox 480 203 1442 272">
     <span class='ocr_line' id='line_1_1' title="bbox 480 203 1442 272; baseline 0.003 -3"><span class='ocrx_word' id='word_1_1' title='bbox 480 204 530 269; x_wconf 86' lang='lat' dir='ltr'><strong>IN</strong></span> <span class='ocrx_word' id='word_1_2' title='bbox 555 205 699 271; x_wconf 68' lang='lat' dir='ltr'><strong>ottae.</strong></span> <span class='ocrx_word' id='word_1_3' title='bbox 723 203 1079 272; x_wconf 80' lang='lat' dir='ltr'><strong>CATILINARIAS.</strong></span> <span class='ocrx_word' id='word_1_4' title='bbox 1380 207 1442 272; x_wconf 75' lang='lat' dir='ltr'><strong>tot</strong></span> 
     </span>
    </p>
   </div>
   <div class='ocr_carea' id='block_1_2' title="bbox 80 344 1521 4449">
    <p class='ocr_par' dir='ltr' id='par_1_2' title="bbox 116 344 1441 617">
     <span class='ocr_line' id='line_1_2' title="bbox 203 344 1436 430; baseline 0 -22"><span class='ocrx_word' id='word_1_5' title='bbox 203 345 247 408; x_wconf 84' lang='lat' dir='ltr'><strong>Ut</strong></span> <span class='ocrx_word' id='word_1_6' title='bbox 267 365 356 428; x_wconf 84' lang='lat' dir='ltr'><strong>quae</strong></span> <span class='ocrx_word' id='word_1_7' title='bbox 377 344 514 427; x_wconf 88' lang='lat' dir='ltr'><strong>religio]</strong></span> <span class='ocrx_word' id='word_1_8' title='bbox 539 347 664 422; x_wconf 82' lang='lat' dir='ltr'><strong>idest,</strong></span> <span class='ocrx_word' id='word_1_9' title='bbox 687 357 740 422; x_wconf 88' lang='lat' dir='ltr'><strong>ut,</strong></span> <span class='ocrx_word' id='word_1_10' title='bbox 765 348 930 429; x_wconf 80' lang='lat' dir='ltr'><strong>qttomodo</strong></span> <span class='ocrx_word' id='word_1_11' title='bbox 952 345 1076 410; x_wconf 90' lang='lat' dir='ltr'><strong>Marius</strong></span> <span class='ocrx_word' id='word_1_12' title='bbox 1091 366 1156 409; x_wconf 90' lang='lat' dir='ltr'><strong>non</strong></span> <span class='ocrx_word' id='word_1_13' title='bbox 1172 345 1328 410; x_wconf 80' lang='lat' dir='ltr'><strong>dubitavit</strong></span> <span class='ocrx_word' id='word_1_14' title='bbox 1343 366 1436 430; x_wconf 89' lang='lat' dir='ltr'><strong>prae·</strong></span> 
     </span>
     <span class='ocr_line' id='line_1_3' title="bbox 116 437 1441 523; baseline 0.002 -23"><span class='ocrx_word' id='word_1_15' title='bbox 116 448 223 501; x_wconf 85' lang='lat' dir='ltr'><strong>torem</strong></span> <span class='ocrx_word' id='word_1_16' title='bbox 244 438 337 504; x_wconf 88' lang='lat' dir='ltr'><strong>etiam</strong></span> <span class='ocrx_word' id='word_1_17' title='bbox 362 437 430 501; x_wconf 90' lang='lat' dir='ltr'><strong>sine</strong></span> <span class='ocrx_word' id='word_1_18' title='bbox 455 441 586 502; x_wconf 84' lang='lat' dir='ltr'><strong>decreto</strong></span> <span class='ocrx_word' id='word_1_19' title='bbox 614 452 741 503; x_wconf 89' lang='lat' dir='ltr'><strong>senatus</strong></span> <span class='ocrx_word' id='word_1_20' title='bbox 766 441 931 515; x_wconf 89' lang='lat' dir='ltr'><strong>occidere,</strong></span> <span class='ocrx_word' id='word_1_21' title='bbox 965 440 1012 502; x_wconf 90' lang='lat' dir='ltr'><strong>sio</strong></span> <span class='ocrx_word' id='word_1_22' title='bbox 1036 461 1096 503; x_wconf 91' lang='lat' dir='ltr'><strong>nos</strong></span> <span class='ocrx_word' id='word_1_23' title='bbox 1123 453 1273 523; x_wconf 87' lang='lat' dir='ltr'><strong>praetura</strong></span> <span class='ocrx_word' id='word_1_24' title='bbox 1296 440 1441 522; x_wconf 87' lang='lat' dir='ltr'><strong>deposita</strong></span> 
     </span>
     <span class='ocr_line' id='line_1_4' title="bbox 117 531 1028 617; baseline 0.002 -22"><span class='ocrx_word' id='word_1_25' title='bbox 117 542 151 595; x_wconf 89' lang='lat' dir='ltr'><strong>et</strong></span> <span class='ocrx_word' id='word_1_26' title='bbox 171 531 260 595; x_wconf 83' lang='lat' dir='ltr'><strong>sacto</strong></span> <span class='ocrx_word' id='word_1_27' title='bbox 283 534 413 597; x_wconf 89' lang='lat' dir='ltr'><strong>decreto</strong></span> <span class='ocrx_word' id='word_1_28' title='bbox 437 554 500 594; x_wconf 92' lang='lat' dir='ltr'><strong>non</strong></span> <span class='ocrx_word' id='word_1_29' title='bbox 522 533 698 596; x_wconf 90' lang='lat' dir='ltr'><strong>dubitemus</strong></span> <span class='ocrx_word' id='word_1_30' title='bbox 720 535 833 617; x_wconf 86' lang='lat' dir='ltr'><strong>punire</strong></span> <span class='ocrx_word' id='word_1_31' title='bbox 855 535 1028 616; x_wconf 83' lang='lat' dir='ltr'><strong>privatum.</strong></span> 
     </span>
    </p>

    <p class='ocr_par' dir='ltr' id='par_1_3' title="bbox 117 625 1469 887">
     <span class='ocr_line' id='line_1_5' title="bbox 118 625 1441 708; baseline 0.006 -24"><span class='ocrx_word' id='word_1_32' title='bbox 118 680 121 684; x_wconf 15' lang='grc' dir='ltr'><strong><em>Δ</em></strong></span> <span class='ocrx_word' id='word_1_33' title='bbox 202 628 259 689; x_wconf 81' lang='lat' dir='ltr'><strong>Ea</strong></span> <span class='ocrx_word' id='word_1_34' title='bbox 278 645 343 687; x_wconf 87' lang='lat' dir='ltr'><strong>nos</strong></span> <span class='ocrx_word' id='word_1_35' title='bbox 364 625 531 708; x_wconf 74' lang='lat' dir='ltr'><strong><em>religione</em></strong></span> <span class='ocrx_word' id='word_1_36' title='bbox 552 627 791 707; x_wconf 85' lang='lat' dir='ltr'><strong>liberaremur]</strong></span> <span class='ocrx_word' id='word_1_37' title='bbox 813 628 851 691; x_wconf 94' lang='lat' dir='ltr'><strong>Id</strong></span> <span class='ocrx_word' id='word_1_38' title='bbox 872 640 939 702; x_wconf 88' lang='lat' dir='ltr'><strong>est,</strong></span> <span class='ocrx_word' id='word_1_39' title='bbox 964 649 999 690; x_wconf 92' lang='lat' dir='ltr'><strong>ea</strong></span> <span class='ocrx_word' id='word_1_40' title='bbox 1023 649 1082 691; x_wconf 94' lang='lat' dir='ltr'><strong>nos</strong></span> <span class='ocrx_word' id='word_1_41' title='bbox 1103 627 1301 692; x_wconf 81' lang='lat' dir='ltr'>dubitatione</span> <span class='ocrx_word' id='word_1_42' title='bbox 1324 629 1441 692; x_wconf 87' lang='lat' dir='ltr'><strong>libera·</strong></span> 
     </span>
     <span class='ocr_line' id='line_1_6' title="bbox 117 718 1469 805; baseline 0.004 -24"><span class='ocrx_word' id='word_1_43' title='bbox 117 739 244 794; x_wconf 68' lang='lat' dir='ltr'><strong>masur,</strong></span> <span class='ocrx_word' id='word_1_44' title='bbox 276 739 315 781; x_wconf 92' lang='lat' dir='ltr'><strong>ne</strong></span> <span class='ocrx_word' id='word_1_45' title='bbox 344 718 520 782; x_wconf 77' lang='lat' dir='ltr'>diceremur</span> <span class='ocrx_word' id='word_1_46' title='bbox 548 733 732 802; x_wconf 79' lang='lat' dir='ltr'><strong>praetorem</strong></span> <span class='ocrx_word' id='word_1_47' title='bbox 758 732 790 784; x_wconf 86' lang='lat' dir='ltr'><strong>et</strong></span> <span class='ocrx_word' id='word_1_48' title='bbox 825 720 893 784; x_wconf 90' lang='lat' dir='ltr'><strong>sine</strong></span> <span class='ocrx_word' id='word_1_49' title='bbox 916 722 1045 784; x_wconf 90' lang='lat' dir='ltr'><strong>decreto</strong></span> <span class='ocrx_word' id='word_1_50' title='bbox 1073 721 1221 803; x_wconf 81' lang='lat' dir='ltr'><strong>punisse3</strong></span> <span class='ocrx_word' id='word_1_51' title='bbox 1255 725 1343 805; x_wconf 90' lang='lat' dir='ltr'><strong>quod</strong></span> <span class='ocrx_word' id='word_1_52' title='bbox 1364 722 1469 787; x_wconf 74' lang='lat' dir='ltr'><strong>lecitl</strong></span> 
     </span>
     <span class='ocr_line' id='line_1_7' title="bbox 118 811 604 887; baseline 0 -11"><span class='ocrx_word' id='word_1_53' title='bbox 118 811 268 887; x_wconf 88' lang='lat' dir='ltr'><strong>Marius,</strong></span> <span class='ocrx_word' id='word_1_54' title='bbox 292 834 351 875; x_wconf 90' lang='lat' dir='ltr'><strong>nos</strong></span> <span class='ocrx_word' id='word_1_55' title='bbox 374 834 435 877; x_wconf 94' lang='lat' dir='ltr'><strong>uon</strong></span> <span class='ocrx_word' id='word_1_56' title='bbox 458 813 604 876; x_wconf 82' lang='lat' dir='ltr'><strong>leeiinus.</strong></span> 
     </span>
    </p>

    <p class='ocr_par' dir='ltr' id='par_1_4' title="bbox 118 906 1521 1342">
     <span class='ocr_line' id='line_1_8' title="bbox 205 906 1521 990; baseline 0.002 -20"><span class='ocrx_word' id='word_1_57' title='bbox 205 906 289 988; x_wconf 89' lang='lat' dir='ltr'><strong>Cap.</strong></span> <span class='ocrx_word' id='word_1_58' title='bbox 314 907 395 970; x_wconf 90' lang='lat' dir='ltr'><strong>Vll.</strong></span> <span class='ocrx_word' id='word_1_59' title='bbox 421 907 473 969; x_wconf 87' lang='grc'><strong>16.</strong></span> <span class='ocrx_word' id='word_1_60' title='bbox 507 907 686 990; x_wconf 85' lang='lat' dir='ltr'><strong>Somnum]</strong></span> <span class='ocrx_word' id='word_1_61' title='bbox 723 907 788 971; x_wconf 89' lang='lat' dir='ltr'><strong>Alii</strong></span> <span class='ocrx_word' id='word_1_62' title='bbox 817 909 1009 986; x_wconf 87' lang='lat' dir='ltr'><strong>somnium,</strong></span> <span class='ocrx_word' id='word_1_63' title='bbox 1042 908 1095 971; x_wconf 87' lang='lat' dir='ltr'><strong>alii</strong></span> <span class='ocrx_word' id='word_1_64' title='bbox 1123 930 1282 973; x_wconf 88' lang='lat' dir='ltr'><strong>somnum</strong></span> <span class='ocrx_word' id='word_1_65' title='bbox 1308 910 1439 973; x_wconf 87' lang='lat' dir='ltr'><strong>habent.</strong></span> <span class='ocrx_word' id='word_1_66' title='bbox 1518 953 1521 959; x_wconf 41' lang='grc' dir='ltr'><em>ι</em></span> 
     </span>
     <span class='ocr_line' id='line_1_9' title="bbox 118 998 1441 1086; baseline 0.002 -24"><span class='ocrx_word' id='word_1_67' title='bbox 118 999 298 1082; x_wconf 81' lang='lat' dir='ltr'><strong>Utrumque</strong></span> <span class='ocrx_word' id='word_1_68' title='bbox 324 998 509 1079; x_wconf 79' lang='lat' dir='ltr'><strong>exponitur.</strong></span> <span class='ocrx_word' id='word_1_69' title='bbox 554 999 590 1062; x_wconf 85' lang='lat' dir='ltr'><strong>si</strong></span> <span class='ocrx_word' id='word_1_70' title='bbox 609 1020 784 1075; x_wconf 80' lang='lat' dir='ltr'><strong>somnum,</strong></span> <span class='ocrx_word' id='word_1_71' title='bbox 817 1001 1005 1082; x_wconf 78' lang='lat' dir='ltr'><strong>segnitiem,</strong></span> <span class='ocrx_word' id='word_1_72' title='bbox 1040 1003 1112 1086; x_wconf 90' lang='lat' dir='ltr'><strong>quia</strong></span> <span class='ocrx_word' id='word_1_73' title='bbox 1140 1005 1264 1065; x_wconf 77' lang='lat' dir='ltr'><strong>ornabat</strong></span> <span class='ocrx_word' id='word_1_74' title='bbox 1286 1003 1441 1067; x_wconf 86' lang='lat' dir='ltr'><strong>dormire.</strong></span> 
     </span>
     <span class='ocr_line' id='line_1_10' title="bbox 118 1093 1442 1179; baseline 0.003 -23"><span class='ocrx_word' id='word_1_75' title='bbox 118 1095 264 1156; x_wconf 80' lang='lat' dir='ltr'><strong>Praeter</strong></span> <span class='ocrx_word' id='word_1_76' title='bbox 284 1093 584 1168; x_wconf 78' lang='lat' dir='ltr'><strong>consuetudinem,</strong></span> <span class='ocrx_word' id='word_1_77' title='bbox 608 1093 726 1177; x_wconf 91' lang='lat' dir='ltr'><strong>inquit,</strong></span> <span class='ocrx_word' id='word_1_78' title='bbox 748 1096 916 1176; x_wconf 81' lang='lat' dir='ltr'><strong>proxima</strong></span> <span class='ocrx_word' id='word_1_79' title='bbox 931 1108 1028 1159; x_wconf 89' lang='lat' dir='ltr'><strong>nocte</strong></span> <span class='ocrx_word' id='word_1_80' title='bbox 1042 1096 1256 1179; x_wconf 81' lang='lat' dir='ltr'><strong>vigilaverat.</strong></span> <span class='ocrx_word' id='word_1_81' title='bbox 1302 1097 1337 1159; x_wconf 89' lang='lat' dir='ltr'><strong>Si</strong></span> <span class='ocrx_word' id='word_1_82' title='bbox 1351 1118 1442 1160; x_wconf 85' lang='lat' dir='ltr'><strong>som·</strong></span> 
     </span>
     <span class='ocr_line' id='line_1_11' title="bbox 118 1184 1485 1272; baseline 0.005 -27"><span class='ocrx_word' id='word_1_83' title='bbox 118 1184 236 1260; x_wconf 68' lang='lat' dir='ltr'><strong>mum,</strong></span> <span class='ocrx_word' id='word_1_84' title='bbox 261 1206 372 1247; x_wconf 79' lang='lat' dir='ltr'><strong>vanarn</strong></span> <span class='ocrx_word' id='word_1_85' title='bbox 394 1207 482 1268; x_wconf 88' lang='lat' dir='ltr'><strong>spem</strong></span> <span class='ocrx_word' id='word_1_86' title='bbox 502 1189 541 1249; x_wconf 89' lang='lat' dir='ltr'><strong>de</strong></span> <span class='ocrx_word' id='word_1_87' title='bbox 560 1186 635 1250; x_wconf 86' lang='lat' dir='ltr'><strong>latis</strong></span> <span class='ocrx_word' id='word_1_88' title='bbox 659 1188 845 1268; x_wconf 85' lang='lat' dir='ltr'><strong>Sibyllinis,</strong></span> <span class='ocrx_word' id='word_1_89' title='bbox 867 1191 957 1272; x_wconf 91' lang='lat' dir='ltr'><strong>quod</strong></span> <span class='ocrx_word' id='word_1_90' title='bbox 983 1191 1106 1252; x_wconf 88' lang='lat' dir='ltr'><strong>dicebat</strong></span> <span class='ocrx_word' id='word_1_91' title='bbox 1126 1211 1160 1253; x_wconf 89' lang='lat' dir='ltr'><strong>se</strong></span> <span class='ocrx_word' id='word_1_92' title='bbox 1185 1189 1258 1253; x_wconf 86' lang='lat' dir='ltr'><strong>sore</strong></span> <span class='ocrx_word' id='word_1_93' title='bbox 1281 1189 1485 1254; x_wconf 81' lang='lat' dir='ltr'><strong>uominnmu</strong></span> 
     </span>
     <span class='ocr_line' id='line_1_12' title="bbox 123 1279 263 1342; baseline -0.007 -1"><span class='ocrx_word' id='word_1_94' title='bbox 123 1279 263 1342; x_wconf 84' lang='lat' dir='ltr'><strong>Romae.</strong></span> 
     </span>
    </p>

    <p class='ocr_par' dir='ltr' id='par_1_5' title="bbox 205 1371 1230 1459">
     <span class='ocr_line' id='line_1_13' title="bbox 205 1371 1230 1459; baseline 0.001 -22"><span class='ocrx_word' id='word_1_95' title='bbox 205 1376 280 1437; x_wconf 89' lang='lat' dir='ltr'><strong>Nec</strong></span> <span class='ocrx_word' id='word_1_96' title='bbox 301 1372 402 1436; x_wconf 82' lang='lat' dir='ltr'><strong>Lucii</strong></span> <span class='ocrx_word' id='word_1_97' title='bbox 423 1373 543 1438; x_wconf 87' lang='lat' dir='ltr'><strong>Crassi</strong></span> <span class='ocrx_word' id='word_1_98' title='bbox 563 1371 696 1455; x_wconf 85' lang='lat' dir='ltr'><strong>adipes]</strong></span> <span class='ocrx_word' id='word_1_99' title='bbox 727 1373 808 1455; x_wconf 86' lang='lat' dir='ltr'><strong>Quia</strong></span> <span class='ocrx_word' id='word_1_100' title='bbox 832 1396 980 1450; x_wconf 87' lang='lat' dir='ltr'><strong>crassus,</strong></span> <span class='ocrx_word' id='word_1_101' title='bbox 1004 1374 1125 1459; x_wconf 89' lang='lat' dir='ltr'><strong>inquit,</strong></span> <span class='ocrx_word' id='word_1_102' title='bbox 1150 1386 1230 1439; x_wconf 86' lang='lat' dir='ltr'><strong>erat.</strong></span> 
     </span>
    </p>

    <p class='ocr_par' dir='ltr' id='par_1_6' title="bbox 118 1467 1484 1739">
     <span class='ocr_line' id='line_1_14' title="bbox 204 1467 1442 1553; baseline 0.001 -22"><span class='ocrx_word' id='word_1_103' title='bbox 204 1469 345 1531; x_wconf 85' lang='lat' dir='ltr'><strong>Poterat</strong></span> <span class='ocrx_word' id='word_1_104' title='bbox 366 1478 399 1529; x_wconf 90' lang='lat' dir='ltr'><strong>et</strong></span> <span class='ocrx_word' id='word_1_105' title='bbox 421 1467 586 1530; x_wconf 78' lang='lat' dir='ltr'><strong>ueniebat:</strong></span> <span class='ocrx_word' id='word_1_106' title='bbox 607 1468 750 1532; x_wconf 85' lang='lat' dir='ltr'><strong>consilio</strong></span> <span class='ocrx_word' id='word_1_107' title='bbox 771 1490 878 1553; x_wconf 85' lang='lat' dir='ltr'><strong>neque</strong></span> <span class='ocrx_word' id='word_1_108' title='bbox 898 1469 1019 1552; x_wconf 85' lang='lat' dir='ltr'><strong>lingua</strong></span> <span class='ocrx_word' id='word_1_109' title='bbox 1041 1490 1148 1553; x_wconf 83' lang='lat' dir='ltr'><strong>neque</strong></span> <span class='ocrx_word' id='word_1_110' title='bbox 1172 1490 1295 1532; x_wconf 77' lang='lat' dir='ltr'><strong>montes</strong></span> <span class='ocrx_word' id='word_1_111' title='bbox 1309 1469 1442 1551; x_wconf 84' lang='lat' dir='ltr'><strong>deerat]</strong></span> 
     </span>
     <span class='ocr_line' id='line_1_15' title="bbox 119 1559 1441 1647; baseline 0.002 -26"><span class='ocrx_word' id='word_1_112' title='bbox 119 1559 211 1640; x_wconf 79' lang='lat' dir='ltr'><strong>Quae</strong></span> <span class='ocrx_word' id='word_1_113' title='bbox 234 1581 316 1622; x_wconf 90' lang='lat' dir='ltr'><strong>nunc</strong></span> <span class='ocrx_word' id='word_1_114' title='bbox 340 1561 393 1624; x_wconf 91' lang='lat' dir='ltr'><strong>illo</strong></span> <span class='ocrx_word' id='word_1_115' title='bbox 416 1562 546 1623; x_wconf 88' lang='lat' dir='ltr'><strong>absente</strong></span> <span class='ocrx_word' id='word_1_116' title='bbox 569 1576 658 1645; x_wconf 87' lang='lat' dir='ltr'><strong>gesta</strong></span> <span class='ocrx_word' id='word_1_117' title='bbox 681 1572 774 1637; x_wconf 87' lang='lat' dir='ltr'><strong>suut;</strong></span> <span class='ocrx_word' id='word_1_118' title='bbox 798 1563 893 1647; x_wconf 91' lang='lat' dir='ltr'><strong>quia,</strong></span> <span class='ocrx_word' id='word_1_119' title='bbox 918 1562 943 1624; x_wconf 89' lang='lat' dir='ltr'><strong>si</strong></span> <span class='ocrx_word' id='word_1_120' title='bbox 966 1561 1018 1625; x_wconf 91' lang='lat' dir='ltr'><strong>ille</strong></span> <span class='ocrx_word' id='word_1_121' title='bbox 1045 1582 1196 1644; x_wconf 88' lang='lat' dir='ltr'><strong>praesens</strong></span> <span class='ocrx_word' id='word_1_122' title='bbox 1217 1561 1346 1637; x_wconf 86' lang='lat' dir='ltr'><strong>suisset,</strong></span> <span class='ocrx_word' id='word_1_123' title='bbox 1377 1575 1441 1626; x_wconf 89' lang='lat' dir='ltr'><strong>non</strong></span> 
     </span>
     <span class='ocr_line' id='line_1_16' title="bbox 118 1655 1484 1739; baseline -0.004 -21"><span class='ocrx_word' id='word_1_124' title='bbox 118 1655 161 1719; x_wconf 84' lang='lat' dir='ltr'><strong>ita</strong></span> <span class='ocrx_word' id='word_1_125' title='bbox 185 1668 388 1739; x_wconf 83' lang='lat' dir='ltr'><strong>gererentur.</strong></span> <span class='ocrx_word' id='word_1_126' title='bbox 1453 1662 1484 1714; x_wconf 76' lang='lat' dir='ltr'><strong>tt</strong></span> 
     </span>
    </p>

    <p class='ocr_par' dir='ltr' id='par_1_7' title="bbox 116 1745 1441 2111">
     <span class='ocr_line' id='line_1_17' title="bbox 204 1745 1437 1834; baseline -0.002 -22"><span class='ocrx_word' id='word_1_127' title='bbox 204 1745 288 1829; x_wconf 88' lang='lat' dir='ltr'><strong>Cap.</strong></span> <span class='ocrx_word' id='word_1_128' title='bbox 312 1748 414 1811; x_wconf 86' lang='lat' dir='ltr'><strong>Vlll.</strong></span> <span class='ocrx_word' id='word_1_129' title='bbox 440 1749 491 1812; x_wconf 90' lang='grc'><strong>18.</strong></span> <span class='ocrx_word' id='word_1_130' title='bbox 525 1753 742 1834; x_wconf 81' lang='lat' dir='ltr'><strong>Quamquam</strong></span> <span class='ocrx_word' id='word_1_131' title='bbox 769 1752 853 1813; x_wconf 81' lang='lat' dir='ltr'><strong>haec</strong></span> <span class='ocrx_word' id='word_1_132' title='bbox 881 1749 1017 1825; x_wconf 87' lang='lat' dir='ltr'><strong>omnia,</strong></span> <span class='ocrx_word' id='word_1_133' title='bbox 1049 1748 1222 1833; x_wconf 83' lang='lat' dir='ltr'><strong>Quirites]</strong></span> <span class='ocrx_word' id='word_1_134' title='bbox 1259 1748 1320 1811; x_wconf 86' lang='lat' dir='ltr'><strong>Illa</strong></span> <span class='ocrx_word' id='word_1_135' title='bbox 1350 1760 1437 1823; x_wconf 90' lang='lat' dir='ltr'><strong>arte,</strong></span> 
     </span>
     <span class='ocr_line' id='line_1_18' title="bbox 120 1841 1441 1926; baseline 0.001 -24"><span class='ocrx_word' id='word_1_136' title='bbox 120 1861 183 1923; x_wconf 89' lang='lat' dir='ltr'><strong>qua</strong></span> <span class='ocrx_word' id='word_1_137' title='bbox 205 1841 288 1903; x_wconf 90' lang='lat' dir='ltr'><strong>solet</strong></span> <span class='ocrx_word' id='word_1_138' title='bbox 312 1843 386 1902; x_wconf 88' lang='lat' dir='ltr'><strong>dare</strong></span> <span class='ocrx_word' id='word_1_139' title='bbox 412 1842 606 1917; x_wconf 83' lang='lat' dir='ltr'><strong>numinibus,</strong></span> <span class='ocrx_word' id='word_1_140' title='bbox 631 1845 718 1926; x_wconf 90' lang='lat' dir='ltr'><strong>quod</strong></span> <span class='ocrx_word' id='word_1_141' title='bbox 733 1842 800 1923; x_wconf 87' lang='lat' dir='ltr'><strong>ipse</strong></span> <span class='ocrx_word' id='word_1_142' title='bbox 815 1842 991 1923; x_wconf 87' lang='lat' dir='ltr'><strong>praestitit,</strong></span> <span class='ocrx_word' id='word_1_143' title='bbox 1016 1853 1050 1905; x_wconf 90' lang='lat' dir='ltr'><strong>ut</strong></span> <span class='ocrx_word' id='word_1_144' title='bbox 1072 1842 1441 1915; x_wconf 85' lang='lat' dir='ltr'><strong>deorumimmortalium</strong></span> 
     </span>
     <span class='ocr_line' id='line_1_19' title="bbox 116 1934 1441 2018; baseline -0.001 -20"><span class='ocrx_word' id='word_1_145' title='bbox 116 1935 254 1999; x_wconf 87' lang='lat' dir='ltr'><strong>consilio</strong></span> <span class='ocrx_word' id='word_1_146' title='bbox 278 1945 364 2017; x_wconf 85' lang='lat' dir='ltr'><strong>gesta</strong></span> <span class='ocrx_word' id='word_1_147' title='bbox 392 1956 461 1996; x_wconf 89' lang='lat' dir='ltr'><strong>esse</strong></span> <span class='ocrx_word' id='word_1_148' title='bbox 488 1934 666 1998; x_wconf 82' lang='lat' dir='ltr'><strong>videantur.</strong></span> <span class='ocrx_word' id='word_1_149' title='bbox 710 1935 823 1998; x_wconf 76' lang='lat' dir='ltr'><strong>Prinna</strong></span> <span class='ocrx_word' id='word_1_150' title='bbox 850 1935 1052 2011; x_wconf 85' lang='lat' dir='ltr'><strong>coniectura,</strong></span> <span class='ocrx_word' id='word_1_151' title='bbox 1085 1956 1166 2018; x_wconf 88' lang='lat' dir='ltr'><strong>quae</strong></span> <span class='ocrx_word' id='word_1_152' title='bbox 1192 1946 1277 1998; x_wconf 84' lang='lat' dir='ltr'><strong>tanta</strong></span> <span class='ocrx_word' id='word_1_153' title='bbox 1303 1956 1356 1999; x_wconf 86' lang='lat' dir='ltr'><strong>res</strong></span> <span class='ocrx_word' id='word_1_154' title='bbox 1381 1936 1441 1997; x_wconf 91' lang='lat' dir='ltr'><strong>hu·</strong></span> 
     </span>
     <span class='ocr_line' id='line_1_20' title="bbox 118 2027 1441 2111; baseline -0.003 -19"><span class='ocrx_word' id='word_1_155' title='bbox 118 2050 242 2092; x_wconf 77' lang='lat' dir='ltr'><strong>maurun</strong></span> <span class='ocrx_word' id='word_1_156' title='bbox 265 2027 429 2090; x_wconf 89' lang='lat' dir='ltr'><strong>consilium</strong></span> <span class='ocrx_word' id='word_1_157' title='bbox 453 2048 515 2091; x_wconf 90' lang='lat' dir='ltr'><strong>non</strong></span> <span class='ocrx_word' id='word_1_158' title='bbox 540 2039 687 2109; x_wconf 86' lang='lat' dir='ltr'><strong>caperet:</strong></span> <span class='ocrx_word' id='word_1_159' title='bbox 721 2028 780 2091; x_wconf 87' lang='lat' dir='ltr'><strong>alia</strong></span> <span class='ocrx_word' id='word_1_160' title='bbox 808 2028 993 2093; x_wconf 84' lang='lat' dir='ltr'><strong>coniectura</strong></span> <span class='ocrx_word' id='word_1_161' title='bbox 1018 2049 1059 2091; x_wconf 80' lang='lat' dir='ltr'><strong>ex</strong></span> <span class='ocrx_word' id='word_1_162' title='bbox 1093 2028 1226 2092; x_wconf 90' lang='lat' dir='ltr'><strong>ostentis</strong></span> <span class='ocrx_word' id='word_1_163' title='bbox 1247 2028 1325 2111; x_wconf 89' lang='lat' dir='ltr'><strong>ipsis</strong></span> <span class='ocrx_word' id='word_1_164' title='bbox 1347 2039 1377 2091; x_wconf 91' lang='lat' dir='ltr'><strong>et</strong></span> <span class='ocrx_word' id='word_1_165' title='bbox 1400 2048 1441 2090; x_wconf 85' lang='lat' dir='ltr'><strong>ex</strong></span> 
     </span>
    </p>

    <p class='ocr_par' dir='ltr' id='par_1_8' title="bbox 119 2121 1485 2306">
     <span class='ocr_line' id='line_1_21' title="bbox 144 2121 1485 2186; baseline -0.006 0"><span class='ocrx_word' id='word_1_166' title='bbox 144 2121 291 2186; x_wconf 78' lang='lat' dir='ltr'><strong>ostentis.</strong></span> <span class='ocrx_word' id='word_1_167' title='bbox 1450 2128 1485 2178; x_wconf 78' lang='grc'><strong>11</strong></span> 
     </span>
     <span class='ocr_line' id='line_1_22' title="bbox 119 2143 1440 2306; baseline -0.004 -25"><span class='ocrx_word' id='word_1_168' title='bbox 119 2143 142 2205; x_wconf 65' lang='lat' dir='ltr'><strong>p</strong></span> <span class='ocrx_word' id='word_1_169' title='bbox 204 2217 259 2282; x_wconf 75' lang='lat' dir='ltr'><strong>At&gt;</strong></span> <span class='ocrx_word' id='word_1_170' title='bbox 272 2213 571 2306; x_wconf 88' lang='lat' dir='ltr'><strong>occidentefaces]</strong></span> <span class='ocrx_word' id='word_1_171' title='bbox 596 2215 644 2278; x_wconf 87' lang='lat' dir='ltr'><strong>De</strong></span> <span class='ocrx_word' id='word_1_172' title='bbox 660 2226 750 2296; x_wconf 87' lang='lat' dir='ltr'><strong>parte</strong></span> <span class='ocrx_word' id='word_1_173' title='bbox 767 2215 909 2290; x_wconf 87' lang='lat' dir='ltr'><strong>Galliae,</strong></span> <span class='ocrx_word' id='word_1_174' title='bbox 924 2214 995 2298; x_wconf 91' lang='lat' dir='ltr'><strong>quia</strong></span> <span class='ocrx_word' id='word_1_175' title='bbox 1011 2213 1110 2278; x_wconf 87' lang='lat' dir='ltr'><strong>sedati</strong></span> <span class='ocrx_word' id='word_1_176' title='bbox 1125 2213 1440 2295; x_wconf 79' lang='lat' dir='ltr'><strong>erantAllobroges.</strong></span> 
     </span>
    </p>

    <p class='ocr_par' dir='ltr' id='par_1_9' title="bbox 117 2305 1483 3230">
     <span class='ocr_line' id='line_1_23' title="bbox 205 2305 1441 2392; baseline -0.004 -20"><span class='ocrx_word' id='word_1_177' title='bbox 205 2312 258 2374; x_wconf 81' lang='lat'><strong>19.</strong></span> <span class='ocrx_word' id='word_1_178' title='bbox 282 2314 383 2375; x_wconf 88' lang='lat' dir='ltr'><strong>Cotta</strong></span> <span class='ocrx_word' id='word_1_179' title='bbox 404 2322 437 2371; x_wconf 91' lang='lat' dir='ltr'><strong>et</strong></span> <span class='ocrx_word' id='word_1_180' title='bbox 461 2314 638 2392; x_wconf 80' lang='lat' dir='ltr'><strong>Torquato</strong></span> <span class='ocrx_word' id='word_1_181' title='bbox 660 2308 868 2390; x_wconf 83' lang='lat' dir='ltr'><strong>consulibus]</strong></span> <span class='ocrx_word' id='word_1_182' title='bbox 893 2310 1084 2371; x_wconf 78' lang='lat' dir='ltr'><strong>Percussum</strong></span> <span class='ocrx_word' id='word_1_183' title='bbox 1108 2308 1211 2370; x_wconf 87' lang='lat' dir='ltr'><strong>luerat</strong></span> <span class='ocrx_word' id='word_1_184' title='bbox 1234 2305 1355 2369; x_wconf 89' lang='lat' dir='ltr'><strong>crebris</strong></span> <span class='ocrx_word' id='word_1_185' title='bbox 1376 2306 1441 2368; x_wconf 89' lang='lat' dir='ltr'><strong>lul·</strong></span> 
     </span>
     <span class='ocr_line' id='line_1_24' title="bbox 117 2401 1442 2484; baseline -0.005 -16"><span class='ocrx_word' id='word_1_186' title='bbox 117 2404 253 2468; x_wconf 86' lang='lat' dir='ltr'><strong>minibus</strong></span> <span class='ocrx_word' id='word_1_187' title='bbox 276 2402 487 2484; x_wconf 80' lang='lat' dir='ltr'><strong>Capitolium.</strong></span> <span class='ocrx_word' id='word_1_188' title='bbox 532 2401 603 2464; x_wconf 90' lang='lat' dir='ltr'><strong>lllic</strong></span> <span class='ocrx_word' id='word_1_189' title='bbox 618 2401 709 2465; x_wconf 83' lang='lat' dir='ltr'><strong>loris</strong></span> <span class='ocrx_word' id='word_1_190' title='bbox 731 2415 832 2464; x_wconf 89' lang='lat' dir='ltr'><strong>statua</strong></span> <span class='ocrx_word' id='word_1_191' title='bbox 848 2402 894 2465; x_wconf 86' lang='lat' dir='ltr'><strong>sic</strong></span> <span class='ocrx_word' id='word_1_192' title='bbox 910 2403 1033 2465; x_wconf 83' lang='lat' dir='ltr'><strong>ttubine</strong></span> <span class='ocrx_word' id='word_1_193' title='bbox 1055 2404 1182 2484; x_wconf 87' lang='lat' dir='ltr'><strong>depulsa</strong></span> <span class='ocrx_word' id='word_1_194' title='bbox 1199 2414 1265 2473; x_wconf 87' lang='lat' dir='ltr'><strong>est,</strong></span> <span class='ocrx_word' id='word_1_195' title='bbox 1290 2412 1324 2463; x_wconf 92' lang='lat' dir='ltr'><strong>ut</strong></span> <span class='ocrx_word' id='word_1_196' title='bbox 1346 2409 1442 2482; x_wconf 91' lang='lat' dir='ltr'><strong>caput</strong></span> 
     </span>
     <span class='ocr_line' id='line_1_25' title="bbox 117 2494 1440 2582; baseline -0.005 -21"><span class='ocrx_word' id='word_1_197' title='bbox 117 2501 268 2582; x_wconf 84' lang='lat' dir='ltr'><strong>perderet</strong></span> <span class='ocrx_word' id='word_1_198' title='bbox 283 2509 314 2559; x_wconf 93' lang='lat' dir='ltr'><strong>et</strong></span> <span class='ocrx_word' id='word_1_199' title='bbox 331 2508 532 2580; x_wconf 83' lang='lat' dir='ltr'><strong>mergeretur</strong></span> <span class='ocrx_word' id='word_1_200' title='bbox 549 2495 581 2557; x_wconf 89' lang='lat' dir='ltr'><strong>iu</strong></span> <span class='ocrx_word' id='word_1_201' title='bbox 598 2495 700 2558; x_wconf 89' lang='lat' dir='ltr'><strong>medio</strong></span> <span class='ocrx_word' id='word_1_202' title='bbox 720 2496 844 2559; x_wconf 88' lang='lat' dir='ltr'><strong>Tiberi.</strong></span> <span class='ocrx_word' id='word_1_203' title='bbox 889 2500 983 2559; x_wconf 79' lang='lat' dir='ltr'><strong>Titne</strong></span> <span class='ocrx_word' id='word_1_204' title='bbox 996 2497 1156 2576; x_wconf 79' lang='lat' dir='ltr'><strong>haruspex</strong></span> <span class='ocrx_word' id='word_1_205' title='bbox 1173 2494 1318 2579; x_wconf 88' lang='lat' dir='ltr'><strong>quidam,</strong></span> <span class='ocrx_word' id='word_1_206' title='bbox 1343 2514 1440 2577; x_wconf 87' lang='lat' dir='ltr'><strong>quum</strong></span> 
     </span>
     <span class='ocr_line' id='line_1_26' title="bbox 118 2588 1483 2675; baseline -0.007 -20"><span class='ocrx_word' id='word_1_207' title='bbox 118 2594 301 2655; x_wconf 79' lang='lat' dir='ltr'><strong>sacerdotes</strong></span> <span class='ocrx_word' id='word_1_208' title='bbox 332 2602 540 2675; x_wconf 86' lang='lat' dir='ltr'><strong>sequerentur</strong></span> <span class='ocrx_word' id='word_1_209' title='bbox 565 2588 698 2673; x_wconf 85' lang='lat' dir='ltr'><strong>vestigia</strong></span> <span class='ocrx_word' id='word_1_210' title='bbox 719 2588 857 2652; x_wconf 84' lang='lat' dir='ltr'><strong>fulminis</strong></span> <span class='ocrx_word' id='word_1_211' title='bbox 889 2601 920 2654; x_wconf 92' lang='lat' dir='ltr'><strong>et</strong></span> <span class='ocrx_word' id='word_1_212' title='bbox 952 2599 1049 2671; x_wconf 89' lang='lat' dir='ltr'><strong>caput</strong></span> <span class='ocrx_word' id='word_1_213' title='bbox 1073 2589 1227 2651; x_wconf 86' lang='lat' dir='ltr'><strong>deiectum</strong></span> <span class='ocrx_word' id='word_1_214' title='bbox 1251 2596 1483 2671; x_wconf 76' lang='lat' dir='ltr'><strong>quaererenttt</strong></span> 
     </span>
     <span class='ocr_line' id='line_1_27' title="bbox 119 2681 1438 2764; baseline -0.004 -18"><span class='ocrx_word' id='word_1_215' title='bbox 119 2705 179 2747; x_wconf 88' lang='lat' dir='ltr'><strong>nec</strong></span> <span class='ocrx_word' id='word_1_216' title='bbox 200 2682 397 2757; x_wconf 84' lang='lat' dir='ltr'><strong>invenirent,</strong></span> <span class='ocrx_word' id='word_1_217' title='bbox 429 2685 516 2744; x_wconf 84' lang='lat' dir='ltr'><strong>basta</strong></span> <span class='ocrx_word' id='word_1_218' title='bbox 538 2683 662 2764; x_wconf 88' lang='lat' dir='ltr'><strong>pulsum</strong></span> <span class='ocrx_word' id='word_1_219' title='bbox 687 2682 792 2746; x_wconf 90' lang='lat' dir='ltr'><strong>locum</strong></span> <span class='ocrx_word' id='word_1_220' title='bbox 818 2683 938 2747; x_wconf 86' lang='lat' dir='ltr'><strong>invenit</strong></span> <span class='ocrx_word' id='word_1_221' title='bbox 963 2695 995 2744; x_wconf 90' lang='lat' dir='ltr'><strong>et</strong></span> <span class='ocrx_word' id='word_1_222' title='bbox 1020 2681 1121 2745; x_wconf 80' lang='lat' dir='ltr'><strong>dixit:</strong></span> <span class='ocrx_word' id='word_1_223' title='bbox 1156 2682 1243 2744; x_wconf 89' lang='lat' dir='ltr'><strong>Ecce</strong></span> <span class='ocrx_word' id='word_1_224' title='bbox 1268 2694 1383 2762; x_wconf 85' lang='lat' dir='ltr'><strong>caput,</strong></span> <span class='ocrx_word' id='word_1_225' title='bbox 1407 2690 1438 2742; x_wconf 90' lang='lat' dir='ltr'><strong>et</strong></span> 
     </span>
     <span class='ocr_line' id='line_1_28' title="bbox 118 2773 1439 2858; baseline -0.003 -19"><span class='ocrx_word' id='word_1_226' title='bbox 118 2777 239 2840; x_wconf 83' lang='lat' dir='ltr'><strong>levavit</strong></span> <span class='ocrx_word' id='word_1_227' title='bbox 260 2778 299 2839; x_wconf 92' lang='lat' dir='ltr'><strong>de</strong></span> <span class='ocrx_word' id='word_1_228' title='bbox 322 2776 423 2838; x_wconf 87' lang='lat' dir='ltr'><strong>hasta.</strong></span> <span class='ocrx_word' id='word_1_229' title='bbox 469 2774 584 2858; x_wconf 84' lang='lat' dir='ltr'><strong>Capite</strong></span> <span class='ocrx_word' id='word_1_230' title='bbox 607 2775 697 2839; x_wconf 89' lang='lat' dir='ltr'><strong>lovis</strong></span> <span class='ocrx_word' id='word_1_231' title='bbox 718 2797 754 2838; x_wconf 91' lang='lat' dir='ltr'><strong>re</strong></span> <span class='ocrx_word' id='word_1_232' title='bbox 778 2798 854 2840; x_wconf 81' lang='lat' dir='ltr'><strong>vera</strong></span> <span class='ocrx_word' id='word_1_233' title='bbox 878 2776 1051 2858; x_wconf 87' lang='lat' dir='ltr'><strong>periclitari</strong></span> <span class='ocrx_word' id='word_1_234' title='bbox 1074 2788 1167 2857; x_wconf 90' lang='lat' dir='ltr'><strong>caput</strong></span> <span class='ocrx_word' id='word_1_235' title='bbox 1189 2774 1314 2855; x_wconf 88' lang='lat' dir='ltr'><strong>imperii</strong></span> <span class='ocrx_word' id='word_1_236' title='bbox 1338 2773 1439 2858; x_wconf 85' lang='lat' dir='ltr'><strong>signi·</strong></span> 
     </span>
     <span class='ocr_line' id='line_1_29' title="bbox 119 2866 1438 2953; baseline -0.004 -20"><span class='ocrx_word' id='word_1_237' title='bbox 119 2871 254 2945; x_wconf 85' lang='lat' dir='ltr'><strong>licabat;</strong></span> <span class='ocrx_word' id='word_1_238' title='bbox 277 2891 346 2932; x_wconf 88' lang='lat' dir='ltr'><strong>nam</strong></span> <span class='ocrx_word' id='word_1_239' title='bbox 363 2872 473 2932; x_wconf 88' lang='lat' dir='ltr'><strong>codem</strong></span> <span class='ocrx_word' id='word_1_240' title='bbox 490 2870 630 2953; x_wconf 90' lang='lat' dir='ltr'><strong>auspicio</strong></span> <span class='ocrx_word' id='word_1_241' title='bbox 646 2867 850 2933; x_wconf 89' lang='lat' dir='ltr'><strong>constitutum</strong></span> <span class='ocrx_word' id='word_1_242' title='bbox 867 2869 1030 2951; x_wconf 87' lang='lat' dir='ltr'><strong>imperium</strong></span> <span class='ocrx_word' id='word_1_243' title='bbox 1049 2870 1166 2931; x_wconf 86' lang='lat' dir='ltr'><strong>luerat.</strong></span> <span class='ocrx_word' id='word_1_244' title='bbox 1199 2871 1293 2930; x_wconf 86' lang='lat' dir='ltr'><strong>&#39;l&#39;une</strong></span> <span class='ocrx_word' id='word_1_245' title='bbox 1307 2866 1438 2948; x_wconf 83' lang='lat' dir='ltr'><strong>placuit,</strong></span> 
     </span>
     <span class='ocr_line' id='line_1_30' title="bbox 119 2961 1440 3048; baseline -0.002 -24"><span class='ocrx_word' id='word_1_246' title='bbox 119 2962 194 3048; x_wconf 86' lang='lat' dir='ltr'><strong>quia</strong></span> <span class='ocrx_word' id='word_1_247' title='bbox 210 2985 291 3048; x_wconf 92' lang='lat' dir='ltr'><strong>quos</strong></span> <span class='ocrx_word' id='word_1_248' title='bbox 307 2962 418 3044; x_wconf 87' lang='lat' dir='ltr'><strong>aspicit</strong></span> <span class='ocrx_word' id='word_1_249' title='bbox 432 2962 541 3025; x_wconf 81' lang='lat' dir='ltr'><strong>felices</strong></span> <span class='ocrx_word' id='word_1_250' title='bbox 563 2962 658 3037; x_wconf 80' lang='lat' dir='ltr'><strong>lacit,</strong></span> <span class='ocrx_word' id='word_1_251' title='bbox 684 2964 731 3041; x_wconf 87' lang='lat' dir='ltr'><strong>(ut</strong></span> <span class='ocrx_word' id='word_1_252' title='bbox 753 2961 932 3046; x_wconf 83' lang='lat' dir='ltr'><strong>Virgilius:</strong></span> <span class='ocrx_word' id='word_1_253' title='bbox 956 2963 1080 3045; x_wconf 83' lang='lat' dir='ltr'><strong>Aspice</strong></span> <span class='ocrx_word' id='word_1_254' title='bbox 1094 2982 1175 3036; x_wconf 83' lang='lat' dir='ltr'><strong>nos,</strong></span> <span class='ocrx_word' id='word_1_255' title='bbox 1191 2963 1254 3023; x_wconf 82' lang='lat' dir='ltr'><strong>lroo</strong></span> <span class='ocrx_word' id='word_1_256' title='bbox 1269 2963 1440 3040; x_wconf 73' lang='lat' dir='ltr'><strong>tantumlj</strong></span> 
     </span>
     <span class='ocr_line' id='line_1_31' title="bbox 120 3054 1483 3138; baseline -0.002 -19"><span class='ocrx_word' id='word_1_257' title='bbox 120 3069 231 3119; x_wconf 88' lang='lat' dir='ltr'><strong>contra</strong></span> <span class='ocrx_word' id='word_1_258' title='bbox 268 3055 420 3120; x_wconf 87' lang='lat' dir='ltr'><strong>orientem</strong></span> <span class='ocrx_word' id='word_1_259' title='bbox 449 3069 608 3138; x_wconf 85' lang='lat' dir='ltr'><strong>ponerent</strong></span> <span class='ocrx_word' id='word_1_260' title='bbox 637 3066 771 3118; x_wconf 88' lang='lat' dir='ltr'><strong>statuam</strong></span> <span class='ocrx_word' id='word_1_261' title='bbox 812 3067 844 3119; x_wconf 91' lang='lat' dir='ltr'><strong>et</strong></span> <span class='ocrx_word' id='word_1_262' title='bbox 878 3067 991 3120; x_wconf 85' lang='lat' dir='ltr'><strong>contra</strong></span> <span class='ocrx_word' id='word_1_263' title='bbox 1022 3056 1128 3121; x_wconf 79' lang='lat' dir='ltr'><strong>loriim</strong></span> <span class='ocrx_word' id='word_1_264' title='bbox 1159 3054 1362 3138; x_wconf 90' lang='lat' dir='ltr'><strong>curiamque,</strong></span> <span class='ocrx_word' id='word_1_265' title='bbox 1401 3064 1483 3119; x_wconf 80' lang='lat' dir='ltr'><strong>utto</strong></span> 
     </span>
     <span class='ocr_line' id='line_1_32' title="bbox 121 3149 471 3230; baseline -0.006 -15"><span class='ocrx_word' id='word_1_266' title='bbox 121 3151 276 3215; x_wconf 89' lang='lat' dir='ltr'><strong>orientem</strong></span> <span class='ocrx_word' id='word_1_267' title='bbox 301 3149 471 3230; x_wconf 85' lang='lat' dir='ltr'><strong>aspiceret.</strong></span> 
     </span>
    </p>

    <p class='ocr_par' dir='ltr' id='par_1_10' title="bbox 118 3241 1440 3400">
     <span class='ocr_line' id='line_1_33' title="bbox 205 3241 1440 3334; baseline 0 -27"><span class='ocrx_word' id='word_1_268' title='bbox 205 3247 340 3326; x_wconf 86' lang='lat' dir='ltr'><strong>Legum</strong></span> <span class='ocrx_word' id='word_1_269' title='bbox 367 3265 453 3306; x_wconf 90' lang='lat' dir='ltr'><strong>aera</strong></span> <span class='ocrx_word' id='word_1_270' title='bbox 487 3241 690 3334; x_wconf 87' lang='lat' dir='ltr'><strong>liquefacta]</strong></span> <span class='ocrx_word' id='word_1_271' title='bbox 733 3243 838 3308; x_wconf 87' lang='lat' dir='ltr'><strong>Etiam</strong></span> <span class='ocrx_word' id='word_1_272' title='bbox 867 3245 956 3329; x_wconf 87' lang='lat' dir='ltr'><strong>leges</strong></span> <span class='ocrx_word' id='word_1_273' title='bbox 984 3243 1172 3328; x_wconf 78' lang='lat' dir='ltr'><strong>liquefactae</strong></span> <span class='ocrx_word' id='word_1_274' title='bbox 1210 3243 1339 3308; x_wconf 85' lang='lat' dir='ltr'><strong>fuerant</strong></span> <span class='ocrx_word' id='word_1_275' title='bbox 1378 3242 1440 3307; x_wconf 91' lang='lat' dir='ltr'><strong>illis</strong></span> 
     </span>
     <span class='ocr_line' id='line_1_34' title="bbox 118 3335 317 3400; baseline -0.01 0"><span class='ocrx_word' id='word_1_276' title='bbox 118 3335 317 3400; x_wconf 81' lang='lat' dir='ltr'><strong>fulminibus.</strong></span> 
     </span>
    </p>

    <p class='ocr_par' dir='ltr' id='par_1_11' title="bbox 80 3426 1483 3605">
     <span class='ocr_line' id='line_1_35' title="bbox 80 3426 1441 3520; baseline 0 -27"><span class='ocrx_word' id='word_1_277' title='bbox 80 3502 92 3520; x_wconf 33' lang='grc' dir='ltr'><strong><em>ο</em></strong></span> <span class='ocrx_word' id='word_1_278' title='bbox 206 3433 349 3494; x_wconf 81' lang='lat' dir='ltr'><strong>statuae</strong></span> <span class='ocrx_word' id='word_1_279' title='bbox 371 3441 521 3492; x_wconf 84' lang='lat' dir='ltr'><strong>veterum</strong></span> <span class='ocrx_word' id='word_1_280' title='bbox 541 3428 718 3492; x_wconf 83' lang='lat' dir='ltr'><strong>hominum</strong></span> <span class='ocrx_word' id='word_1_281' title='bbox 741 3428 904 3508; x_wconf 88' lang='lat' dir='ltr'><strong>deiectae]</strong></span> <span class='ocrx_word' id='word_1_282' title='bbox 928 3430 1025 3510; x_wconf 88' lang='lat' dir='ltr'><strong>Quod</strong></span> <span class='ocrx_word' id='word_1_283' title='bbox 1046 3428 1244 3514; x_wconf 84' lang='lat' dir='ltr'><strong>significabat</strong></span> <span class='ocrx_word' id='word_1_284' title='bbox 1266 3426 1441 3493; x_wconf 84' lang='lat' dir='ltr'><strong>nobilitatis</strong></span> 
     </span>
     <span class='ocr_line' id='line_1_36' title="bbox 119 3522 1483 3605; baseline -0.003 -19"><span class='ocrx_word' id='word_1_285' title='bbox 119 3526 259 3588; x_wconf 85' lang='lat' dir='ltr'><strong>dedecus</strong></span> <span class='ocrx_word' id='word_1_286' title='bbox 280 3522 422 3586; x_wconf 80' lang='lat' dir='ltr'><strong>staturum</strong></span> <span class='ocrx_word' id='word_1_287' title='bbox 449 3534 585 3605; x_wconf 88' lang='lat' dir='ltr'><strong>propter</strong></span> <span class='ocrx_word' id='word_1_288' title='bbox 607 3524 778 3586; x_wconf 84' lang='lat' dir='ltr'><strong>Lentulum</strong></span> <span class='ocrx_word' id='word_1_289' title='bbox 801 3535 832 3587; x_wconf 87' lang='grc'><strong>11</strong></span> <span class='ocrx_word' id='word_1_290' title='bbox 855 3524 1037 3589; x_wconf 86' lang='lat' dir='ltr'><strong>Catilinam.</strong></span> <span class='ocrx_word' id='word_1_291' title='bbox 1451 3533 1483 3583; x_wconf 80' lang='grc'><strong>35</strong></span> 
     </span>
    </p>

    <p class='ocr_par' dir='ltr' id='par_1_12' title="bbox 118 3614 1484 4251">
     <span class='ocr_line' id='line_1_37' title="bbox 204 3614 1469 3710; baseline 0.003 -28"><span class='ocrx_word' id='word_1_292' title='bbox 204 3621 276 3682; x_wconf 83' lang='lat' dir='ltr'><strong>Suo</strong></span> <span class='ocrx_word' id='word_1_293' title='bbox 297 3617 434 3679; x_wconf 88' lang='lat' dir='ltr'><strong>numine</strong></span> <span class='ocrx_word' id='word_1_294' title='bbox 453 3638 563 3699; x_wconf 83' lang='lat' dir='ltr'><strong>prope</strong></span> <span class='ocrx_word' id='word_1_295' title='bbox 572 3614 666 3706; x_wconf 86' lang='lat' dir='ltr'><strong>fota</strong></span> <span class='ocrx_word' id='word_1_296' title='bbox 687 3616 985 3710; x_wconf 76' lang='lat' dir='ltr'><strong>ipsajleoeissent]</strong></span> <span class='ocrx_word' id='word_1_297' title='bbox 1009 3619 1085 3682; x_wconf 89' lang='lat' dir='ltr'><strong>Tria</strong></span> <span class='ocrx_word' id='word_1_298' title='bbox 1111 3630 1184 3682; x_wconf 77' lang='lat' dir='ltr'><strong>siant</strong></span> <span class='ocrx_word' id='word_1_299' title='bbox 1212 3639 1329 3701; x_wconf 88' lang='lat' dir='ltr'><strong>genera</strong></span> <span class='ocrx_word' id='word_1_300' title='bbox 1355 3618 1469 3686; x_wconf 85' lang='lat' dir='ltr'><strong>iato·.</strong></span> 
     </span>
     <span class='ocr_line' id='line_1_38' title="bbox 118 3710 1438 3794; baseline -0.001 -21"><span class='ocrx_word' id='word_1_301' title='bbox 118 3731 211 3773; x_wconf 79' lang='lat' dir='ltr'><strong>raim:</strong></span> <span class='ocrx_word' id='word_1_302' title='bbox 245 3731 340 3771; x_wconf 77' lang='lat' dir='ltr'><strong>tiniam</strong></span> <span class='ocrx_word' id='word_1_303' title='bbox 364 3720 411 3773; x_wconf 86' lang='lat' dir='ltr'><strong>est</strong></span> <span class='ocrx_word' id='word_1_304' title='bbox 437 3710 616 3784; x_wconf 88' lang='lat' dir='ltr'><strong>immobile,</strong></span> <span class='ocrx_word' id='word_1_305' title='bbox 641 3710 793 3784; x_wconf 84' lang='lat' dir='ltr'><strong>alterum,</strong></span> <span class='ocrx_word' id='word_1_306' title='bbox 818 3715 905 3794; x_wconf 87' lang='lat' dir='ltr'><strong>quod</strong></span> <span class='ocrx_word' id='word_1_307' title='bbox 926 3724 1035 3793; x_wconf 87' lang='lat' dir='ltr'><strong>potest</strong></span> <span class='ocrx_word' id='word_1_308' title='bbox 1058 3711 1200 3785; x_wconf 82' lang='lat' dir='ltr'><strong>differri;</strong></span> <span class='ocrx_word' id='word_1_309' title='bbox 1223 3713 1350 3775; x_wconf 84' lang='lat' dir='ltr'><strong>tertium</strong></span> <span class='ocrx_word' id='word_1_310' title='bbox 1372 3723 1438 3787; x_wconf 89' lang='lat' dir='ltr'><strong>est,</strong></span> 
     </span>
     <span class='ocr_line' id='line_1_39' title="bbox 120 3803 1441 3890; baseline 0.003 -26"><span class='ocrx_word' id='word_1_311' title='bbox 120 3805 209 3888; x_wconf 88' lang='lat' dir='ltr'><strong>quod</strong></span> <span class='ocrx_word' id='word_1_312' title='bbox 230 3803 381 3866; x_wconf 88' lang='lat' dir='ltr'><strong>flectitur.</strong></span> <span class='ocrx_word' id='word_1_313' title='bbox 426 3805 594 3867; x_wconf 88' lang='lat' dir='ltr'><strong>Immobile</strong></span> <span class='ocrx_word' id='word_1_314' title='bbox 617 3825 716 3886; x_wconf 80' lang='lat' dir='ltr'><strong>genus</strong></span> <span class='ocrx_word' id='word_1_315' title='bbox 737 3804 896 3868; x_wconf 89' lang='lat' dir='ltr'><strong>latorum:</strong></span> <span class='ocrx_word' id='word_1_316' title='bbox 914 3810 995 3870; x_wconf 83' lang='lat' dir='ltr'><strong>&#39;Stat</strong></span> <span class='ocrx_word' id='word_1_317' title='bbox 1018 3828 1082 3870; x_wconf 86' lang='lat' dir='ltr'><strong>sua</strong></span> <span class='ocrx_word' id='word_1_318' title='bbox 1107 3807 1227 3890; x_wconf 87' lang='lat' dir='ltr'><strong>cuique</strong></span> <span class='ocrx_word' id='word_1_319' title='bbox 1249 3806 1341 3869; x_wconf 83' lang='lat' dir='ltr'><strong>dies:</strong></span> <span class='ocrx_word' id='word_1_320' title='bbox 1368 3826 1441 3869; x_wconf 90' lang='lat' dir='ltr'><strong>om·</strong></span> 
     </span>
     <span class='ocr_line' id='line_1_40' title="bbox 119 3897 1438 3991; baseline 0.002 -32"><span class='ocrx_word' id='word_1_321' title='bbox 119 3897 246 3980; x_wconf 87' lang='lat' dir='ltr'><strong>niaque</strong></span> <span class='ocrx_word' id='word_1_322' title='bbox 260 3909 339 3960; x_wconf 81' lang='lat' dir='ltr'><strong>orta</strong></span> <span class='ocrx_word' id='word_1_323' title='bbox 352 3898 523 3961; x_wconf 85' lang='lat' dir='ltr'><strong>occidunt.</strong></span> <span class='ocrx_word' id='word_1_324' title='bbox 568 3897 768 3961; x_wconf 84' lang='lat' dir='ltr'><strong>Differuntur</strong></span> <span class='ocrx_word' id='word_1_325' title='bbox 783 3899 868 3962; x_wconf 80' lang='lat' dir='ltr'><strong>lata:</strong></span> <span class='ocrx_word' id='word_1_326' title='bbox 891 3913 992 3983; x_wconf 88' lang='lat' dir='ltr'><strong>atque</strong></span> <span class='ocrx_word' id='word_1_327' title='bbox 1007 3899 1215 3964; x_wconf 81' lang='lat' dir='ltr'><strong>instantibus</strong></span> <span class='ocrx_word' id='word_1_328' title='bbox 1229 3898 1438 3991; x_wconf 79' lang='lat' dir='ltr'><strong>eripefatis,</strong></span> 
     </span>
     <span class='ocr_line' id='line_1_41' title="bbox 120 3990 1484 4076; baseline -0.001 -24"><span class='ocrx_word' id='word_1_329' title='bbox 120 3990 301 4074; x_wconf 82' lang='lat' dir='ltr'><strong>decemque</strong></span> <span class='ocrx_word' id='word_1_330' title='bbox 332 3993 421 4055; x_wconf 88' lang='lat' dir='ltr'><strong>alios</strong></span> <span class='ocrx_word' id='word_1_331' title='bbox 453 4013 628 4074; x_wconf 87' lang='lat' dir='ltr'><strong>superesse</strong></span> <span class='ocrx_word' id='word_1_332' title='bbox 659 4013 781 4057; x_wconf 90' lang='lat' dir='ltr'><strong>annos.</strong></span> <span class='ocrx_word' id='word_1_333' title='bbox 837 3993 1026 4056; x_wconf 86' lang='lat' dir='ltr'><strong>Flectuntur</strong></span> <span class='ocrx_word' id='word_1_334' title='bbox 1058 4005 1159 4054; x_wconf 86' lang='lat' dir='ltr'><strong>autern</strong></span> <span class='ocrx_word' id='word_1_335' title='bbox 1189 3993 1274 4068; x_wconf 87' lang='lat' dir='ltr'><strong>lata,</strong></span> <span class='ocrx_word' id='word_1_336' title='bbox 1314 3995 1484 4076; x_wconf 73' lang='lat' dir='ltr'><strong>quandoid</strong></span> 
     </span>
     <span class='ocr_line' id='line_1_42' title="bbox 122 4084 1441 4170; baseline 0.004 -26"><span class='ocrx_word' id='word_1_337' title='bbox 122 4103 224 4167; x_wconf 86' lang='lat' dir='ltr'><strong>grave</strong></span> <span class='ocrx_word' id='word_1_338' title='bbox 247 4084 364 4166; x_wconf 87' lang='lat' dir='ltr'><strong>aliquid</strong></span> <span class='ocrx_word' id='word_1_339' title='bbox 386 4095 434 4147; x_wconf 88' lang='grc'><strong>111</strong></span> <span class='ocrx_word' id='word_1_340' title='bbox 463 4096 494 4147; x_wconf 86' lang='grc'><strong>11</strong></span> <span class='ocrx_word' id='word_1_341' title='bbox 525 4084 596 4147; x_wconf 88' lang='lat' dir='ltr'><strong>leve</strong></span> <span class='ocrx_word' id='word_1_342' title='bbox 617 4085 671 4159; x_wconf 83' lang='lat' dir='ltr'><strong>fit3</strong></span> <span class='ocrx_word' id='word_1_343' title='bbox 706 4089 967 4170; x_wconf 84' lang='lat' dir='ltr'><strong>quemadmodum</strong></span> <span class='ocrx_word' id='word_1_344' title='bbox 1000 4086 1173 4151; x_wconf 87' lang='lat' dir='ltr'><strong>inminebat</strong></span> <span class='ocrx_word' id='word_1_345' title='bbox 1203 4086 1372 4164; x_wconf 85' lang='lat' dir='ltr'><strong>Troianis,</strong></span> <span class='ocrx_word' id='word_1_346' title='bbox 1407 4097 1441 4149; x_wconf 93' lang='lat' dir='ltr'><strong>ut</strong></span> 
     </span>
     <span class='ocr_line' id='line_1_43' title="bbox 118 4175 998 4251; baseline 0.007 -14"><span class='ocrx_word' id='word_1_347' title='bbox 118 4175 195 4237; x_wconf 85' lang='lat' dir='ltr'><strong>satis</strong></span> <span class='ocrx_word' id='word_1_348' title='bbox 218 4176 349 4238; x_wconf 83' lang='lat' dir='ltr'><strong>fiderent</strong></span> <span class='ocrx_word' id='word_1_349' title='bbox 370 4176 462 4251; x_wconf 86' lang='lat' dir='ltr'><strong>latis,</strong></span> <span class='ocrx_word' id='word_1_350' title='bbox 488 4188 520 4239; x_wconf 87' lang='lat' dir='ltr'><strong>ct</strong></span> <span class='ocrx_word' id='word_1_351' title='bbox 544 4189 647 4241; x_wconf 89' lang='lat' dir='ltr'><strong>tamen</strong></span> <span class='ocrx_word' id='word_1_352' title='bbox 670 4181 787 4242; x_wconf 73' lang='lat' dir='ltr'><strong>flentem</strong></span> <span class='ocrx_word' id='word_1_353' title='bbox 812 4191 860 4243; x_wconf 88' lang='lat' dir='ltr'><strong>est</strong></span> <span class='ocrx_word' id='word_1_354' title='bbox 884 4179 998 4243; x_wconf 86' lang='lat' dir='ltr'><strong>latum.</strong></span> 
     </span>
    </p>

    <p class='ocr_par' dir='ltr' id='par_1_13' title="bbox 117 4271 1441 4449">
     <span class='ocr_line' id='line_1_44' title="bbox 205 4271 1441 4360; baseline 0.005 -30"><span class='ocrx_word' id='word_1_355' title='bbox 205 4271 257 4331; x_wconf 89' lang='grc'><strong>20.</strong></span> <span class='ocrx_word' id='word_1_356' title='bbox 282 4271 511 4334; x_wconf 86' lang='lat' dir='ltr'><strong>Simulacrum</strong></span> <span class='ocrx_word' id='word_1_357' title='bbox 540 4273 653 4336; x_wconf 86' lang='lat' dir='ltr'><strong>maius</strong></span> <span class='ocrx_word' id='word_1_358' title='bbox 680 4287 713 4337; x_wconf 91' lang='lat' dir='ltr'><strong>et</strong></span> <span class='ocrx_word' id='word_1_359' title='bbox 738 4275 775 4336; x_wconf 94' lang='lat' dir='ltr'><strong>in</strong></span> <span class='ocrx_word' id='word_1_360' title='bbox 801 4277 938 4338; x_wconf 77' lang='lat' dir='ltr'><strong>excelso</strong></span> <span class='ocrx_word' id='word_1_361' title='bbox 966 4273 1187 4354; x_wconf 89' lang='lat' dir='ltr'><strong>collocarent]</strong></span> <span class='ocrx_word' id='word_1_362' title='bbox 1224 4273 1325 4358; x_wconf 84' lang='lat' dir='ltr'><strong>Quia,</strong></span> <span class='ocrx_word' id='word_1_363' title='bbox 1357 4293 1441 4360; x_wconf 88' lang='lat' dir='ltr'><strong>quos</strong></span> 
     </span>
     <span class='ocr_line' id='line_1_45' title="bbox 117 4362 1255 4449; baseline 0.008 -25"><span class='ocrx_word' id='word_1_364' title='bbox 117 4362 231 4444; x_wconf 87' lang='lat' dir='ltr'><strong>aspicit</strong></span> <span class='ocrx_word' id='word_1_365' title='bbox 252 4363 416 4446; x_wconf 88' lang='lat' dir='ltr'><strong>luppiter,</strong></span> <span class='ocrx_word' id='word_1_366' title='bbox 440 4367 553 4429; x_wconf 87' lang='lat' dir='ltr'><strong>beatos</strong></span> <span class='ocrx_word' id='word_1_367' title='bbox 574 4367 671 4436; x_wconf 84' lang='lat' dir='ltr'><strong>lacit.</strong></span> <span class='ocrx_word' id='word_1_368' title='bbox 696 4378 747 4442; x_wconf 87' lang='lat' dir='ltr'><strong>ut,</strong></span> <span class='ocrx_word' id='word_1_369' title='bbox 772 4368 897 4449; x_wconf 87' lang='lat' dir='ltr'><strong>Aspice</strong></span> <span class='ocrx_word' id='word_1_370' title='bbox 918 4388 999 4445; x_wconf 87' lang='lat' dir='ltr'><strong>nos,</strong></span> <span class='ocrx_word' id='word_1_371' title='bbox 1024 4371 1255 4433; x_wconf 82' lang='lat' dir='ltr'><strong>hortantum.</strong></span> 
     </span>
    </p>
   </div>
   <div class='ocr_carea' id='block_1_3' title="bbox 117 4528 1442 4832">
    <p class='ocr_par' dir='ltr' id='par_1_14' title="bbox 117 4528 1442 4832">
     <span class='ocr_line' id='line_1_46' title="bbox 194 4528 1442 4604; baseline -0.003 -20"><span class='ocrx_word' id='word_1_372' title='bbox 194 4533 239 4585; x_wconf 92' lang='grc'><strong>12.</strong></span> <span class='ocrx_word' id='word_1_373' title='bbox 259 4528 330 4602; x_wconf 75' lang='lat' dir='ltr'><strong>Lege</strong></span> <span class='ocrx_word' id='word_1_374' title='bbox 351 4528 460 4601; x_wconf 79' lang='lat' dir='ltr'><strong>adipem</strong></span> <span class='ocrx_word' id='word_1_375' title='bbox 479 4547 494 4582; x_wconf 90' lang='lat' dir='ltr'><strong>e</strong></span> <span class='ocrx_word' id='word_1_376' title='bbox 512 4531 573 4584; x_wconf 86' lang='lat' dir='ltr'><strong>Cle.</strong></span> <span class='ocrx_word' id='word_1_377' title='bbox 610 4538 655 4590; x_wconf 82' lang='lat'><strong>18.</strong></span> <span class='ocrx_word' id='word_1_378' title='bbox 675 4530 767 4601; x_wconf 78' lang='lat' dir='ltr'><strong>qread?</strong></span> <span class='ocrx_word' id='word_1_379' title='bbox 806 4536 851 4586; x_wconf 79' lang='lat'><strong>21.</strong></span> <span class='ocrx_word' id='word_1_380' title='bbox 870 4530 1055 4603; x_wconf 77' lang='lat' dir='ltr'><strong>Exspectabas</strong></span> <span class='ocrx_word' id='word_1_381' title='bbox 1070 4537 1161 4604; x_wconf 87' lang='lat' dir='ltr'><strong>potlns</strong></span> <span class='ocrx_word' id='word_1_382' title='bbox 1181 4536 1367 4595; x_wconf 81' lang='lat' dir='ltr'><strong>contrarium,</strong></span> <span class='ocrx_word' id='word_1_383' title='bbox 1385 4529 1442 4580; x_wconf 86' lang='lat' dir='ltr'><strong>sol·</strong></span> 
     </span>
     <span class='ocr_line' id='line_1_47' title="bbox 118 4601 1441 4678; baseline 0.002 -24"><span class='ocrx_word' id='word_1_384' title='bbox 118 4601 241 4667; x_wconf 84' lang='lat' dir='ltr'><strong>licitatt&#39;,</strong></span> <span class='ocrx_word' id='word_1_385' title='bbox 269 4618 298 4656; x_wconf 87' lang='lat' dir='ltr'><strong>ut</strong></span> <span class='ocrx_word' id='word_1_386' title='bbox 319 4620 360 4657; x_wconf 81' lang='lat' dir='ltr'><strong>est</strong></span> <span class='ocrx_word' id='word_1_387' title='bbox 382 4608 409 4657; x_wconf 91' lang='lat' dir='ltr'><strong>ln</strong></span> <span class='ocrx_word' id='word_1_388' title='bbox 431 4608 619 4673; x_wconf 77' lang='lat' dir='ltr'><strong>Argumenta.</strong></span> <span class='ocrx_word' id='word_1_389' title='bbox 667 4611 711 4662; x_wconf 83' lang='grc'><strong>28.</strong></span> <span class='ocrx_word' id='word_1_390' title='bbox 738 4607 785 4659; x_wconf 85' lang='lat' dir='ltr'><strong>stc</strong></span> <span class='ocrx_word' id='word_1_391' title='bbox 813 4607 849 4660; x_wconf 91' lang='lat' dir='ltr'><strong>G.</strong></span> <span class='ocrx_word' id='word_1_392' title='bbox 881 4608 985 4660; x_wconf 83' lang='lat' dir='ltr'><strong>Contra</strong></span> <span class='ocrx_word' id='word_1_393' title='bbox 1004 4609 1055 4662; x_wconf 87' lang='lat' dir='ltr'><strong>Gr.</strong></span> <span class='ocrx_word' id='word_1_394' title='bbox 1077 4608 1145 4660; x_wconf 83' lang='lat' dir='ltr'><strong>baec</strong></span> <span class='ocrx_word' id='word_1_395' title='bbox 1166 4607 1243 4658; x_wconf 80' lang='lat' dir='ltr'><strong>Tunc</strong></span> <span class='ocrx_word' id='word_1_396' title='bbox 1259 4609 1367 4678; x_wconf 76' lang='lat' dir='ltr'><strong>placide</strong></span> <span class='ocrx_word' id='word_1_397' title='bbox 1387 4639 1403 4648; x_wconf 94' lang='lat'>-</span> <span class='ocrx_word' id='word_1_398' title='bbox 1423 4634 1441 4647; x_wconf 93' lang='lat'><em>-</em></span> 
     </span>
     <span class='ocr_line' id='line_1_48' title="bbox 117 4678 1442 4752; baseline 0.005 -24"><span class='ocrx_word' id='word_1_399' title='bbox 117 4683 257 4747; x_wconf 79' lang='lat' dir='ltr'><strong>aspiceret</strong></span> <span class='ocrx_word' id='word_1_400' title='bbox 277 4683 365 4732; x_wconf 80' lang='lat' dir='ltr'><strong>lunxit</strong></span> <span class='ocrx_word' id='word_1_401' title='bbox 385 4697 449 4732; x_wconf 87' lang='lat' dir='ltr'><strong>cnm</strong></span> <span class='ocrx_word' id='word_1_402' title='bbox 470 4684 521 4743; x_wconf 81' lang='lat' dir='ltr'><strong>iis,</strong></span> <span class='ocrx_word' id='word_1_403' title='bbox 551 4697 621 4752; x_wconf 82' lang='lat' dir='ltr'><strong>quae</strong></span> <span class='ocrx_word' id='word_1_404' title='bbox 640 4679 768 4752; x_wconf 81' lang='lat' dir='ltr'><strong>leguntur</strong></span> <span class='ocrx_word' id='word_1_405' title='bbox 785 4682 810 4748; x_wconf 71' lang='grc'><strong>1.</strong></span> <span class='ocrx_word' id='word_1_406' title='bbox 830 4686 875 4738; x_wconf 87' lang='grc'><strong>20.</strong></span> <span class='ocrx_word' id='word_1_407' title='bbox 895 4684 1073 4736; x_wconf 78' lang='lat' dir='ltr'><strong>simulacrum</strong></span> <span class='ocrx_word' id='word_1_408' title='bbox 1092 4697 1120 4736; x_wconf 87' lang='lat' dir='ltr'><strong>et</strong></span> <span class='ocrx_word' id='word_1_409' title='bbox 1141 4700 1190 4752; x_wconf 86' lang='lat' dir='ltr'><strong>pro</strong></span> <span class='ocrx_word' id='word_1_410' title='bbox 1210 4691 1276 4734; x_wconf 86' lang='lat' dir='ltr'><strong>tune</strong></span> <span class='ocrx_word' id='word_1_411' title='bbox 1296 4678 1372 4733; x_wconf 85' lang='lat' dir='ltr'><strong>dedit</strong></span> <span class='ocrx_word' id='word_1_412' title='bbox 1391 4684 1442 4732; x_wconf 74' lang='lat' dir='ltr'><strong>sic.</strong></span> 
     </span>
     <span class='ocr_line' id='line_1_49' title="bbox 117 4754 1442 4832; baseline 0.002 -28"><span class='ocrx_word' id='word_1_413' title='bbox 117 4754 347 4811; x_wconf 65' lang='lat' dir='ltr'><strong>meteontra?</strong></span> <span class='ocrx_word' id='word_1_414' title='bbox 383 4761 429 4818; x_wconf 70' lang='lat'><strong>35.</strong></span> <span class='ocrx_word' id='word_1_415' title='bbox 450 4756 525 4810; x_wconf 80' lang='lat' dir='ltr'><strong>llaec</strong></span> <span class='ocrx_word' id='word_1_416' title='bbox 546 4755 600 4810; x_wconf 87' lang='lat' dir='ltr'><strong>duo</strong></span> <span class='ocrx_word' id='word_1_417' title='bbox 619 4755 728 4811; x_wconf 81' lang='lat' dir='ltr'><strong>sebolta</strong></span> <span class='ocrx_word' id='word_1_418' title='bbox 748 4761 919 4830; x_wconf 83' lang='lat' dir='ltr'><strong>transposuit</strong></span> <span class='ocrx_word' id='word_1_419' title='bbox 939 4757 989 4814; x_wconf 87' lang='lat' dir='ltr'><strong>Gr.</strong></span> <span class='ocrx_word' id='word_1_420' title='bbox 1027 4758 1073 4816; x_wconf 77' lang='grc'><strong>11.</strong></span> <span class='ocrx_word' id='word_1_421' title='bbox 1093 4759 1165 4832; x_wconf 75' lang='lat' dir='ltr'><strong>lege</strong></span> <span class='ocrx_word' id='word_1_422' title='bbox 1184 4755 1442 4812; x_wconf 80' lang='lat' dir='ltr'><strong>collocareeaClc.</strong></span> 
     </span>
    </p>
   </div>
   <div class='ocr_carea' id='block_1_4' title="bbox 0 0 1613 5280">
    <p class='ocr_par' dir='ltr' id='par_1_15' title="bbox 0 0 1613 5280">
     <span class='ocr_line' id='line_1_50' title="bbox 0 0 1613 5280; baseline 0 0"><span class='ocrx_word' id='word_1_423' title='bbox 0 0 1613 5280; x_wconf 95' lang='lat' dir='ltr'><strong> </strong></span> 
     </span>
    </p>
   </div>
  </div>
 </body>
</html>
