3210 5280
233 194 295 258 tit
650 136 854 257 eunoun
875 191 1122 257 nontliustu

231 356 324 417 qrism
349 331 472 419 generis
501 330 665 396 nobilitate
693 331 943 416 praeditoi·'qni
972 353 1054 397 nnuc
1067 331 1165 397 etiem
1189 352 1279 398 reum
1308 336 1348 398 de
1377 335 1536 400 sodaliciis

231 427 325 492 iscit¹
349 426 506 490 invidioso
531 425 660 488 crimine
681 437 713 488 et
735 425 798 488 reis
824 428 990 490 metuendo
1012 438 1145 507 propter
1170 427 1286 490 iudices
1311 428 1473 503 editicios,
1498 434 1536 494 de

232 542 366 604 quorum
389 518 572 582 condicione
595 537 691 600 supre
716 517 865 582 diximus.
915 518 1137 600 Principalitcr
1163 521 1286 602 quidem
1315 522 1537 586 coniecturalis

232 615 372 678 defensio
399 625 464 686 est3
496 613 639 676 videlicet
666 623 795 675 oratore
821 612 953 689 nitente,
978 613 1160 675 Planciumi
1183 635 1244 677 non
1268 617 1416 696 pecuniae
1439 614 1535 700 largi·

205 708 336 784 stione,
361 709 415 770 sed
445 707 626 789 integritate
646 727 767 770 morum
790 716 823 769 et
848 726 952 769 rerum
978 718 1136 789 gestarum
1158 709 1350 791 menlitions
1367 708 1389 744 ⁹
1412 709 1431 744 ⁴
1454 709 1471 744 ⁶

518 817 816 920 [Desiderautur
833 822 1005 928 paginae
1029 819 1253 921 duodecim]

304 942 406 1015 vili.
435 933 469 1013 l.
507 939 649 1015 Utrum
675 940 799 1050 magis
811 940 950 1039 fuvere
968 957 1086 1039 putus
1111 942 1289 1020 Atinates
1314 971 1365 1018 uu
1394 945 1536 1019 Tuscu·

229 1053 339 1125 lanos
363 1050 479 1126 suis?

314 1169 370 1251 [P.
395 1167 482 1250 188.]
527 1210 537 1233 .
582 1211 592 1232 .
638 1211 648 1232 .
692 1209 703 1232 .
749 1164 843 1230 .Aie
864 1167 1078 1230 Tuserdunos
1099 1167 1211 1232 minus
1230 1191 1303 1234 esee
1324 1169 1532 1259 suffragatos

188 1277 219 1325 tt
231 1261 438 1342 municipibus
454 1261 535 1335 suis,
558 1261 644 1323 velut
660 1258 839 1342 iampridem
860 1258 1036 1323 huiusmodi
1052 1261 1222 1346 dignitate³
1235 1276 1412 1328 saturatos:
1436 1265 1532 1328 istos⁴

230 1377 331 1430 vero,
354 1354 408 1436 qui
435 1353 562 1418 Atinate
585 1353 704 1435 oppido
728 1352 889 1428 venirent,
912 1365 1080 1434 exoptasse
1104 1355 1210 1419 ornari
1239 1357 1422 1432 Plancium,
1446 1360 1532 1441 quod

229 1470 265 1512 ea
285 1469 336 1511 res
359 1451 535 1511 nonninus
555 1449 700 1510 etiamad
721 1447 872 1509 honorem
893 1467 980 1508 situm
996 1447 1188 1528 pertineret,
1213 1471 1306 1533 quum
1329 1452 1534 1533 pernicissimus

228 1544 267 1605 de
289 1539 353 1603 suis
372 1539 495 1603 civibus
517 1542 667 1603 liaberent
688 1537 856 1602 senatoriis
878 1538 1110 1624 magistratibus
1132 1542 1318 1608 honoratos.
1362 1546 1533 1608 Praeterea

229 1645 261 1697 et
288 1635 361 1696 hinc
382 1634 448 1696 istis
471 1633 648 1696 civitetibus
672 1632 763 1696 adicit
785 1632 1030 1707 differentium,
1063 1636 1149 1715 quod
1170 1635 1314 1698 Atinates
1340 1658 1463 1720 semper
1487 1637 1533 1699 ci·

187 1741 218 1791 tt
232 1729 320 1792 sibus
341 1728 405 1790 suis
427 1727 589 1801 iuvernu13
614 1725 783 1790 Tissculuni
806 1724 972 1806 plurimum
1000 1726 1110 1789 livoris
1132 1729 1313 1790 naturaliter
1336 1730 1426 1791 eiiam
1449 1728 1532 1791 circa

229 1819 399 1903 municipes
422 1843 496 1884 suos
523 1820 666 1882 habitisse
690 1818 849 1881 videntur.
892 1819 945 1881 Sic
971 1829 1002 1880 et
1024 1821 1076 1881 M.
1103 1818 1186 1883 Cato
1208 1821 1259 1883 ille
1280 1821 1452 1885 Censorius
1471 1843 1532 1904 pro

228 1914 366 1997 maligno
391 1924 421 1975 et
442 1913 549 1976 invido
571 1912 694 1975 habitus
717 1923 776 1974 est.
821 1912 890 1974 Nec
912 1909 1002 1972 aliter
1024 1910 1115 1975 etiam
1139 1913 1280 1975 Lucilius
1302 1917 1339 1978 de
1362 1918 1531 1978 eorundem

228 2009 369 2074 moribus
390 2007 483 2068 sentit
507 2007 569 2071 hoc
591 2007 715 2069 diceus:
738 2003 859 2087 „prinus
881 2004 1008 2086 Papiria
1032 2017 1066 2068 tu
1087 2006 1321 2073 solidartirn⁶''.

302 2108 339 2187 2.
365 2110 458 2187 Nam
485 2108 807 2215 malevolos⁷fnon
834 2134 916 2184 esse
943 2121 1046 2183 certo
1073 2113 1162 2185 seio.

184 2259 217 2306 20
309 2232 384 2294 Hoc
398 2229 530 2292 dicitur⁸
552 2232 591 2292 sb
613 2249 653 2293 eo
676 2229 709 2293 ἐν
729 2223 827 2308 sidem
850 2227 984 2310 quippe⁹
1006 2250 1101 2313 quum
1117 2229 1274 2293 diversum
1287 2231 1426 2316 intellegi
1442 2232 1528 2309 velit,

227 2322 350 2387 simulat
376 2336 486 2386 contra
514 2322 712 2387 'l‘usculsnos
735 2322 950 2384 verecundiam
971 2322 1207 2387 inllevolentiue
1228 2326 1394 2408 negatione
1408 2331 1444 2389 ¹⁰.
1516 2318 1519 2322 ’

302 2422 338 2503 3.
366 2429 530 2529 Quorum
548 2425 790 2504 honoribus¹1
818 2429 897 2527 ugni
914 2428 986 2525 ipsi
1003 2453 1120 2527 prope
1138 2429 1254 2503 dicam
1273 2432 1528 2532 montesque¹²

227 2538 452 2615 favebant¹³.

309 2654 569 2747 (Υπερβολικῶς)
591 2659 653 2722 hoe
678 2657 792 2720 dixisse
819 2655 981 2734 videatur,
1006 2657 1064 2721 nisi
1091 2656 1331 2741 interposuisset
1354 2660 1529 2746 vigilantis·

183 2757 214 2806 2⁵
231 2750 307 2816 sime
330 2763 603 2836 temperamentum
628 2751 846 2816 recedentibus
857 2753 881 2791 ¹⁴
909 2751 1035 2828 verbis,
1064 2757 1149 2837 qtiod
1172 2754 1214 2817 ait
1236 2776 1360 2836 „prope
1383 2759 1526 2821 diessn'':

229 2867 298 2908 nem
321 2866 423 2929 neque
449 2844 519 2931 agri
541 2866 646 2931 neque
668 2856 789 2909 montes
818 2857 951 2927 possunt
975 2845 1094 2909 habere
1118 2847 1214 2909 ulliun
1239 2869 1362 2910 sensum
1388 2850 1525 2915 favoris:

227 2940 282 3002 sed
291 2934 596 3021 (onniodrpumuae
610 2952 695 3015 suut,
711 2939 773 3001 vim
781 2939 953 3002 sententiae
968 2942 1005 3002 de
1015 2941 1073 3003 hac
1089 2940 1304 3025 moderatione
1314 2956 1525 3025 sumpserunt.

299 3039 336 3119 li.
365 3044 413 3118 At
439 3047 470 3119 si
496 3047 535 3118 in
555 3044 758 3144 ·aliquem¹⁵
792 3045 1006 3142 Arpinatem
1031 3046 1229 3143 incideris,
1263 3048 1335 3120 erit
1360 3053 1428 3124 tibi
1454 3050 1526 3124 for·

224 3166 323 3231 tasse
338 3160 446 3231 etiam
460 3157 504 3232 de
519 3160 626 3231 nobis
645 3157 801 3256 aliquid,
828 3159 893 3231 sed
914 3169 1014 3238 uerte
1033 3158 1077 3232 de
1098 3158 1139 3233 C.
1159 3159 1277 3233 Mario
1296 3161 1524 3237 audiendum.

181 3294 212 3345 sn
308 3275 466 3340 Modesto
487 3274 603 3348 dese,
627 3277 682 3336 sed
702 3277 739 3336 de
767 3273 809 3338 C.
836 3274 943 3338 Mario
967 3276 1064 3341 uiulto
1085 3276 1214 3339 uberius
1234 3288 1266 3339 et
1285 3278 1401 3341 rectius
1410 3279 1456 3342 ¹⁶:
1485 3301 1525 3343 ex

239 3375 1515 3398 Μ

291 3417 315 3462 1.
335 3417 396 3462 Coi.
408 3412 487 3475 sueti.
523 3413 548 3463 2.
568 3416 627 3459 Cod.
650 3413 777 3459 Piuneiue.
817 3411 840 3460 3.
861 3415 920 3460 eut.
948 3415 1105 3475 dignitatem.
1143 3415 1167 3462 1.
1188 3417 1248 3466 Cod.
1270 3419 1327 3461 isto.
1364 3416 1378 3463 5
1408 3418 1469 3465 (iod.
1488 3416 1525 3480 os·

351 3481 500 3545 serentium.
538 3482 562 3528 i.
582 3483 644 3528 Nutu
664 3497 709 3540 pru
729 3483 931 3529 Tusculanorum
952 3487 988 3530 sei
1007 3484 1220 3530 Tuscutdmmt
1248 3487 1360 3545 Sequitur
1377 3492 1456 3533 eulesn
1474 3503 1525 3534 sss·

357 3556 445 3600 siculus
469 3554 575 3600 Graecus
599 3555 758 3599 oblitteretus.
794 3552 944 3610 (Wunderus
964 3556 1049 3610 probet
1068 3555 1283 3613 Tusculidururn.)
1320 3555 1343 3602 i.
1364 3557 1425 3606 coi.
1450 3559 1525 3604 muls-

357 3626 436 3670 eolus.
472 3621 645 3669 d.Cod.dici.
682 3622 707 3668 i.
727 3623 906 3683 Codquhps.
945 3621 985 3669 10.
1006 3625 1245 3686 (lod-negationem.
1283 3624 1522 3674 11.csi.ioruus.

360 3691 401 3738 tt.
421 3692 482 3739 Cod.
501 3707 571 3753 quus.
610 3689 650 3737 13.
671 3691 731 3738 Eis.
749 3688 880 3753 feceruut.
919 3691 959 3738 ti.
980 3693 1040 3738 Num
1059 3708 1102 3750 pro
1120 3693 1347 3752 praecedentibus?
1376 3697 1524 3752 (Wunder-ns

355 3765 453 3819 scripsit
469 3760 689 3816 intercedentibus,
708 3762 747 3807 esi
758 3763 796 3807 rel
810 3764 832 3808 iu
845 3763 889 3808 lsoc
902 3764 1019 3818 scriptore
1033 3766 1098 3810 iocus
1110 3778 1156 3809 nou
1168 3771 1205 3809 est
1216 3770 1269 3821 post
1281 3778 1303 3810 r.
1321 3766 1523 3823 interposuisset.

354 3833 409 3878 Fuit
429 3833 507 3889 potius
525 3831 692 3877 recidentibus
710 3833 728 3878 i.
748 3844 770 3878 e.
793 3835 1000 3891 restringentitsus.
1020 3833 1079 3888 0¹.)
1116 3832 1156 3880 15.
1176 3833 1236 3881 lidd.
1256 3841 1283 3880 ut
1299 3835 1326 3880 s'n
1346 3849 1521 3896 quemcunque.

358 3900 398 3948 ti.
419 3902 563 3961 (Legeuduns
578 3903 699 3956 erectius,
719 3903 736 3947 i.
755 3917 779 3947 e.
797 3899 921 3957 fidentius,
944 3903 1051 3948 liberius.
1071 3901 1131 3961 Os.)

294 3987 337 4043 16.
358 3985 491 4038 Catonem
527 3984 665 4058 Scipionis
700 3999 775 4038 uerte
812 3988 924 4039 meinric
962 3983 1064 4057 glorius
1095 3984 1225 4040 invidisse
1257 3985 1393 4060 siguificat
1431 3988 1523 4043 Livius

293 4141 337 4193 17.
357 4131 491 4207 Loquitur
516 4138 575 4188 siue
599 4131 684 4188 dubio
709 4132 831 4189 Lucilius
860 4132 893 4188 de
920 4136 1029 4206 Pspirts
1054 4135 1137 4190 tribu.
1176 4139 1267 4207 Quare
1294 4154 1375 4190 nemo
1395 4136 1522 4212 deinceps

216 4208 342 4277 dubitet,
373 4215 441 4282 quin
462 4209 609 4263 Tusculsni
631 4215 659 4264 lu
680 4212 788 4284 Pspirie
808 4208 884 4271 tribu
901 4210 1061 4282 suffugium
1080 4211 1209 4266 tulerlnt:
1239 4228 1291 4285 que
1311 4212 1344 4264 de
1364 4231 1392 4264 re
1412 4230 1523 4284 prsete-

215 4300 314 4357 sesque
334 4286 367 4339 de
387 4288 467 4339 huius
487 4284 574 4339 trihus
593 4283 784 4339 malevolentis
797 4300 870 4338 estet
884 4283 1063 4358 peridoneum
1076 4287 1148 4340 Livii
1167 4291 1355 4343 testimouium
1371 4289 1448 4342 thl.
1462 4295 1523 4348 37.:

215 4367 376 4414 memorium
395 4366 454 4411 eius
472 4364 533 4411 irae
552 4359 716 4424 Tusculanis
733 4365 885 4430 inposuere
904 4369 963 4411 tum
981 4367 1088 4414 atrocis
1106 4371 1236 4415 auctores
1253 4370 1386 4414 murrsisse
1412 4364 1452 4414 ael
1466 4384 1523 4435 pu-

215 4443 291 4486 truns
316 4445 437 4488 mititem
462 4442 590 4487 constat.-
616 4452 666 4487 rree
691 4452 849 4506 quemquem
860 4433 959 4506 ferme
977 4455 1014 4488 ex
1032 4437 1124 4488 Potito
1146 4438 1222 4489 tribu
1244 4446 1329 4508 ¹(qnae
1353 4436 1522 4492 Tusculanos

214 4507 402 4584 damnaverat)
421 4508 599 4563 candidatum
621 4513 761 4579 Papiriam
771 4509 862 4579 serre
875 4512 998 4564 solitum.
1050 4514 1124 4582 Quin
1153 4514 1222 4567 edeu
1250 4517 1389 4584 Papirium
1416 4531 1522 4585 quoquc

214 4582 378 4639 directorem
399 4584 564 4637 labores-isse
577 4587 679 4636 insidis
693 4585 818 4638 adsersus
832 4602 910 4636 suum
926 4591 1086 4658 surgisuum
1101 4593 1222 4659 equitum
1238 4589 1351 4641 istium
1367 4588 1521 4641 lluilisnum

213 4677 326 4733 propser
345 4678 401 4713 reru
422 4679 449 4713 se
469 4657 581 4712 susem
600 4658 719 4714 ieliciser
738 4675 841 4732 gustem
862 4659 976 4731 ideoque
995 4664 1161 4735 supplicium
1175 4661 1208 4717 ds
1223 4663 1271 4718 illo
1284 4682 1391 4719 sumere
1406 4664 1521 4719 voluisse

214 4738 254 4788 sit
274 4733 372 4790 Fsbius
393 4751 470 4809 peter
488 4738 518 4787 in
538 4740 671 4789 concione
690 4734 762 4810 spud
781 4733 951 4810 prsediesuru
969 4735 1078 4793 Lirim
1099 4737 1176 4794 vui.
1195 4743 1241 4800 31.
