<?xml version="1.0" encoding="UTF-8"?>
<!DOCTYPE html PUBLIC "-//W3C//DTD XHTML 1.0 Transitional//EN"
    "http://www.w3.org/TR/xhtml1/DTD/xhtml1-transitional.dtd">
<html xmlns="http://www.w3.org/1999/xhtml" xml:lang="en" lang="en">
 <head>
  <title>
</title>
<meta http-equiv="Content-Type" content="text/html;charset=utf-8" />
  <meta name='ocr-system' content='tesseract 3.04.00' />
  <meta name='ocr-capabilities' content='ocr_page ocr_carea ocr_par ocr_line ocrx_word'/>
</head>
<body>
  <div class='ocr_page' id='page_1' title='image "./operaquaesupers03halmgoog/operaquaesupers03halmgoog_0359.png"; bbox 0 0 3210 5280; ppageno 0'>
   <div class='ocr_carea' id='block_1_1' title="bbox 105 165 1083 271">
    <p class='ocr_par' dir='ltr' id='par_1_1' title="bbox 105 165 1083 271">
     <span class='ocr_line' id='line_1_1' title="bbox 105 165 1083 271; baseline -0.004 -4"><span class='ocrx_word' id='word_1_1' title='bbox 105 165 108 173; x_wconf 73' lang='grc'><em>’</em></span> <span class='ocrx_word' id='word_1_2' title='bbox 207 201 270 269; x_wconf 84' lang='lat' dir='ltr'><strong><em>svs</em></strong></span> <span class='ocrx_word' id='word_1_3' title='bbox 607 203 811 271; x_wconf 72' lang='lat' dir='ltr'><strong><em>senous</em></strong></span> <span class='ocrx_word' id='word_1_4' title='bbox 833 199 1083 269; x_wconf 75' lang='lat' dir='ltr'><strong><em>uomuusts</em></strong></span> 
     </span>
    </p>
   </div>
   <div class='ocr_carea' id='block_1_2' title="bbox 154 342 1534 4310">
    <p class='ocr_par' dir='ltr' id='par_1_2' title="bbox 154 342 1534 4310">
     <span class='ocr_line' id='line_1_2' title="bbox 206 342 1530 430; baseline 0 -25"><span class='ocrx_word' id='word_1_5' title='bbox 206 342 328 418; x_wconf 80' lang='lat' dir='ltr'><strong><em>„modi</em></strong></span> <span class='ocrx_word' id='word_1_6' title='bbox 345 346 551 430; x_wconf 67' lang='lat' dir='ltr'><strong><em>quisquilias</em></strong></span> <span class='ocrx_word' id='word_1_7' title='bbox 574 356 722 413; x_wconf 88' lang='lat' dir='ltr'><strong><em>statuere</em></strong></span> <span class='ocrx_word' id='word_1_8' title='bbox 748 367 936 430; x_wconf 79' lang='lat' dir='ltr'><strong><em>numquam</em></strong></span> <span class='ocrx_word' id='word_1_9' title='bbox 963 362 1031 408; x_wconf 82' lang='lat' dir='ltr'><strong><em>esse</em></strong></span> <span class='ocrx_word' id='word_1_10' title='bbox 1046 343 1202 422; x_wconf 89' lang='lat' dir='ltr'><strong><em>factum.</em></strong></span> <span class='ocrx_word' id='word_1_11' title='bbox 1254 346 1321 411; x_wconf 91' lang='lat' dir='ltr'><strong><em>Sed</em></strong></span> <span class='ocrx_word' id='word_1_12' title='bbox 1342 355 1461 409; x_wconf 89' lang='lat' dir='ltr'><strong><em>tumen</em></strong></span> <span class='ocrx_word' id='word_1_13' title='bbox 1490 353 1530 406; x_wconf 90' lang='lat' dir='ltr'><strong><em>ut</em></strong></span> 
     </span>
     <span class='ocr_line' id='line_1_3' title="bbox 206 434 1532 516; baseline 0.002 -20"><span class='ocrx_word' id='word_1_14' title='bbox 206 444 264 510; x_wconf 77' lang='lat' dir='ltr'><strong><em>„te</em></strong></span> <span class='ocrx_word' id='word_1_15' title='bbox 286 434 325 498; x_wconf 88' lang='lat' dir='ltr'><strong><em>de</em></strong></span> <span class='ocrx_word' id='word_1_16' title='bbox 344 456 381 500; x_wconf 86' lang='lat' dir='ltr'><strong><em>re</em></strong></span> <span class='ocrx_word' id='word_1_17' title='bbox 400 435 546 516; x_wconf 78' lang='lat' dir='ltr'><strong><em>publicu</em></strong></span> <span class='ocrx_word' id='word_1_18' title='bbox 574 438 747 514; x_wconf 74' lang='lat' dir='ltr'><strong><em>consoler,</em></strong></span> <span class='ocrx_word' id='word_1_19' title='bbox 766 458 834 498; x_wconf 91' lang='lat' dir='ltr'><strong><em>non</em></strong></span> <span class='ocrx_word' id='word_1_20' title='bbox 860 439 929 513; x_wconf 83' lang='lat' dir='ltr'><strong><em>itu,</em></strong></span> <span class='ocrx_word' id='word_1_21' title='bbox 950 444 988 500; x_wconf 91' lang='lat' dir='ltr'><strong><em>ut</em></strong></span> <span class='ocrx_word' id='word_1_22' title='bbox 1011 447 1189 515; x_wconf 86' lang='lat' dir='ltr'><strong><em>sperarunt</em></strong></span> <span class='ocrx_word' id='word_1_23' title='bbox 1211 442 1319 514; x_wconf 80' lang='lat' dir='ltr'><strong><em>mali,</em></strong></span> <span class='ocrx_word' id='word_1_24' title='bbox 1338 447 1439 501; x_wconf 79' lang='lat' dir='ltr'><strong><em>tardo</em></strong></span> <span class='ocrx_word' id='word_1_25' title='bbox 1469 438 1532 499; x_wconf 87' lang='lat' dir='ltr'><strong><em>im-</em></strong></span> 
     </span>
     <span class='ocr_line' id='line_1_4' title="bbox 206 525 1530 608; baseline 0.001 -21"><span class='ocrx_word' id='word_1_26' title='bbox 206 527 344 606; x_wconf 84' lang='lat' dir='ltr'><strong><em>„posito</em></strong></span> <span class='ocrx_word' id='word_1_27' title='bbox 368 529 419 590; x_wconf 88' lang='lat' dir='ltr'><strong><em>rei</em></strong></span> <span class='ocrx_word' id='word_1_28' title='bbox 437 525 599 608; x_wconf 81' lang='lat' dir='ltr'><strong><em>publicae</em></strong></span> <span class='ocrx_word' id='word_1_29' title='bbox 615 528 767 605; x_wconf 86' lang='lat' dir='ltr'><strong><em>vulnere,</em></strong></span> <span class='ocrx_word' id='word_1_30' title='bbox 787 528 917 589; x_wconf 88' lang='lat' dir='ltr'><strong><em>ulucris</em></strong></span> <span class='ocrx_word' id='word_1_31' title='bbox 938 527 1073 590; x_wconf 82' lang='lat' dir='ltr'><strong><em>exultat</em></strong></span> <span class='ocrx_word' id='word_1_32' title='bbox 1089 527 1287 607; x_wconf 76' lang='lat' dir='ltr'><strong><em>improbitas</em></strong></span> <span class='ocrx_word' id='word_1_33' title='bbox 1310 531 1344 591; x_wconf 93' lang='lat' dir='ltr'><strong><em>in</em></strong></span> <span class='ocrx_word' id='word_1_34' title='bbox 1368 531 1530 592; x_wconf 85' lang='lat' dir='ltr'><strong><em>victoria.</em></strong></span> 
     </span>
     <span class='ocr_line' id='line_1_5' title="bbox 206 613 1531 703; baseline 0.004 -26"><span class='ocrx_word' id='word_1_35' title='bbox 206 663 222 689; x_wconf 85' lang='lat'><strong>„</strong></span> <span class='ocrx_word' id='word_1_36' title='bbox 231 613 266 677; x_wconf 91' lang='lat' dir='ltr'><strong><em>N</em></strong></span> <span class='ocrx_word' id='word_1_37' title='bbox 267 634 323 676; x_wconf 91' lang='lat' dir='ltr'><strong><em>am</em></strong></span> <span class='ocrx_word' id='word_1_38' title='bbox 333 614 437 696; x_wconf 92' lang='lat' dir='ltr'><strong><em>plane</em></strong></span> <span class='ocrx_word' id='word_1_39' title='bbox 449 619 499 678; x_wconf 91' lang='lat' dir='ltr'><strong><em>ita</em></strong></span> <span class='ocrx_word' id='word_1_40' title='bbox 508 626 712 697; x_wconf 89' lang='lat' dir='ltr'><strong><em>putaverunt</em></strong></span> <span class='ocrx_word' id='word_1_41' title='bbox 724 657 735 693; x_wconf 87' lang='lat'>‚</span> <span class='ocrx_word' id='word_1_42' title='bbox 748 638 853 699; x_wconf 90' lang='lat' dir='ltr'><strong><em>quum</em></strong></span> <span class='ocrx_word' id='word_1_43' title='bbox 865 617 1010 696; x_wconf 81' lang='lat' dir='ltr'><strong><em>religio,</em></strong></span> <span class='ocrx_word' id='word_1_44' title='bbox 1023 637 1129 698; x_wconf 90' lang='lat' dir='ltr'><strong><em>quum</em></strong></span> <span class='ocrx_word' id='word_1_45' title='bbox 1142 618 1328 700; x_wconf 80' lang='lat' dir='ltr'><strong><em>pudicitia,</em></strong></span> <span class='ocrx_word' id='word_1_46' title='bbox 1350 640 1462 703; x_wconf 91' lang='lat' dir='ltr'><strong><em>quum</em></strong></span> <span class='ocrx_word' id='word_1_47' title='bbox 1477 621 1531 682; x_wconf 88' lang='lat' dir='ltr'><strong><em>iu·</em></strong></span> 
     </span>
     <span class='ocr_line' id='line_1_6' title="bbox 205 704 1530 792; baseline 0.005 -25"><span class='ocrx_word' id='word_1_48' title='bbox 205 704 510 782; x_wconf 80' lang='lat' dir='ltr'><strong><em>„diciorumfides‚</em></strong></span> <span class='ocrx_word' id='word_1_49' title='bbox 532 729 637 790; x_wconf 89' lang='lat' dir='ltr'><strong><em>quum</em></strong></span> <span class='ocrx_word' id='word_1_50' title='bbox 658 719 791 771; x_wconf 86' lang='lat' dir='ltr'><strong><em>senatus</em></strong></span> <span class='ocrx_word' id='word_1_51' title='bbox 807 708 1238 788; x_wconf 43' lang='lat' dir='ltr'><strong><em>uuctorilus&#39;concidissess</em></strong></span> <span class='ocrx_word' id='word_1_52' title='bbox 1250 711 1335 789; x_wconf 83' lang='lat' dir='ltr'><strong><em>sore</em></strong></span> <span class='ocrx_word' id='word_1_53' title='bbox 1351 722 1389 774; x_wconf 89' lang='lat' dir='ltr'><strong><em>ut</em></strong></span> <span class='ocrx_word' id='word_1_54' title='bbox 1407 719 1530 792; x_wconf 86' lang='lat' dir='ltr'><strong><em>aperte</em></strong></span> 
     </span>
     <span class='ocr_line' id='line_1_7' title="bbox 204 795 1532 888; baseline 0.002 -29"><span class='ocrx_word' id='word_1_55' title='bbox 204 801 354 873; x_wconf 77' lang='lat' dir='ltr'><strong><em>·„victriu</em></strong></span> <span class='ocrx_word' id='word_1_56' title='bbox 374 799 527 880; x_wconf 75' lang='lat' dir='ltr'><strong><em>nequitia</em></strong></span> <span class='ocrx_word' id='word_1_57' title='bbox 557 817 601 860; x_wconf 90' lang='lat' dir='ltr'><strong><em>uc</em></strong></span> <span class='ocrx_word' id='word_1_58' title='bbox 632 795 736 860; x_wconf 77' lang='lat' dir='ltr'><strong><em>libido</em></strong></span> <span class='ocrx_word' id='word_1_59' title='bbox 760 818 888 888; x_wconf 85' lang='lat' dir='ltr'><strong><em>poenas</em></strong></span> <span class='ocrx_word' id='word_1_60' title='bbox 921 795 964 860; x_wconf 80' lang='lat' dir='ltr'><strong><em>ab</em></strong></span> <span class='ocrx_word' id='word_1_61' title='bbox 993 800 1122 879; x_wconf 90' lang='lat' dir='ltr'><strong><em>optimo</em></strong></span> <span class='ocrx_word' id='word_1_62' title='bbox 1152 821 1290 884; x_wconf 85' lang='lat' dir='ltr'><strong><em>quoque</em></strong></span> <span class='ocrx_word' id='word_1_63' title='bbox 1318 810 1448 883; x_wconf 85' lang='lat' dir='ltr'><strong><em>peteret</em></strong></span> <span class='ocrx_word' id='word_1_64' title='bbox 1471 801 1532 862; x_wconf 87' lang='lat' dir='ltr'><strong><em>sui</em></strong></span> 
     </span>
     <span class='ocr_line' id='line_1_8' title="bbox 204 887 1530 976; baseline 0.001 -25"><span class='ocrx_word' id='word_1_65' title='bbox 204 888 380 965; x_wconf 83' lang='lat' dir='ltr'><strong><em>¹‚tloloris‚</em></strong></span> <span class='ocrx_word' id='word_1_66' title='bbox 402 909 502 976; x_wconf 89' lang='lat' dir='ltr'><strong><em>quem</em></strong></span> <span class='ocrx_word' id='word_1_67' title='bbox 526 887 772 970; x_wconf 75' lang='lat' dir='ltr'><strong><em>improbissimo</em></strong></span> <span class='ocrx_word' id='word_1_68' title='bbox 802 894 927 972; x_wconf 87' lang='lat' dir='ltr'><strong><em>cuique</em></strong></span> <span class='ocrx_word' id='word_1_69' title='bbox 956 892 1120 954; x_wconf 85' lang='lat' dir='ltr'><strong><em>inusserat</em></strong></span> <span class='ocrx_word' id='word_1_70' title='bbox 1144 895 1300 956; x_wconf 85' lang='lat' dir='ltr'><strong><em>severitus</em></strong></span> <span class='ocrx_word' id='word_1_71' title='bbox 1321 892 1530 954; x_wconf 89' lang='lat' dir='ltr'><strong><em>consulatus</em></strong></span> 
     </span>
     <span class='ocr_line' id='line_1_9' title="bbox 206 978 1531 1064; baseline 0 -22"><span class='ocrx_word' id='word_1_72' title='bbox 206 982 308 1056; x_wconf 76' lang='lat' dir='ltr'><strong><em>„mei</em></strong></span> <span class='ocrx_word' id='word_1_73' title='bbox 330 981 422 1056; x_wconf 86' lang='lat' dir='ltr'><strong><em>ldem</em></strong></span> <span class='ocrx_word' id='word_1_74' title='bbox 434 1002 502 1062; x_wconf 78' lang='lat' dir='ltr'><strong><em>ego</em></strong></span> <span class='ocrx_word' id='word_1_75' title='bbox 524 981 583 1044; x_wconf 91' lang='lat' dir='ltr'><strong><em>ille</em></strong></span> <span class='ocrx_word' id='word_1_76' title='bbox 604 978 790 1059; x_wconf 87' lang='lat' dir='ltr'><strong><em>(nonenim</em></strong></span> <span class='ocrx_word' id='word_1_77' title='bbox 810 982 896 1043; x_wconf 80' lang='lat' dir='ltr'><strong><em>milti</em></strong></span> <span class='ocrx_word' id='word_1_78' title='bbox 910 981 1023 1043; x_wconf 88' lang='lat' dir='ltr'><strong><em>videor</em></strong></span> <span class='ocrx_word' id='word_1_79' title='bbox 1036 982 1215 1046; x_wconf 75' lang='lat' dir='ltr'><strong><em>insolenter</em></strong></span> <span class='ocrx_word' id='word_1_80' title='bbox 1227 982 1395 1062; x_wconf 69' lang='lat' dir='ltr'><strong><em>gloriari,</em></strong></span> <span class='ocrx_word' id='word_1_81' title='bbox 1416 1001 1531 1064; x_wconf 87' lang='lat' dir='ltr'><strong><em>quum</em></strong></span> 
     </span>
     <span class='ocr_line' id='line_1_10' title="bbox 204 1068 1529 1157; baseline 0.003 -26"><span class='ocrx_word' id='word_1_82' title='bbox 204 1068 268 1144; x_wconf 83' lang='lat' dir='ltr'><strong><em>„de</em></strong></span> <span class='ocrx_word' id='word_1_83' title='bbox 289 1092 340 1134; x_wconf 89' lang='lat' dir='ltr'><strong><em>me</em></strong></span> <span class='ocrx_word' id='word_1_84' title='bbox 361 1071 458 1152; x_wconf 90' lang='lat' dir='ltr'><strong><em>apud</em></strong></span> <span class='ocrx_word' id='word_1_85' title='bbox 473 1081 505 1135; x_wconf 90' lang='lat' dir='ltr'><strong><em>te</em></strong></span> <span class='ocrx_word' id='word_1_86' title='bbox 530 1072 675 1154; x_wconf 86' lang='lat' dir='ltr'><strong><em>loquor,</em></strong></span> <span class='ocrx_word' id='word_1_87' title='bbox 695 1073 727 1131; x_wconf 91' lang='lat' dir='ltr'><strong><em>in</em></strong></span> <span class='ocrx_word' id='word_1_88' title='bbox 743 1091 784 1133; x_wconf 90' lang='lat' dir='ltr'><strong><em>ea</em></strong></span> <span class='ocrx_word' id='word_1_89' title='bbox 805 1075 1002 1151; x_wconf 81' lang='lat' dir='ltr'><strong><em>praesertim</em></strong></span> <span class='ocrx_word' id='word_1_90' title='bbox 1017 1074 1184 1153; x_wconf 88' lang='lat' dir='ltr'><strong><em>epistula,</em></strong></span> <span class='ocrx_word' id='word_1_91' title='bbox 1209 1094 1315 1157; x_wconf 90' lang='lat' dir='ltr'><strong><em>quam</em></strong></span> <span class='ocrx_word' id='word_1_92' title='bbox 1338 1073 1421 1137; x_wconf 91' lang='lat' dir='ltr'><strong><em>nolo</em></strong></span> <span class='ocrx_word' id='word_1_93' title='bbox 1445 1076 1529 1136; x_wconf 83' lang='lat' dir='ltr'><strong><em>aliis</em></strong></span> 
     </span>
     <span class='ocr_line' id='line_1_11' title="bbox 204 1159 1530 1246; baseline 0.005 -24"><span class='ocrx_word' id='word_1_94' title='bbox 204 1159 316 1243; x_wconf 60' lang='lat' dir='ltr'><strong><em>„lego</em></strong></span> <span class='ocrx_word' id='word_1_95' title='bbox 338 1159 444 1240; x_wconf 88' lang='lat' dir='ltr'><strong><em>idem,</em></strong></span> <span class='ocrx_word' id='word_1_96' title='bbox 465 1165 623 1246; x_wconf 87' lang='lat' dir='ltr'><strong><em>inquam,</em></strong></span> <span class='ocrx_word' id='word_1_97' title='bbox 644 1183 709 1243; x_wconf 81' lang='lat' dir='ltr'><strong><em>ego</em></strong></span> <span class='ocrx_word' id='word_1_98' title='bbox 725 1164 877 1226; x_wconf 82' lang='lat' dir='ltr'><strong><em>recreavi</em></strong></span> <span class='ocrx_word' id='word_1_99' title='bbox 890 1163 1048 1240; x_wconf 79' lang='lat' dir='ltr'><strong><em>afflictos</em></strong></span> <span class='ocrx_word' id='word_1_100' title='bbox 1064 1166 1196 1226; x_wconf 89' lang='lat' dir='ltr'><strong><em>animos</em></strong></span> <span class='ocrx_word' id='word_1_101' title='bbox 1219 1164 1402 1246; x_wconf 74' lang='lat' dir='ltr'><strong><em>bonorum,</em></strong></span> <span class='ocrx_word' id='word_1_102' title='bbox 1418 1186 1530 1228; x_wconf 91' lang='lat' dir='ltr'><strong><em>unum</em></strong></span> 
     </span>
     <span class='ocr_line' id='line_1_12' title="bbox 204 1251 1529 1337; baseline 0.005 -22"><span class='ocrx_word' id='word_1_103' title='bbox 204 1270 396 1336; x_wconf 79' lang='lat' dir='ltr'><strong><em>..quemque</em></strong></span> <span class='ocrx_word' id='word_1_104' title='bbox 419 1251 624 1328; x_wconf 70' lang='lat' dir='ltr'><strong><em>confirmans</em></strong></span> <span class='ocrx_word' id='word_1_105' title='bbox 649 1261 681 1315; x_wconf 91' lang='lat' dir='ltr'><strong><em>et</em></strong></span> <span class='ocrx_word' id='word_1_106' title='bbox 710 1253 884 1314; x_wconf 81' lang='lat' dir='ltr'><strong><em>excitans:</em></strong></span> <span class='ocrx_word' id='word_1_107' title='bbox 904 1252 1105 1314; x_wconf 83' lang='lat' dir='ltr'><strong><em>insectandis</em></strong></span> <span class='ocrx_word' id='word_1_108' title='bbox 1133 1274 1208 1317; x_wconf 88' lang='lat' dir='ltr'><strong><em>vero</em></strong></span> <span class='ocrx_word' id='word_1_109' title='bbox 1236 1255 1529 1337; x_wconf 75' lang='lat' dir='ltr'><strong><em>exagitandisque</em></strong></span> 
     </span>
     <span class='ocr_line' id='line_1_13' title="bbox 204 1339 1529 1425; baseline 0.005 -21"><span class='ocrx_word' id='word_1_110' title='bbox 204 1345 428 1416; x_wconf 83' lang='lat' dir='ltr'><strong><em>„nummariis</em></strong></span> <span class='ocrx_word' id='word_1_111' title='bbox 448 1341 616 1405; x_wconf 82' lang='lat' dir='ltr'><strong><em>iudicibus</em></strong></span> <span class='ocrx_word' id='word_1_112' title='bbox 640 1363 770 1425; x_wconf 88' lang='lat' dir='ltr'><strong><em>omnem</em></strong></span> <span class='ocrx_word' id='word_1_113' title='bbox 792 1339 945 1402; x_wconf 80' lang='lat' dir='ltr'><strong><em>omnibus</em></strong></span> <span class='ocrx_word' id='word_1_114' title='bbox 963 1343 1123 1406; x_wconf 79' lang='lat' dir='ltr'><strong><em>studiosis</em></strong></span> <span class='ocrx_word' id='word_1_115' title='bbox 1145 1363 1189 1406; x_wconf 91' lang='lat' dir='ltr'><strong><em>ac</em></strong></span> <span class='ocrx_word' id='word_1_116' title='bbox 1201 1343 1406 1423; x_wconf 82' lang='lat' dir='ltr'><strong><em>fautoribus</em></strong></span> <span class='ocrx_word' id='word_1_117' title='bbox 1428 1347 1529 1411; x_wconf 88' lang='lat' dir='ltr'><strong><em>illius</em></strong></span> 
     </span>
     <span class='ocr_line' id='line_1_14' title="bbox 204 1431 1530 1524; baseline 0.005 -28"><span class='ocrx_word' id='word_1_118' title='bbox 204 1484 221 1509; x_wconf 87' lang='grc'><strong><em>,,</em></strong></span> <span class='ocrx_word' id='word_1_119' title='bbox 231 1435 395 1499; x_wconf 78' lang='lat' dir='ltr'><strong><em>victorius·</em></strong></span> <span class='ocrx_word' id='word_1_120' title='bbox 408 1435 595 1524; x_wconf 70' lang='lat' dir='ltr'><strong><em>aopp‘qoiav</em></strong></span> <span class='ocrx_word' id='word_1_121' title='bbox 608 1435 729 1512; x_wconf 87' lang='lat' dir='ltr'><strong><em>eripui.</em></strong></span> <span class='ocrx_word' id='word_1_122' title='bbox 770 1431 921 1494; x_wconf 87' lang='lat' dir='ltr'><strong><em>Pisonem</em></strong></span> <span class='ocrx_word' id='word_1_123' title='bbox 936 1433 1110 1496; x_wconf 86' lang='lat' dir='ltr'><strong><em>consulem</em></strong></span> <span class='ocrx_word' id='word_1_124' title='bbox 1127 1435 1226 1496; x_wconf 91' lang='lat' dir='ltr'><strong><em>nullu</em></strong></span> <span class='ocrx_word' id='word_1_125' title='bbox 1242 1437 1277 1497; x_wconf 89' lang='lat' dir='ltr'><strong><em>in</em></strong></span> <span class='ocrx_word' id='word_1_126' title='bbox 1290 1455 1325 1501; x_wconf 88' lang='lat' dir='ltr'><strong><em>re</em></strong></span> <span class='ocrx_word' id='word_1_127' title='bbox 1341 1441 1530 1503; x_wconf 78' lang='lat' dir='ltr'><strong><em>consistere</em></strong></span> 
     </span>
     <span class='ocr_line' id='line_1_15' title="bbox 205 1517 1528 1608; baseline 0.005 -23"><span class='ocrx_word' id='word_1_128' title='bbox 205 1543 394 1608; x_wconf 81' lang='lat' dir='ltr'><strong><em>„umquam</em></strong></span> <span class='ocrx_word' id='word_1_129' title='bbox 418 1547 492 1590; x_wconf 90' lang='lat' dir='ltr'><strong><em>sum</em></strong></span> <span class='ocrx_word' id='word_1_130' title='bbox 515 1517 659 1606; x_wconf 61' lang='lat' dir='ltr'><strong><em>pussus&#39;s</em></strong></span> <span class='ocrx_word' id='word_1_131' title='bbox 679 1522 878 1600; x_wconf 75' lang='lat' dir='ltr'><strong><em>desponsam</em></strong></span> <span class='ocrx_word' id='word_1_132' title='bbox 902 1522 1033 1584; x_wconf 78' lang='lat' dir='ltr'><strong><em>homini</em></strong></span> <span class='ocrx_word' id='word_1_133' title='bbox 1050 1523 1190 1604; x_wconf 84' lang='lat' dir='ltr'><strong><em>Syriam</em></strong></span> <span class='ocrx_word' id='word_1_134' title='bbox 1217 1525 1347 1589; x_wconf 81' lang='lat' dir='ltr'><strong><em>ademi:</em></strong></span> <span class='ocrx_word' id='word_1_135' title='bbox 1366 1538 1528 1591; x_wconf 88' lang='lat' dir='ltr'><strong><em>senatum</em></strong></span> 
     </span>
     <span class='ocr_line' id='line_1_16' title="bbox 205 1610 1529 1696; baseline 0.005 -21"><span class='ocrx_word' id='word_1_136' title='bbox 205 1610 277 1686; x_wconf 82' lang='lat' dir='ltr'><strong><em>„ad</em></strong></span> <span class='ocrx_word' id='word_1_137' title='bbox 293 1617 473 1694; x_wconf 83' lang='lat' dir='ltr'><strong><em>pristinam</em></strong></span> <span class='ocrx_word' id='word_1_138' title='bbox 495 1635 594 1678; x_wconf 92' lang='lat' dir='ltr'><strong><em>suam</em></strong></span> <span class='ocrx_word' id='word_1_139' title='bbox 620 1613 828 1676; x_wconf 83' lang='lat' dir='ltr'><strong><em>severitatem</em></strong></span> <span class='ocrx_word' id='word_1_140' title='bbox 850 1613 1009 1673; x_wconf 84' lang='lat' dir='ltr'><strong><em>revocavi</em></strong></span> <span class='ocrx_word' id='word_1_141' title='bbox 1030 1622 1133 1696; x_wconf 88' lang='lat' dir='ltr'><strong><em>atque</em></strong></span> <span class='ocrx_word' id='word_1_142' title='bbox 1157 1612 1327 1678; x_wconf 85' lang='lat' dir='ltr'><strong><em>abiectum</em></strong></span> <span class='ocrx_word' id='word_1_143' title='bbox 1355 1621 1529 1682; x_wconf 78' lang='lat' dir='ltr'><strong><em>excitavi:</em></strong></span> 
     </span>
     <span class='ocr_line' id='line_1_17' title="bbox 205 1702 1529 1788; baseline 0.005 -22"><span class='ocrx_word' id='word_1_144' title='bbox 205 1702 386 1776; x_wconf 80' lang='lat' dir='ltr'><strong><em>..Clodium</em></strong></span> <span class='ocrx_word' id='word_1_145' title='bbox 399 1715 607 1785; x_wconf 85' lang='lat' dir='ltr'><strong><em>praesentem</em></strong></span> <span class='ocrx_word' id='word_1_146' title='bbox 614 1703 719 1784; x_wconf 81' lang='lat' dir='ltr'><strong><em>fregi</em></strong></span> <span class='ocrx_word' id='word_1_147' title='bbox 732 1702 767 1761; x_wconf 92' lang='lat' dir='ltr'><strong><em>in</em></strong></span> <span class='ocrx_word' id='word_1_148' title='bbox 788 1710 926 1779; x_wconf 87' lang='lat' dir='ltr'><strong><em>senatu,</em></strong></span> <span class='ocrx_word' id='word_1_149' title='bbox 949 1720 1055 1783; x_wconf 91' lang='lat' dir='ltr'><strong><em>quum</em></strong></span> <span class='ocrx_word' id='word_1_150' title='bbox 1077 1704 1231 1765; x_wconf 89' lang='lat' dir='ltr'><strong><em>oratione</em></strong></span> <span class='ocrx_word' id='word_1_151' title='bbox 1250 1716 1433 1785; x_wconf 85' lang='lat' dir='ltr'><strong><em>perpetua,</em></strong></span> <span class='ocrx_word' id='word_1_152' title='bbox 1455 1709 1529 1788; x_wconf 77' lang='lat' dir='ltr'><strong><em>ple·¹</em></strong></span> 
     </span>
     <span class='ocr_line' id='line_1_18' title="bbox 205 1791 1529 1878; baseline 0.008 -26"><span class='ocrx_word' id='word_1_153' title='bbox 205 1795 370 1865; x_wconf 81' lang='lat' dir='ltr'><strong><em>„nissima</em></strong></span> <span class='ocrx_word' id='word_1_154' title='bbox 388 1797 590 1878; x_wconf 74' lang='lat' dir='ltr'><strong><em>gravitatis,</em></strong></span> <span class='ocrx_word' id='word_1_155' title='bbox 612 1800 682 1856; x_wconf 61' lang='lat' dir='ltr'><strong><em>tuan</em></strong></span> <span class='ocrx_word' id='word_1_156' title='bbox 702 1791 927 1856; x_wconf 88' lang='lat' dir='ltr'><strong><em>ultercutione</em></strong></span> <span class='ocrx_word' id='word_1_157' title='bbox 948 1791 1130 1871; x_wconf 90' lang='lat' dir='ltr'><strong><em>eiusmodi,</em></strong></span> <span class='ocrx_word' id='word_1_158' title='bbox 1151 1814 1194 1857; x_wconf 81' lang='lat' dir='ltr'><strong><em>ex</em></strong></span> <span class='ocrx_word' id='word_1_159' title='bbox 1209 1814 1280 1877; x_wconf 91' lang='lat' dir='ltr'><strong><em>quu</em></strong></span> <span class='ocrx_word' id='word_1_160' title='bbox 1302 1794 1385 1858; x_wconf 87' lang='lat' dir='ltr'><strong><em>licet</em></strong></span> <span class='ocrx_word' id='word_1_161' title='bbox 1404 1818 1529 1877; x_wconf 90' lang='lat' dir='ltr'><strong><em>pauca</em></strong></span> 
     </span>
     <span class='ocr_line' id='line_1_19' title="bbox 205 1881 1529 1971; baseline 0.005 -25"><span class='ocrx_word' id='word_1_162' title='bbox 205 1882 393 1966; x_wconf 69' lang='lat' dir='ltr'><strong><em>..degustes</em></strong></span> <span class='ocrx_word' id='word_1_163' title='bbox 442 1885 478 1948; x_wconf 85' lang='lat' dir='ltr'><em>N</em></span> <span class='ocrx_word' id='word_1_164' title='bbox 478 1906 534 1947; x_wconf 91' lang='lat' dir='ltr'><strong><em>am</em></strong></span> <span class='ocrx_word' id='word_1_165' title='bbox 560 1895 672 1950; x_wconf 86' lang='lat' dir='ltr'><strong><em>cetera</em></strong></span> <span class='ocrx_word' id='word_1_166' title='bbox 692 1903 759 1946; x_wconf 90' lang='lat' dir='ltr'><strong><em>non</em></strong></span> <span class='ocrx_word' id='word_1_167' title='bbox 772 1890 912 1968; x_wconf 84' lang='lat' dir='ltr'><strong><em>possunt</em></strong></span> <span class='ocrx_word' id='word_1_168' title='bbox 928 1881 1048 1947; x_wconf 77' lang='lat' dir='ltr'><strong><em>nabere</em></strong></span> <span class='ocrx_word' id='word_1_169' title='bbox 1063 1883 1203 1947; x_wconf 89' lang='lat' dir='ltr'><strong><em>eandem</em></strong></span> <span class='ocrx_word' id='word_1_170' title='bbox 1217 1905 1324 1966; x_wconf 90' lang='lat' dir='ltr'><strong><em>neque</em></strong></span> <span class='ocrx_word' id='word_1_171' title='bbox 1338 1889 1403 1949; x_wconf 91' lang='lat' dir='ltr'><strong><em>vim</em></strong></span> <span class='ocrx_word' id='word_1_172' title='bbox 1417 1910 1529 1971; x_wconf 91' lang='lat' dir='ltr'><strong><em>neque</em></strong></span> 
     </span>
     <span class='ocr_line' id='line_1_20' title="bbox 206 1969 1528 2057; baseline 0.004 -22"><span class='ocrx_word' id='word_1_173' title='bbox 206 1984 452 2049; x_wconf 63' lang='lat' dir='ltr'><strong><em>„venustatem</em></strong></span> <span class='ocrx_word' id='word_1_174' title='bbox 479 1985 609 2042; x_wconf 86' lang='lat' dir='ltr'><strong><em>remoto</em></strong></span> <span class='ocrx_word' id='word_1_175' title='bbox 621 1974 683 2038; x_wconf 89' lang='lat' dir='ltr'><strong><em>illo</em></strong></span> <span class='ocrx_word' id='word_1_176' title='bbox 697 1973 810 2036; x_wconf 85' lang='lat' dir='ltr'><strong><em>studio</em></strong></span> <span class='ocrx_word' id='word_1_177' title='bbox 829 1974 1051 2036; x_wconf 86' lang='lat' dir='ltr'><strong><em>contentionis</em></strong></span> <span class='ocrx_word' id='word_1_178' title='bbox 1073 1995 1173 2056; x_wconf 89' lang='lat' dir='ltr'><strong><em>quem</em></strong></span> <span class='ocrx_word' id='word_1_179' title='bbox 1194 1969 1306 2051; x_wconf 75' lang='grc' dir='ltr'><em>ἀγῶνα</em></span> <span class='ocrx_word' id='word_1_180' title='bbox 1323 1997 1379 2039; x_wconf 90' lang='lat' dir='ltr'><strong><em>vos</em></strong></span> <span class='ocrx_word' id='word_1_181' title='bbox 1401 1979 1528 2057; x_wconf 87' lang='lat' dir='ltr'><strong><em>appel-</em></strong></span> 
     </span>
     <span class='ocr_line' id='line_1_21' title="bbox 206 2063 1522 2148; baseline 0.002 -22"><span class='ocrx_word' id='word_1_182' title='bbox 206 2065 324 2139; x_wconf 79' lang='lat' dir='ltr'><strong><em>„lutiu</em></strong></span> <span class='ocrx_word' id='word_1_183' title='bbox 361 2064 479 2141; x_wconf 86' lang='lat' dir='ltr'><strong><em>Num,</em></strong></span> <span class='ocrx_word' id='word_1_184' title='bbox 501 2076 537 2129; x_wconf 90' lang='lat' dir='ltr'><strong><em>ut</em></strong></span> <span class='ocrx_word' id='word_1_185' title='bbox 561 2065 674 2128; x_wconf 77' lang='lat' dir='ltr'><strong><em>ldilsus</em></strong></span> <span class='ocrx_word' id='word_1_186' title='bbox 695 2063 802 2128; x_wconf 88' lang='lat' dir='ltr'><strong><em>Maiis</em></strong></span> <span class='ocrx_word' id='word_1_187' title='bbox 823 2066 856 2128; x_wconf 88' lang='lat' dir='ltr'><strong><em>in</em></strong></span> <span class='ocrx_word' id='word_1_188' title='bbox 876 2072 1029 2130; x_wconf 88' lang='lat' dir='ltr'><strong><em>senatum</em></strong></span> <span class='ocrx_word' id='word_1_189' title='bbox 1051 2069 1282 2142; x_wconf 80' lang='lat' dir='ltr'><strong><em>convenimus,</em></strong></span> <span class='ocrx_word' id='word_1_190' title='bbox 1298 2077 1442 2148; x_wconf 76' lang='lat' dir='ltr'><strong><em>rogatus</em></strong></span> <span class='ocrx_word' id='word_1_191' title='bbox 1454 2088 1522 2148; x_wconf 85' lang='lat' dir='ltr'><strong><em>ego</em></strong></span> 
     </span>
     <span class='ocr_line' id='line_1_22' title="bbox 206 2153 1527 2239; baseline 0.002 -23"><span class='ocrx_word' id='word_1_192' title='bbox 206 2159 428 2228; x_wconf 81' lang='lat' dir='ltr'><strong><em>„sententiam</em></strong></span> <span class='ocrx_word' id='word_1_193' title='bbox 457 2157 569 2219; x_wconf 88' lang='lat' dir='ltr'><strong><em>multa</em></strong></span> <span class='ocrx_word' id='word_1_194' title='bbox 602 2153 679 2217; x_wconf 81' lang='lat' dir='ltr'><strong><em>dixi</em></strong></span> <span class='ocrx_word' id='word_1_195' title='bbox 708 2154 901 2218; x_wconf 88' lang='lat' dir='ltr'><strong><em>desummo</em></strong></span> <span class='ocrx_word' id='word_1_196' title='bbox 924 2157 976 2221; x_wconf 91' lang='lat' dir='ltr'><strong><em>rei</em></strong></span> <span class='ocrx_word' id='word_1_197' title='bbox 1004 2153 1188 2234; x_wconf 79' lang='lat' dir='ltr'><strong><em>publicae,</em></strong></span> <span class='ocrx_word' id='word_1_198' title='bbox 1209 2166 1314 2239; x_wconf 91' lang='lat' dir='ltr'><strong><em>utque</em></strong></span> <span class='ocrx_word' id='word_1_199' title='bbox 1338 2157 1399 2221; x_wconf 91' lang='lat' dir='ltr'><strong><em>ille</em></strong></span> <span class='ocrx_word' id='word_1_200' title='bbox 1424 2157 1527 2220; x_wconf 91' lang='lat' dir='ltr'><strong><em>locus</em></strong></span> 
     </span>
     <span class='ocr_line' id='line_1_23' title="bbox 205 2241 1529 2326; baseline 0.005 -23"><span class='ocrx_word' id='word_1_201' title='bbox 205 2241 387 2318; x_wconf 85' lang='lat' dir='ltr'><strong><em>„inductus</em></strong></span> <span class='ocrx_word' id='word_1_202' title='bbox 411 2255 458 2308; x_wconf 89' lang='lat' dir='ltr'><strong><em>est</em></strong></span> <span class='ocrx_word' id='word_1_203' title='bbox 482 2267 504 2308; x_wconf 91' lang='lat' dir='ltr'><strong><em>a</em></strong></span> <span class='ocrx_word' id='word_1_204' title='bbox 530 2266 581 2309; x_wconf 89' lang='lat' dir='ltr'><strong><em>me</em></strong></span> <span class='ocrx_word' id='word_1_205' title='bbox 618 2244 793 2318; x_wconf 72' lang='lat' dir='ltr'><strong><em>divinitus,</em></strong></span> <span class='ocrx_word' id='word_1_206' title='bbox 827 2266 868 2309; x_wconf 91' lang='lat' dir='ltr'><strong><em>ne</em></strong></span> <span class='ocrx_word' id='word_1_207' title='bbox 897 2267 965 2308; x_wconf 91' lang='lat' dir='ltr'><strong><em>unu</em></strong></span> <span class='ocrx_word' id='word_1_208' title='bbox 986 2246 1098 2326; x_wconf 78' lang='lat' dir='ltr'><strong><em>plaga</em></strong></span> <span class='ocrx_word' id='word_1_209' title='bbox 1120 2256 1266 2326; x_wconf 91' lang='lat' dir='ltr'><strong><em>acceptu</em></strong></span> <span class='ocrx_word' id='word_1_210' title='bbox 1297 2256 1413 2325; x_wconf 88' lang='lat' dir='ltr'><strong><em>patres</em></strong></span> <span class='ocrx_word' id='word_1_211' title='bbox 1447 2267 1529 2310; x_wconf 92' lang='lat' dir='ltr'><strong><em>con·</em></strong></span> 
     </span>
     <span class='ocr_line' id='line_1_24' title="bbox 206 2331 1525 2420; baseline 0.005 -26"><span class='ocrx_word' id='word_1_212' title='bbox 206 2336 352 2414; x_wconf 80' lang='lat' dir='ltr'><strong><em>„scripti</em></strong></span> <span class='ocrx_word' id='word_1_213' title='bbox 389 2336 621 2415; x_wconf 86' lang='lat' dir='ltr'><strong><em>conciderent,</em></strong></span> <span class='ocrx_word' id='word_1_214' title='bbox 657 2355 696 2397; x_wconf 92' lang='lat' dir='ltr'><strong><em>ne</em></strong></span> <span class='ocrx_word' id='word_1_215' title='bbox 731 2331 927 2407; x_wconf 84' lang='lat' dir='ltr'><strong><em>deficerent:</em></strong></span> <span class='ocrx_word' id='word_1_216' title='bbox 958 2336 1078 2397; x_wconf 88' lang='lat' dir='ltr'><strong><em>vulnus</em></strong></span> <span class='ocrx_word' id='word_1_217' title='bbox 1109 2356 1178 2399; x_wconf 91' lang='lat' dir='ltr'><strong><em>esse</em></strong></span> <span class='ocrx_word' id='word_1_218' title='bbox 1211 2337 1395 2412; x_wconf 89' lang='lat' dir='ltr'><strong><em>eiusmodi,</em></strong></span> <span class='ocrx_word' id='word_1_219' title='bbox 1426 2336 1525 2420; x_wconf 88' lang='lat' dir='ltr'><strong><em>quod</em></strong></span> 
     </span>
     <span class='ocr_line' id='line_1_25' title="bbox 206 2423 1526 2509; baseline 0.005 -26"><span class='ocrx_word' id='word_1_220' title='bbox 206 2425 316 2495; x_wconf 80' lang='lat' dir='ltr'><strong><em>„milti</em></strong></span> <span class='ocrx_word' id='word_1_221' title='bbox 346 2447 454 2509; x_wconf 87' lang='lat' dir='ltr'><strong><em>neque</em></strong></span> <span class='ocrx_word' id='word_1_222' title='bbox 494 2423 779 2490; x_wconf 84' lang='lat' dir='ltr'><strong><em>dissimulandum</em></strong></span> <span class='ocrx_word' id='word_1_223' title='bbox 814 2444 920 2506; x_wconf 89' lang='lat' dir='ltr'><strong><em>neque</em></strong></span> <span class='ocrx_word' id='word_1_224' title='bbox 944 2428 1246 2503; x_wconf 85' lang='lat' dir='ltr'><strong><em>pertimescendum</em></strong></span> <span class='ocrx_word' id='word_1_225' title='bbox 1271 2427 1526 2493; x_wconf 84' lang='lat' dir='ltr'><strong><em>videretur:·ns</em></strong></span> 
     </span>
     <span class='ocr_line' id='line_1_26' title="bbox 207 2511 1528 2596; baseline 0.005 -24"><span class='ocrx_word' id='word_1_226' title='bbox 207 2522 295 2584; x_wconf 83' lang='lat' dir='ltr'><strong><em>„uut</em></strong></span> <span class='ocrx_word' id='word_1_227' title='bbox 314 2516 505 2596; x_wconf 79' lang='lat' dir='ltr'><strong><em>ignorando</em></strong></span> <span class='ocrx_word' id='word_1_228' title='bbox 525 2517 717 2579; x_wconf 89' lang='lat' dir='ltr'><strong><em>stultissimi</em></strong></span> <span class='ocrx_word' id='word_1_229' title='bbox 723 2520 753 2594; x_wconf 70' lang='lat'><strong><em>&#39;)</em></strong></span> <span class='ocrx_word' id='word_1_230' title='bbox 774 2511 1025 2577; x_wconf 87' lang='lat' dir='ltr'><strong><em>iudicaremur:</em></strong></span> <span class='ocrx_word' id='word_1_231' title='bbox 1049 2514 1098 2578; x_wconf 83' lang='lat' dir='ltr'><strong><em>bis</em></strong></span> <span class='ocrx_word' id='word_1_232' title='bbox 1120 2514 1316 2580; x_wconf 79' lang='lat' dir='ltr'><strong><em>absolutum</em></strong></span> <span class='ocrx_word' id='word_1_233' title='bbox 1340 2538 1409 2581; x_wconf 83' lang='lat' dir='ltr'><strong><em>esse</em></strong></span> <span class='ocrx_word' id='word_1_234' title='bbox 1442 2518 1528 2580; x_wconf 77' lang='lat' dir='ltr'><strong><em>Len·</em></strong></span> 
     </span>
     <span class='ocr_line' id='line_1_27' title="bbox 208 2601 1531 2680; baseline 0.008 -18"><span class='ocrx_word' id='word_1_235' title='bbox 208 2603 361 2680; x_wconf 86' lang='lat' dir='ltr'><strong><em>„tulum‚</em></strong></span> <span class='ocrx_word' id='word_1_236' title='bbox 385 2601 434 2667; x_wconf 82' lang='lat' dir='ltr'><strong><em>bis</em></strong></span> <span class='ocrx_word' id='word_1_237' title='bbox 458 2607 656 2670; x_wconf 82' lang='lat' dir='ltr'><strong><em>Catilinam:</em></strong></span> <span class='ocrx_word' id='word_1_238' title='bbox 676 2609 766 2672; x_wconf 77' lang='lat' dir='ltr'><strong><em>lzunc</em></strong></span> <span class='ocrx_word' id='word_1_239' title='bbox 790 2612 926 2670; x_wconf 86' lang='lat' dir='ltr'><strong><em>tertium</em></strong></span> <span class='ocrx_word' id='word_1_240' title='bbox 948 2607 1019 2667; x_wconf 90' lang='lat' dir='ltr'><strong><em>iam</em></strong></span> <span class='ocrx_word' id='word_1_241' title='bbox 1038 2625 1108 2669; x_wconf 86' lang='lat' dir='ltr'><strong><em>esse</em></strong></span> <span class='ocrx_word' id='word_1_242' title='bbox 1140 2605 1184 2668; x_wconf 84' lang='lat' dir='ltr'><strong><em>ub</em></strong></span> <span class='ocrx_word' id='word_1_243' title='bbox 1203 2607 1376 2674; x_wconf 74' lang='lat' dir='ltr'><strong><em>tudicdsus</em></strong></span> <span class='ocrx_word' id='word_1_244' title='bbox 1397 2614 1433 2669; x_wconf 89' lang='lat' dir='ltr'><strong><em>iu</em></strong></span> <span class='ocrx_word' id='word_1_245' title='bbox 1456 2627 1531 2673; x_wconf 88' lang='lat' dir='ltr'><strong><em>rem.</em></strong></span> 
     </span>
     <span class='ocr_line' id='line_1_28' title="bbox 208 2690 1530 2774; baseline 0.003 -21"><span class='ocrx_word' id='word_1_246' title='bbox 208 2690 409 2772; x_wconf 82' lang='lat' dir='ltr'><strong><em>„publicam</em></strong></span> <span class='ocrx_word' id='word_1_247' title='bbox 429 2697 624 2759; x_wconf 89' lang='lat' dir='ltr'><strong><em>immissum.</em></strong></span> <span class='ocrx_word' id='word_1_248' title='bbox 664 2697 766 2762; x_wconf 80' lang='lat' dir='ltr'><strong><em>Erras</em></strong></span> <span class='ocrx_word' id='word_1_249' title='bbox 781 2694 897 2759; x_wconf 79' lang='lat' dir='ltr'><strong><em>Clodi:</em></strong></span> <span class='ocrx_word' id='word_1_250' title='bbox 916 2715 984 2757; x_wconf 90' lang='lat' dir='ltr'><strong><em>non</em></strong></span> <span class='ocrx_word' id='word_1_251' title='bbox 1002 2703 1034 2757; x_wconf 89' lang='lat' dir='ltr'><strong><em>te</em></strong></span> <span class='ocrx_word' id='word_1_252' title='bbox 1055 2694 1183 2758; x_wconf 90' lang='lat' dir='ltr'><strong><em>iudices</em></strong></span> <span class='ocrx_word' id='word_1_253' title='bbox 1199 2695 1290 2774; x_wconf 84' lang='lat' dir='ltr'><strong><em>urbi,</em></strong></span> <span class='ocrx_word' id='word_1_254' title='bbox 1313 2696 1373 2760; x_wconf 89' lang='lat' dir='ltr'><strong><em>sed</em></strong></span> <span class='ocrx_word' id='word_1_255' title='bbox 1392 2697 1530 2759; x_wconf 83' lang='lat' dir='ltr'><strong><em>carceri</em></strong></span> 
     </span>
     <span class='ocr_line' id='line_1_29' title="bbox 208 2784 1527 2868; baseline 0.003 -24"><span class='ocrx_word' id='word_1_256' title='bbox 208 2794 460 2856; x_wconf 83' lang='lat' dir='ltr'><strong><em>„reservarunt:</em></strong></span> <span class='ocrx_word' id='word_1_257' title='bbox 479 2807 586 2868; x_wconf 85' lang='lat' dir='ltr'><strong><em>neque</em></strong></span> <span class='ocrx_word' id='word_1_258' title='bbox 608 2790 748 2853; x_wconf 75' lang='lat' dir='ltr'><strong><em>retinere</em></strong></span> <span class='ocrx_word' id='word_1_259' title='bbox 765 2785 799 2847; x_wconf 92' lang='lat' dir='ltr'><strong><em>in</em></strong></span> <span class='ocrx_word' id='word_1_260' title='bbox 813 2787 970 2864; x_wconf 85' lang='lat' dir='ltr'><strong><em>civitate,-</em></strong></span> <span class='ocrx_word' id='word_1_261' title='bbox 990 2784 1050 2849; x_wconf 88' lang='lat' dir='ltr'><strong><em>sed</em></strong></span> <span class='ocrx_word' id='word_1_262' title='bbox 1060 2785 1168 2848; x_wconf 84' lang='lat' dir='ltr'><strong><em>exilio</em></strong></span> <span class='ocrx_word' id='word_1_263' title='bbox 1181 2787 1315 2866; x_wconf 91' lang='lat' dir='ltr'><strong><em>privare</em></strong></span> <span class='ocrx_word' id='word_1_264' title='bbox 1338 2787 1527 2849; x_wconf 88' lang='lat' dir='ltr'><strong><em>valuerunt.</em></strong></span> 
     </span>
     <span class='ocr_line' id='line_1_30' title="bbox 208 2871 1526 2958; baseline 0.003 -24"><span class='ocrx_word' id='word_1_265' title='bbox 208 2871 478 2956; x_wconf 80' lang='lat' dir='ltr'><strong><em>„Quamobrem,</em></strong></span> <span class='ocrx_word' id='word_1_266' title='bbox 507 2885 622 2956; x_wconf 90' lang='lat' dir='ltr'><strong><em>patres</em></strong></span> <span class='ocrx_word' id='word_1_267' title='bbox 654 2877 859 2958; x_wconf 88' lang='lat' dir='ltr'><strong><em>conscripti,</em></strong></span> <span class='ocrx_word' id='word_1_268' title='bbox 892 2874 1013 2957; x_wconf 81' lang='lat' dir='ltr'><strong><em>erigite</em></strong></span> <span class='ocrx_word' id='word_1_269' title='bbox 1039 2876 1189 2951; x_wconf 89' lang='lat' dir='ltr'><strong><em>animos,</em></strong></span> <span class='ocrx_word' id='word_1_270' title='bbox 1220 2878 1356 2941; x_wconf 88' lang='lat' dir='ltr'><strong><em>retinete</em></strong></span> <span class='ocrx_word' id='word_1_271' title='bbox 1384 2886 1526 2948; x_wconf 86' lang='lat' dir='ltr'><strong><em>vestram</em></strong></span> 
     </span>
     <span class='ocr_line' id='line_1_31' title="bbox 207 2962 1527 3048; baseline 0.002 -23"><span class='ocrx_word' id='word_1_272' title='bbox 207 2962 445 3048; x_wconf 75' lang='lat' dir='ltr'><strong><em>„dignitatem</em></strong></span> <span class='ocrx_word' id='word_1_273' title='bbox 488 2967 607 3033; x_wconf 83' lang='lat' dir='ltr'><strong><em>lltunet</em></strong></span> <span class='ocrx_word' id='word_1_274' title='bbox 632 2969 697 3030; x_wconf 92' lang='lat' dir='ltr'><strong><em>illa</em></strong></span> <span class='ocrx_word' id='word_1_275' title='bbox 724 2972 757 3030; x_wconf 95' lang='lat' dir='ltr'><strong><em>in</em></strong></span> <span class='ocrx_word' id='word_1_276' title='bbox 783 2964 982 3047; x_wconf 83' lang='lat' dir='ltr'><strong><em>republica</em></strong></span> <span class='ocrx_word' id='word_1_277' title='bbox 1007 2963 1173 3029; x_wconf 82' lang='lat' dir='ltr'><strong><em>bonorum</em></strong></span> <span class='ocrx_word' id='word_1_278' title='bbox 1203 2968 1395 3029; x_wconf 85' lang='lat' dir='ltr'><strong><em>consensio:</em></strong></span> <span class='ocrx_word' id='word_1_279' title='bbox 1426 2964 1527 3028; x_wconf 90' lang='lat' dir='ltr'><strong><em>dolor</em></strong></span> 
     </span>
     <span class='ocr_line' id='line_1_32' title="bbox 208 3054 1525 3135; baseline 0.001 -20"><span class='ocrx_word' id='word_1_280' title='bbox 208 3057 377 3127; x_wconf 86' lang='lat' dir='ltr'><strong><em>„accessit</em></strong></span> <span class='ocrx_word' id='word_1_281' title='bbox 388 3054 486 3122; x_wconf 77' lang='lat' dir='ltr'><strong><em>ltouis</em></strong></span> <span class='ocrx_word' id='word_1_282' title='bbox 505 3061 602 3135; x_wconf 90' lang='lat' dir='ltr'><strong><em>viris,·</em></strong></span> <span class='ocrx_word' id='word_1_283' title='bbox 617 3061 719 3120; x_wconf 87' lang='lat' dir='ltr'><strong><em>virtus</em></strong></span> <span class='ocrx_word' id='word_1_284' title='bbox 738 3080 804 3121; x_wconf 92' lang='lat' dir='ltr'><strong><em>non</em></strong></span> <span class='ocrx_word' id='word_1_285' title='bbox 818 3066 866 3120; x_wconf 91' lang='lat' dir='ltr'><strong><em>est</em></strong></span> <span class='ocrx_word' id='word_1_286' title='bbox 880 3058 1077 3118; x_wconf 87' lang='lat' dir='ltr'><strong><em>imminuta:</em></strong></span> <span class='ocrx_word' id='word_1_287' title='bbox 1098 3057 1183 3118; x_wconf 76' lang='lat' dir='ltr'><strong><em>matt</em></strong></span> <span class='ocrx_word' id='word_1_288' title='bbox 1197 3066 1246 3118; x_wconf 89' lang='lat' dir='ltr'><strong><em>est</em></strong></span> <span class='ocrx_word' id='word_1_289' title='bbox 1260 3055 1376 3118; x_wconf 90' lang='lat' dir='ltr'><strong><em>damni</em></strong></span> <span class='ocrx_word' id='word_1_290' title='bbox 1379 3054 1525 3133; x_wconf 87' lang='lat' dir='ltr'><strong><em>sactum</em></strong></span> 
     </span>
     <span class='ocr_line' id='line_1_33' title="bbox 208 3144 1525 3228; baseline -0.001 -21"><span class='ocrx_word' id='word_1_291' title='bbox 208 3147 329 3223; x_wconf 88' lang='lat' dir='ltr'><strong><em>„novi,·</em></strong></span> <span class='ocrx_word' id='word_1_292' title='bbox 349 3144 422 3211; x_wconf 79' lang='lat' dir='ltr'><strong><em>sed.</em></strong></span> <span class='ocrx_word' id='word_1_293' title='bbox 446 3148 542 3228; x_wconf 88' lang='lat' dir='ltr'><strong><em>quod</em></strong></span> <span class='ocrx_word' id='word_1_294' title='bbox 562 3157 657 3224; x_wconf 88' lang='lat' dir='ltr'><strong><em>erat,</em></strong></span> <span class='ocrx_word' id='word_1_295' title='bbox 678 3150 845 3212; x_wconf 89' lang='lat' dir='ltr'><strong><em>inventum</em></strong></span> <span class='ocrx_word' id='word_1_296' title='bbox 860 3157 925 3210; x_wconf 83' lang='lat' dir='ltr'><strong><em>est:</em></strong></span> <span class='ocrx_word' id='word_1_297' title='bbox 946 3149 979 3208; x_wconf 95' lang='lat' dir='ltr'><strong><em>in</em></strong></span> <span class='ocrx_word' id='word_1_298' title='bbox 994 3148 1092 3211; x_wconf 78' lang='lat' dir='ltr'><strong><em>uniu‘s</em></strong></span> <span class='ocrx_word' id='word_1_299' title='bbox 1106 3147 1250 3208; x_wconf 77' lang='lat' dir='ltr'><strong><em>hominis</em></strong></span> <span class='ocrx_word' id='word_1_300' title='bbox 1259 3144 1384 3226; x_wconf 89' lang='lat' dir='ltr'><strong><em>perditi</em></strong></span> <span class='ocrx_word' id='word_1_301' title='bbox 1395 3144 1525 3207; x_wconf 91' lang='lat' dir='ltr'><strong><em>iudicio</em></strong></span> 
     </span>
     <span class='ocr_line' id='line_1_34' title="bbox 208 3232 1528 3318; baseline -0.001 -20"><span class='ocrx_word' id='word_1_302' title='bbox 208 3237 348 3318; x_wconf 79' lang='lat' dir='ltr'><strong><em>„plures</em></strong></span> <span class='ocrx_word' id='word_1_303' title='bbox 372 3237 495 3300; x_wconf 86' lang='lat' dir='ltr'><strong><em>similes</em></strong></span> <span class='ocrx_word' id='word_1_304' title='bbox 526 3241 651 3318; x_wconf 88' lang='lat' dir='ltr'><strong><em>reperti</em></strong></span> <span class='ocrx_word' id='word_1_305' title='bbox 673 3247 760 3300; x_wconf 87' lang='lat' dir='ltr'><strong><em>sunt.</em></strong></span> <span class='ocrx_word' id='word_1_306' title='bbox 802 3235 870 3299; x_wconf 85' lang='lat' dir='ltr'><strong><em>Sed</em></strong></span> <span class='ocrx_word' id='word_1_307' title='bbox 902 3235 987 3318; x_wconf 87' lang='lat' dir='ltr'><strong><em>quid</em></strong></span> <span class='ocrx_word' id='word_1_308' title='bbox 1014 3232 1109 3317; x_wconf 77' lang='lat' dir='ltr'><strong><em>ago?</em></strong></span> <span class='ocrx_word' id='word_1_309' title='bbox 1138 3254 1246 3314; x_wconf 89' lang='lat' dir='ltr'><strong><em>paene</em></strong></span> <span class='ocrx_word' id='word_1_310' title='bbox 1274 3237 1463 3298; x_wconf 90' lang='lat' dir='ltr'><strong><em>orationem</em></strong></span> <span class='ocrx_word' id='word_1_311' title='bbox 1493 3236 1528 3298; x_wconf 91' lang='lat' dir='ltr'><strong><em>in</em></strong></span> 
     </span>
     <span class='ocr_line' id='line_1_35' title="bbox 209 3321 1529 3407; baseline -0.003 -18"><span class='ocrx_word' id='word_1_312' title='bbox 209 3327 417 3407; x_wconf 81' lang='lat' dir='ltr'><strong><em>„epistulam</em></strong></span> <span class='ocrx_word' id='word_1_313' title='bbox 452 3327 587 3392; x_wconf 91' lang='lat' dir='ltr'><strong><em>inclusi.</em></strong></span> <span class='ocrx_word' id='word_1_314' title='bbox 637 3327 744 3391; x_wconf 87' lang='lat' dir='ltr'><strong><em>lledeo</em></strong></span> <span class='ocrx_word' id='word_1_315' title='bbox 778 3325 827 3388; x_wconf 90' lang='lat' dir='ltr'><strong><em>ad</em></strong></span> <span class='ocrx_word' id='word_1_316' title='bbox 856 3326 1128 3390; x_wconf 86' lang='lat' dir='ltr'><strong><em>altercationem.</em></strong></span> <span class='ocrx_word' id='word_1_317' title='bbox 1182 3321 1304 3406; x_wconf 81' lang='lat' dir='ltr'><strong><em>Surgit</em></strong></span> <span class='ocrx_word' id='word_1_318' title='bbox 1332 3323 1529 3403; x_wconf 78' lang='lat' dir='ltr'><strong><em>pulchellus</em></strong></span> 
     </span>
     <span class='ocr_line' id='line_1_36' title="bbox 209 3413 1531 3498; baseline -0.001 -21"><span class='ocrx_word' id='word_1_319' title='bbox 209 3434 339 3495; x_wconf 83' lang='lat' dir='ltr'><strong><em>„puer:</em></strong></span> <span class='ocrx_word' id='word_1_320' title='bbox 361 3415 480 3478; x_wconf 83' lang='lat' dir='ltr'><strong><em>obiicit</em></strong></span> <span class='ocrx_word' id='word_1_321' title='bbox 498 3418 598 3493; x_wconf 77' lang='lat' dir='ltr'><strong><em>mint,</em></strong></span> <span class='ocrx_word' id='word_1_322' title='bbox 622 3438 673 3481; x_wconf 93' lang='lat' dir='ltr'><strong><em>me</em></strong></span> <span class='ocrx_word' id='word_1_323' title='bbox 697 3416 745 3478; x_wconf 91' lang='lat' dir='ltr'><strong><em>ud</em></strong></span> <span class='ocrx_word' id='word_1_324' title='bbox 765 3414 866 3478; x_wconf 84' lang='lat' dir='ltr'><strong><em>Boias</em></strong></span> <span class='ocrx_word' id='word_1_325' title='bbox 880 3415 1005 3494; x_wconf 88' lang='lat' dir='ltr'><strong><em>fuisse.</em></strong></span> <span class='ocrx_word' id='word_1_326' title='bbox 1046 3417 1204 3492; x_wconf 77' lang='lat' dir='ltr'><strong><em>Falsum3</em></strong></span> <span class='ocrx_word' id='word_1_327' title='bbox 1234 3415 1293 3479; x_wconf 91' lang='lat' dir='ltr'><strong><em>sed</em></strong></span> <span class='ocrx_word' id='word_1_328' title='bbox 1308 3422 1420 3477; x_wconf 84' lang='lat' dir='ltr'><strong><em>tamen</em></strong></span> <span class='ocrx_word' id='word_1_329' title='bbox 1446 3413 1531 3498; x_wconf 84' lang='lat' dir='ltr'><strong><em>quid</em></strong></span> 
     </span>
     <span class='ocr_line' id='line_1_37' title="bbox 210 3501 1530 3589; baseline 0.001 -23"><span class='ocrx_word' id='word_1_330' title='bbox 210 3504 325 3578; x_wconf 72' lang='lat' dir='ltr'><strong><em>„loci</em></strong></span> <span class='ocrx_word' id='word_1_331' title='bbox 358 3506 476 3570; x_wconf 90' lang='lat' dir='ltr'><strong><em>Simile</em></strong></span> <span class='ocrx_word' id='word_1_332' title='bbox 504 3517 572 3585; x_wconf 88' lang='lat' dir='ltr'><strong><em>est,</em></strong></span> <span class='ocrx_word' id='word_1_333' title='bbox 604 3509 764 3589; x_wconf 81' lang='lat' dir='ltr'><strong><em>inquam,</em></strong></span> <span class='ocrx_word' id='word_1_334' title='bbox 797 3507 901 3586; x_wconf 89' lang='lat' dir='ltr'><strong><em>quusi</em></strong></span> <span class='ocrx_word' id='word_1_335' title='bbox 928 3507 962 3566; x_wconf 92' lang='lat' dir='ltr'><strong><em>in</em></strong></span> <span class='ocrx_word' id='word_1_336' title='bbox 990 3514 1109 3585; x_wconf 82' lang='lat' dir='ltr'><strong><em>operto</em></strong></span> <span class='ocrx_word' id='word_1_337' title='bbox 1138 3503 1233 3566; x_wconf 89' lang='lat' dir='ltr'><strong><em>dicus</em></strong></span> <span class='ocrx_word' id='word_1_338' title='bbox 1258 3501 1378 3581; x_wconf 82' lang='lat' dir='ltr'><strong><em>fuisse.</em></strong></span> <span class='ocrx_word' id='word_1_339' title='bbox 1420 3503 1530 3584; x_wconf 79' lang='lat' dir='ltr'><strong><em>Quid,</em></strong></span> 
     </span>
     <span class='ocr_line' id='line_1_38' title="bbox 210 3594 1530 3679; baseline 0.002 -25"><span class='ocrx_word' id='word_1_340' title='bbox 210 3596 360 3677; x_wconf 82' lang='lat' dir='ltr'><strong><em>„inquit,</em></strong></span> <span class='ocrx_word' id='word_1_341' title='bbox 381 3597 511 3660; x_wconf 78' lang='lat' dir='ltr'><strong><em>homini</em></strong></span> <span class='ocrx_word' id='word_1_342' title='bbox 521 3596 678 3677; x_wconf 79' lang='lat' dir='ltr'><strong><em>Arpinati</em></strong></span> <span class='ocrx_word' id='word_1_343' title='bbox 696 3617 775 3659; x_wconf 92' lang='lat' dir='ltr'><strong><em>cum</em></strong></span> <span class='ocrx_word' id='word_1_344' title='bbox 786 3594 1046 3679; x_wconf 78' lang='lat' dir='ltr'><strong><em>aquiscalidis?</em></strong></span> <span class='ocrx_word' id='word_1_345' title='bbox 1065 3596 1200 3672; x_wconf 86' lang='lat' dir='ltr'><strong><em>Narra,</em></strong></span> <span class='ocrx_word' id='word_1_346' title='bbox 1212 3597 1530 3676; x_wconf 83' lang='lat' dir='ltr'><strong><em>inquam‚patrono</em></strong></span> 
     </span>
     <span class='ocr_line' id='line_1_39' title="bbox 209 3684 1529 3771; baseline 0 -24"><span class='ocrx_word' id='word_1_347' title='bbox 209 3695 312 3766; x_wconf 85' lang='lat' dir='ltr'><strong><em>„tuo‚</em></strong></span> <span class='ocrx_word' id='word_1_348' title='bbox 344 3685 415 3771; x_wconf 79' lang='lat' dir='ltr'><strong><em>qui</em></strong></span> <span class='ocrx_word' id='word_1_349' title='bbox 436 3685 621 3769; x_wconf 89' lang='lat' dir='ltr'><strong><em>Arpinates</em></strong></span> <span class='ocrx_word' id='word_1_350' title='bbox 652 3706 763 3770; x_wconf 86' lang='lat' dir='ltr'><strong><em>aquus</em></strong></span> <span class='ocrx_word' id='word_1_351' title='bbox 795 3690 1009 3768; x_wconf 86' lang='lat' dir='ltr'><strong><em>concupivit,·</em></strong></span> <span class='ocrx_word' id='word_1_352' title='bbox 1043 3689 1133 3750; x_wconf 90' lang='lat' dir='ltr'><strong><em>nosti</em></strong></span> <span class='ocrx_word' id='word_1_353' title='bbox 1161 3688 1249 3751; x_wconf 86' lang='lat' dir='ltr'><strong><em>enim</em></strong></span> <span class='ocrx_word' id='word_1_354' title='bbox 1282 3684 1529 3766; x_wconf 82' lang='lat' dir='ltr'><strong><em>Marianas”).</em></strong></span> 
     </span>
     <span class='ocr_line' id='line_1_40' title="bbox 154 3773 1531 3862; baseline -0.004 -22"><span class='ocrx_word' id='word_1_355' title='bbox 154 3792 158 3800; x_wconf 87' lang='lat'>·</span> <span class='ocrx_word' id='word_1_356' title='bbox 210 3826 226 3851; x_wconf 86' lang='grc'><strong><em>,.</em></strong></span> <span class='ocrx_word' id='word_1_357' title='bbox 239 3778 442 3862; x_wconf 81' lang='lat' dir='ltr'><strong><em>Quousque,</em></strong></span> <span class='ocrx_word' id='word_1_358' title='bbox 463 3781 591 3861; x_wconf 73' lang='lat' dir='ltr'><strong><em>inquit,</em></strong></span> <span class='ocrx_word' id='word_1_359' title='bbox 613 3778 702 3840; x_wconf 81' lang='lat' dir='ltr'><strong><em>lsunc</em></strong></span> <span class='ocrx_word' id='word_1_360' title='bbox 718 3797 832 3858; x_wconf 78' lang='lat' dir='ltr'><strong><em>regem</em></strong></span> <span class='ocrx_word' id='word_1_361' title='bbox 838 3774 1023 3855; x_wconf 73' lang='lat' dir='ltr'><strong><em>feremus?</em></strong></span> <span class='ocrx_word' id='word_1_362' title='bbox 1042 3777 1164 3858; x_wconf 79' lang='lat' dir='ltr'><strong><em>liegem</em></strong></span> <span class='ocrx_word' id='word_1_363' title='bbox 1177 3773 1355 3856; x_wconf 86' lang='lat' dir='ltr'><strong><em>appellus,</em></strong></span> <span class='ocrx_word' id='word_1_364' title='bbox 1376 3775 1531 3856; x_wconf 81' lang='lat' dir='ltr'><strong><em>inquam,</em></strong></span> 
     </span>
     <span class='ocr_line' id='line_1_41' title="bbox 210 3863 1532 3951; baseline -0.003 -21"><span class='ocrx_word' id='word_1_365' title='bbox 210 3888 342 3951; x_wconf 84' lang='lat' dir='ltr'><strong><em>„quum</em></strong></span> <span class='ocrx_word' id='word_1_366' title='bbox 357 3869 424 3932; x_wconf 77' lang='lat' dir='ltr'><strong><em>lieu</em></strong></span> <span class='ocrx_word' id='word_1_367' title='bbox 451 3871 506 3931; x_wconf 90' lang='lat' dir='ltr'><strong><em>tui</em></strong></span> <span class='ocrx_word' id='word_1_368' title='bbox 525 3871 725 3933; x_wconf 85' lang='lat' dir='ltr'><strong><em>mentionem</em></strong></span> <span class='ocrx_word' id='word_1_369' title='bbox 739 3864 873 3929; x_wconf 89' lang='lat' dir='ltr'><strong><em>nullam</em></strong></span> <span class='ocrx_word' id='word_1_370' title='bbox 885 3865 1035 3944; x_wconf 71' lang='lat' dir='ltr'><strong><em>fecerit?</em></strong></span> <span class='ocrx_word' id='word_1_371' title='bbox 1056 3866 1119 3928; x_wconf 90' lang='lat' dir='ltr'><strong><em>llle</em></strong></span> <span class='ocrx_word' id='word_1_372' title='bbox 1145 3874 1259 3929; x_wconf 87' lang='lat' dir='ltr'><strong><em>autem</em></strong></span> <span class='ocrx_word' id='word_1_373' title='bbox 1283 3863 1379 3945; x_wconf 75' lang='lat' dir='ltr'><strong><em>Regis</em></strong></span> <span class='ocrx_word' id='word_1_374' title='bbox 1402 3864 1532 3929; x_wconf 74' lang='lat' dir='ltr'><strong><em>heredi·</em></strong></span> 
     </span>
     <span class='ocr_line' id='line_1_42' title="bbox 211 3955 1531 4039; baseline -0.002 -21"><span class='ocrx_word' id='word_1_375' title='bbox 211 3967 337 4031; x_wconf 83' lang='lat' dir='ltr'><strong><em>„tatem</em></strong></span> <span class='ocrx_word' id='word_1_376' title='bbox 367 3979 425 4039; x_wconf 85' lang='lat' dir='ltr'><strong><em>spe</em></strong></span> <span class='ocrx_word' id='word_1_377' title='bbox 454 3959 643 4023; x_wconf 90' lang='lat' dir='ltr'><strong><em>devorarat.</em></strong></span> <span class='ocrx_word' id='word_1_378' title='bbox 694 3955 859 4023; x_wconf 78' lang='lat' dir='ltr'><strong><em>Domum,</em></strong></span> <span class='ocrx_word' id='word_1_379' title='bbox 891 3957 1015 4038; x_wconf 90' lang='lat' dir='ltr'><strong><em>inquit,</em></strong></span> <span class='ocrx_word' id='word_1_380' title='bbox 1047 3958 1166 4020; x_wconf 89' lang='lat' dir='ltr'><strong><em>emisti.</em></strong></span> <span class='ocrx_word' id='word_1_381' title='bbox 1217 3955 1338 4031; x_wconf 84' lang='lat' dir='ltr'><strong><em>l&#39;utus,</em></strong></span> <span class='ocrx_word' id='word_1_382' title='bbox 1370 3956 1531 4036; x_wconf 84' lang='lat' dir='ltr'><strong><em>inquam,</em></strong></span> 
     </span>
     <span class='ocr_line' id='line_1_43' title="bbox 211 4044 1534 4131; baseline -0.001 -21"><span class='ocrx_word' id='word_1_383' title='bbox 211 4096 226 4121; x_wconf 88' lang='lat'><strong><em>‚‚</em></strong></span> <span class='ocrx_word' id='word_1_384' title='bbox 234 4048 363 4131; x_wconf 84' lang='lat' dir='ltr'><strong><em>dicere,</em></strong></span> <span class='ocrx_word' id='word_1_385' title='bbox 384 4048 512 4114; x_wconf 89' lang='lat' dir='ltr'><strong><em>iudices</em></strong></span> <span class='ocrx_word' id='word_1_386' title='bbox 532 4047 666 4113; x_wconf 75' lang='lat' dir='ltr'><strong><em>emisti?</em></strong></span> <span class='ocrx_word' id='word_1_387' title='bbox 688 4047 836 4119; x_wconf 87' lang='lat' dir='ltr'><strong><em>iuranti,</em></strong></span> <span class='ocrx_word' id='word_1_388' title='bbox 860 4049 987 4129; x_wconf 85' lang='lat' dir='ltr'><strong><em>inquit.</em></strong></span> <span class='ocrx_word' id='word_1_389' title='bbox 1009 4045 1072 4109; x_wconf 79' lang='lat' dir='ltr'><strong><em>tibi</em></strong></span> <span class='ocrx_word' id='word_1_390' title='bbox 1090 4067 1157 4107; x_wconf 92' lang='lat' dir='ltr'><strong><em>non</em></strong></span> <span class='ocrx_word' id='word_1_391' title='bbox 1179 4044 1400 4110; x_wconf 85' lang='lat' dir='ltr'><strong><em>crediderunt.</em></strong></span> <span class='ocrx_word' id='word_1_392' title='bbox 1440 4045 1534 4109; x_wconf 75' lang='lat' dir='ltr'><strong><em>otus</em></strong></span> 
     </span>
     <span class='ocr_line' id='line_1_44' title="bbox 209 4135 1530 4222; baseline -0.002 -22"><span class='ocrx_word' id='word_1_393' title='bbox 209 4187 226 4214; x_wconf 82' lang='lat'>„</span> <span class='ocrx_word' id='word_1_394' title='bbox 236 4159 334 4215; x_wconf 87' lang='lat' dir='ltr'><strong><em>vero,</em></strong></span> <span class='ocrx_word' id='word_1_395' title='bbox 348 4141 508 4222; x_wconf 85' lang='lat' dir='ltr'><strong><em>inquom,</em></strong></span> <span class='ocrx_word' id='word_1_396' title='bbox 521 4139 634 4203; x_wconf 86' lang='lat' dir='ltr'><strong><em>XXV.</em></strong></span> <span class='ocrx_word' id='word_1_397' title='bbox 649 4136 777 4201; x_wconf 89' lang='lat' dir='ltr'><strong><em>iudices</em></strong></span> <span class='ocrx_word' id='word_1_398' title='bbox 792 4136 1021 4201; x_wconf 86' lang='lat' dir='ltr'><strong><em>crediderunt:</em></strong></span> <span class='ocrx_word' id='word_1_399' title='bbox 1040 4136 1153 4198; x_wconf 87' lang='lat' dir='ltr'><strong><em>XXX</em></strong></span> <span class='ocrx_word' id='word_1_400' title='bbox 1155 4135 1181 4202; x_wconf 85' lang='lat' dir='ltr'><strong><em>l.</em></strong></span> <span class='ocrx_word' id='word_1_401' title='bbox 1197 4138 1359 4217; x_wconf 90' lang='lat' dir='ltr'><strong><em>quonium</em></strong></span> <span class='ocrx_word' id='word_1_402' title='bbox 1373 4157 1530 4200; x_wconf 91' lang='lat' dir='ltr'><strong><em>nummos</em></strong></span> 
     </span>
     <span class='ocr_line' id='line_1_45' title="bbox 211 4224 1531 4310; baseline -0.001 -20"><span class='ocrx_word' id='word_1_403' title='bbox 211 4237 314 4303; x_wconf 83' lang='lat' dir='ltr'><strong><em>„unte</em></strong></span> <span class='ocrx_word' id='word_1_404' title='bbox 329 4239 555 4310; x_wconf 87' lang='lat' dir='ltr'><strong><em>acceperunt,</em></strong></span> <span class='ocrx_word' id='word_1_405' title='bbox 575 4228 638 4291; x_wconf 85' lang='lat' dir='ltr'><strong><em>tibi</em></strong></span> <span class='ocrx_word' id='word_1_406' title='bbox 657 4228 708 4290; x_wconf 92' lang='lat' dir='ltr'><strong><em>nil</em></strong></span> <span class='ocrx_word' id='word_1_407' title='bbox 728 4227 951 4292; x_wconf 88' lang='lat' dir='ltr'><strong><em>crediderunt.</em></strong></span> <span class='ocrx_word' id='word_1_408' title='bbox 983 4227 1126 4308; x_wconf 81' lang='lat' dir='ltr'><strong><em>Magnis</em></strong></span> <span class='ocrx_word' id='word_1_409' title='bbox 1148 4224 1355 4288; x_wconf 77' lang='lat' dir='ltr'><strong><em>clamonlsus</em></strong></span> <span class='ocrx_word' id='word_1_410' title='bbox 1377 4225 1531 4303; x_wconf 81' lang='lat' dir='ltr'><strong><em>afflictus</em></strong></span> 
     </span>
    </p>
   </div>
   <div class='ocr_carea' id='block_1_3' title="bbox 1362 4333 1533 4349">
    <p class='ocr_par' dir='ltr' id='par_1_3' title="bbox 1362 4333 1533 4349">
     <span class='ocr_line' id='line_1_46' title="bbox 1362 4333 1533 4349; baseline 0.018 -7"><span class='ocrx_word' id='word_1_411' title='bbox 1362 4333 1533 4349; x_wconf 60' lang='lat'><strong><em>—-</em></strong></span> 
     </span>
    </p>
   </div>
   <div class='ocr_carea' id='block_1_4' title="bbox 186 4369 1533 4602">
    <p class='ocr_par' dir='ltr' id='par_1_4' title="bbox 186 4369 1533 4602">
     <span class='ocr_line' id='line_1_47' title="bbox 286 4369 1533 4470; baseline 0 -21"><span class='ocrx_word' id='word_1_412' title='bbox 286 4401 315 4470; x_wconf 74' lang='lat'><strong><em>¹¹¹)</em></strong></span> <span class='ocrx_word' id='word_1_413' title='bbox 337 4399 440 4451; x_wconf 84' lang='lat' dir='ltr'><strong><em>Locum</em></strong></span> <span class='ocrx_word' id='word_1_414' title='bbox 460 4398 584 4453; x_wconf 75' lang='lat' dir='ltr'><strong><em>hiantem</em></strong></span> <span class='ocrx_word' id='word_1_415' title='bbox 605 4397 754 4452; x_wconf 80' lang='lat' dir='ltr'><strong><em>Lambinus</em></strong></span> <span class='ocrx_word' id='word_1_416' title='bbox 780 4369 901 4451; x_wconf 52' lang='grc' dir='ltr'><strong><em>οιόοᾶ.</em></strong></span> <span class='ocrx_word' id='word_1_417' title='bbox 926 4395 1042 4451; x_wconf 83' lang='lat' dir='ltr'><strong><em>Memm.</em></strong></span> <span class='ocrx_word' id='word_1_418' title='bbox 1071 4394 1197 4469; x_wconf 71' lang='lat' dir='ltr'><strong><em>explebat</em></strong></span> <span class='ocrx_word' id='word_1_419' title='bbox 1218 4400 1276 4448; x_wconf 84' lang='lat' dir='ltr'><strong><em>sic:</em></strong></span> <span class='ocrx_word' id='word_1_420' title='bbox 1307 4403 1358 4446; x_wconf 86' lang='lat' dir='ltr'><strong><em>aut</em></strong></span> <span class='ocrx_word' id='word_1_421' title='bbox 1383 4396 1533 4449; x_wconf 77' lang='lat' dir='ltr'><strong><em>metesendo</em></strong></span> 
     </span>
     <span class='ocr_line' id='line_1_48' title="bbox 186 4469 1532 4545; baseline 0.001 -21"><span class='ocrx_word' id='word_1_422' title='bbox 186 4530 189 4534; x_wconf 15' lang='grc' dir='ltr'><em>Α</em></span> <span class='ocrx_word' id='word_1_423' title='bbox 211 4478 407 4541; x_wconf 76' lang='lat' dir='ltr'><strong><em>ignavissimi,</em></strong></span> <span class='ocrx_word' id='word_1_424' title='bbox 434 4489 464 4526; x_wconf 86' lang='lat' dir='ltr'><strong><em>ut</em></strong></span> <span class='ocrx_word' id='word_1_425' title='bbox 484 4473 518 4527; x_wconf 85' lang='lat' dir='ltr'><strong><em>cl.</em></strong></span> <span class='ocrx_word' id='word_1_426' title='bbox 538 4475 652 4528; x_wconf 81' lang='lat' dir='ltr'><strong><em>Beicrus</em></strong></span> <span class='ocrx_word' id='word_1_427' title='bbox 672 4472 797 4528; x_wconf 70' lang='lat' dir='ltr'><strong><em>adnotat.</em></strong></span> <span class='ocrx_word' id='word_1_428' title='bbox 847 4473 906 4545; x_wconf 78' lang='lat' dir='ltr'><strong><em>Ego</em></strong></span> <span class='ocrx_word' id='word_1_429' title='bbox 926 4476 954 4525; x_wconf 86' lang='lat' dir='ltr'><strong><em>in</em></strong></span> <span class='ocrx_word' id='word_1_430' title='bbox 975 4469 1056 4526; x_wconf 86' lang='lat' dir='ltr'><strong><em>codd.</em></strong></span> <span class='ocrx_word' id='word_1_431' title='bbox 1077 4470 1269 4524; x_wconf 76' lang='lat' dir='ltr'><strong><em>Ambrosisuis</em></strong></span> <span class='ocrx_word' id='word_1_432' title='bbox 1289 4470 1395 4523; x_wconf 87' lang='lat' dir='ltr'><strong><em>nullum</em></strong></span> <span class='ocrx_word' id='word_1_433' title='bbox 1417 4472 1532 4545; x_wconf 79' lang='lat' dir='ltr'><strong><em>supple·</em></strong></span> 
     </span>
     <span class='ocr_line' id='line_1_49' title="bbox 211 4547 537 4602; baseline 0.003 -1"><span class='ocrx_word' id='word_1_434' title='bbox 211 4565 335 4602; x_wconf 74' lang='lat' dir='ltr'><strong><em>metitum</em></strong></span> <span class='ocrx_word' id='word_1_435' title='bbox 355 4547 537 4602; x_wconf 68' lang='lat' dir='ltr'><strong><em>inveniebam.</em></strong></span> 
     </span>
    </p>
   </div>
   <div class='ocr_carea' id='block_1_5' title="bbox 211 4620 1531 4774">
    <p class='ocr_par' dir='ltr' id='par_1_5' title="bbox 211 4620 1531 4774">
     <span class='ocr_line' id='line_1_50' title="bbox 286 4620 1531 4698; baseline 0.001 -23"><span class='ocrx_word' id='word_1_436' title='bbox 286 4627 332 4689; x_wconf 71' lang='grc'><strong><em>**)</em></strong></span> <span class='ocrx_word' id='word_1_437' title='bbox 353 4625 394 4677; x_wconf 73' lang='lat' dir='ltr'><strong><em>ltu</em></strong></span> <span class='ocrx_word' id='word_1_438' title='bbox 414 4641 484 4678; x_wconf 87' lang='lat' dir='ltr'><strong><em>unus</em></strong></span> <span class='ocrx_word' id='word_1_439' title='bbox 504 4622 589 4676; x_wconf 77' lang='lat' dir='ltr'><strong><em>codex</em></strong></span> <span class='ocrx_word' id='word_1_440' title='bbox 614 4623 687 4698; x_wconf 80' lang='lat' dir='ltr'><strong><em>opud</em></strong></span> <span class='ocrx_word' id='word_1_441' title='bbox 713 4623 860 4688; x_wconf 74' lang='lat' dir='ltr'><strong><em>Urvinum,</em></strong></span> <span class='ocrx_word' id='word_1_442' title='bbox 894 4640 944 4696; x_wconf 83' lang='lat' dir='ltr'><strong><em>pro</em></strong></span> <span class='ocrx_word' id='word_1_443' title='bbox 970 4627 1112 4682; x_wconf 71' lang='lat' dir='ltr'><strong><em>madum,-</em></strong></span> <span class='ocrx_word' id='word_1_444' title='bbox 1145 4639 1175 4676; x_wconf 84' lang='lat' dir='ltr'><strong><em>ut</em></strong></span> <span class='ocrx_word' id='word_1_445' title='bbox 1196 4620 1327 4676; x_wconf 76' lang='lat' dir='ltr'><strong><em>admonet</em></strong></span> <span class='ocrx_word' id='word_1_446' title='bbox 1348 4620 1384 4675; x_wconf 85' lang='lat' dir='ltr'><strong><em>cl.</em></strong></span> <span class='ocrx_word' id='word_1_447' title='bbox 1405 4624 1531 4677; x_wconf 81' lang='lat' dir='ltr'><strong><em>Beierus.</em></strong></span> 
     </span>
     <span class='ocr_line' id='line_1_51' title="bbox 211 4692 597 4774; baseline 0.016 -24"><span class='ocrx_word' id='word_1_448' title='bbox 211 4697 310 4752; x_wconf 78' lang='lat' dir='ltr'><strong><em>Cocles</em></strong></span> <span class='ocrx_word' id='word_1_449' title='bbox 331 4699 401 4753; x_wconf 73' lang='lat' dir='ltr'><strong><em>inlr·</em></strong></span> <span class='ocrx_word' id='word_1_450' title='bbox 421 4715 482 4774; x_wconf 66' lang='lat' dir='ltr'><strong><em>vop.</em></strong></span> <span class='ocrx_word' id='word_1_451' title='bbox 504 4692 597 4756; x_wconf 45' lang='lat' dir='ltr'><strong><em>illst-²</em></strong></span> 
     </span>
    </p>
   </div>
   <div class='ocr_carea' id='block_1_6' title="bbox 0 0 1613 5280">
    <p class='ocr_par' dir='ltr' id='par_1_6' title="bbox 0 0 1613 5280">
     <span class='ocr_line' id='line_1_52' title="bbox 0 0 1613 5280; baseline 0 0"><span class='ocrx_word' id='word_1_452' title='bbox 0 0 1613 5280; x_wconf 95' lang='lat' dir='ltr'><strong><em> </em></strong></span> 
     </span>
    </p>
   </div>
  </div>
 </body>
</html>
