<?xml version="1.0" encoding="UTF-8"?>
<!DOCTYPE html PUBLIC "-//W3C//DTD XHTML 1.0 Transitional//EN"
    "http://www.w3.org/TR/xhtml1/DTD/xhtml1-transitional.dtd">
<html xmlns="http://www.w3.org/1999/xhtml" xml:lang="en" lang="en">
 <head>
  <title>
</title>
<meta http-equiv="Content-Type" content="text/html;charset=utf-8" />
  <meta name='ocr-system' content='tesseract 3.04.00' />
  <meta name='ocr-capabilities' content='ocr_page ocr_carea ocr_par ocr_line ocrx_word'/>
</head>
<body>
  <div class='ocr_page' id='page_1' title='image "./operaquaesupers03halmgoog/operaquaesupers03halmgoog_0347.png"; bbox 0 0 3210 5280; ppageno 0'>
   <div class='ocr_carea' id='block_1_1' title="bbox 203 203 1103 278">
    <p class='ocr_par' dir='ltr' id='par_1_1' title="bbox 203 159 1103 278">
     <span class='ocr_line' id='line_1_1' title="bbox 203 203 1103 278; baseline 0.008 -9"><span class='ocrx_word' id='word_1_1' title='bbox 203 203 265 273; x_wconf 75' lang='lat' dir='ltr'>aas</span> <span class='ocrx_word' id='word_1_2' title='bbox 573 262 577 269; x_wconf 97' lang='lat'>.</span> <span class='ocrx_word' id='word_1_3' title='bbox 625 210 830 278; x_wconf 81' lang='lat' dir='ltr'>scuonm</span> <span class='ocrx_word' id='word_1_4' title='bbox 852 213 1103 277; x_wconf 75' lang='lat' dir='ltr'>consensu</span> 
     </span>
    </p>
   </div>
   <div class='ocr_carea' id='block_1_2' title="bbox 203 350 1528 530">
    <p class='ocr_par' dir='ltr' id='par_1_2' title="bbox 203 350 1528 530">
     <span class='ocr_line' id='line_1_2' title="bbox 204 350 1528 438; baseline -0.003 -23"><span class='ocrx_word' id='word_1_5' title='bbox 204 351 279 415; x_wconf 83' lang='lat' dir='ltr'>Non</span> <span class='ocrx_word' id='word_1_6' title='bbox 302 361 410 431; x_wconf 89' lang='lat' dir='ltr'>potest</span> <span class='ocrx_word' id='word_1_7' title='bbox 440 363 542 415; x_wconf 81' lang='lat' dir='ltr'>atatem</span> <span class='ocrx_word' id='word_1_8' title='bbox 570 352 630 414; x_wconf 84' lang='lat' dir='ltr'>diri</span> <span class='ocrx_word' id='word_1_9' title='bbox 659 354 907 438; x_wconf 69' lang='lat' dir='ltr'>lorumtrnutmn</span> <span class='ocrx_word' id='word_1_10' title='bbox 930 353 1028 416; x_wconf 83' lang='lat' dir='ltr'>fuisse</span> <span class='ocrx_word' id='word_1_11' title='bbox 1053 353 1083 414; x_wconf 89' lang='lat' dir='ltr'>in</span> <span class='ocrx_word' id='word_1_12' title='bbox 1114 351 1181 414; x_wconf 87' lang='lat' dir='ltr'>eius</span> <span class='ocrx_word' id='word_1_13' title='bbox 1205 350 1366 425; x_wconf 74' lang='lat' dir='ltr'>discessu,</span> <span class='ocrx_word' id='word_1_14' title='bbox 1403 360 1441 413; x_wconf 90' lang='lat' dir='ltr'>ut</span> <span class='ocrx_word' id='word_1_15' title='bbox 1465 372 1528 411; x_wconf 89' lang='lat' dir='ltr'>non</span> 
     </span>
     <span class='ocr_line' id='line_1_3' title="bbox 203 443 1424 530; baseline -0.001 -22"><span class='ocrx_word' id='word_1_16' title='bbox 203 445 261 529; x_wconf 89' lang='lat' dir='ltr'>[P.</span> <span class='ocrx_word' id='word_1_17' title='bbox 285 443 355 524; x_wconf 73' lang='lat' dir='ltr'>2l.]</span> <span class='ocrx_word' id='word_1_18' title='bbox 377 445 475 528; x_wconf 89' lang='lat' dir='ltr'>ipsius</span> <span class='ocrx_word' id='word_1_19' title='bbox 500 447 678 530; x_wconf 74' lang='lat' dir='ltr'>eloquentia</span> <span class='ocrx_word' id='word_1_20' title='bbox 705 448 847 509; x_wconf 86' lang='lat' dir='ltr'>videatur</span> <span class='ocrx_word' id='word_1_21' title='bbox 867 448 897 511; x_wconf 93' lang='lat' dir='ltr'>in</span> <span class='ocrx_word' id='word_1_22' title='bbox 921 447 1042 509; x_wconf 89' lang='lat' dir='ltr'>iudiciis</span> <span class='ocrx_word' id='word_1_23' title='bbox 1065 445 1210 510; x_wconf 89' lang='lat' dir='ltr'>omnibus</span> <span class='ocrx_word' id='word_1_24' title='bbox 1232 445 1424 507; x_wconf 80' lang='lat' dir='ltr'>desiderata.</span> 
     </span>
    </p>
   </div>
   <div class='ocr_carea' id='block_1_3' title="bbox 281 563 1527 670">
    <p class='ocr_par' dir='ltr' id='par_1_3' title="bbox 281 563 1527 670">
     <span class='ocr_line' id='line_1_4' title="bbox 281 563 1527 670; baseline 0 -29"><span class='ocrx_word' id='word_1_25' title='bbox 281 569 368 642; x_wconf 92' lang='lat' dir='ltr'>llll.</span> <span class='ocrx_word' id='word_1_26' title='bbox 398 563 433 643; x_wconf 91' lang='lat' dir='ltr'>l.</span> <span class='ocrx_word' id='word_1_27' title='bbox 473 572 526 644; x_wconf 91' lang='lat' dir='ltr'>De</span> <span class='ocrx_word' id='word_1_28' title='bbox 564 581 599 643; x_wconf 88' lang='lat' dir='ltr'>te</span> <span class='ocrx_word' id='word_1_29' title='bbox 637 581 755 645; x_wconf 90' lang='lat' dir='ltr'>autem</span> <span class='ocrx_word' id='word_1_30' title='bbox 785 572 951 645; x_wconf 87' lang='lat' dir='ltr'>homines</span> <span class='ocrx_word' id='word_1_31' title='bbox 979 573 1065 670; x_wconf 89' lang='lat' dir='ltr'>quid</span> <span class='ocrx_word' id='word_1_32' title='bbox 1093 573 1275 667; x_wconf 78' lang='lat' dir='ltr'>sentiant,</span> <span class='ocrx_word' id='word_1_33' title='bbox 1315 569 1527 644; x_wconf 87' lang='lat' dir='ltr'>inhonore</span> 
     </span>
    </p>
   </div>
   <div class='ocr_carea' id='block_1_4' title="bbox 204 685 1010 784">
    <p class='ocr_par' dir='ltr' id='par_1_4' title="bbox 204 685 1010 784">
     <span class='ocr_line' id='line_1_5' title="bbox 204 685 1010 784; baseline 0.001 -29"><span class='ocrx_word' id='word_1_34' title='bbox 204 685 348 782; x_wconf 87' lang='lat' dir='ltr'>experti</span> <span class='ocrx_word' id='word_1_35' title='bbox 375 709 524 778; x_wconf 86' lang='lat' dir='ltr'>sumus,</span> <span class='ocrx_word' id='word_1_36' title='bbox 551 687 586 756; x_wconf 93' lang='lat' dir='ltr'>in</span> <span class='ocrx_word' id='word_1_37' title='bbox 617 685 735 757; x_wconf 90' lang='lat' dir='ltr'>salute</span> <span class='ocrx_word' id='word_1_38' title='bbox 763 695 1010 784; x_wconf 80' lang='lat' dir='ltr'>expectamus.</span> 
     </span>
    </p>
   </div>
   <div class='ocr_carea' id='block_1_5' title="bbox 151 802 1527 1259">
    <p class='ocr_par' dir='ltr' id='par_1_5' title="bbox 178 802 1526 885">
     <span class='ocr_line' id='line_1_6' title="bbox 178 802 1526 885; baseline -0.001 -21"><span class='ocrx_word' id='word_1_39' title='bbox 178 807 193 854; x_wconf 76' lang='lat'>⁵</span> <span class='ocrx_word' id='word_1_40' title='bbox 288 836 327 848; x_wconf 89' lang='lat'><em>-</em></span> <span class='ocrx_word' id='word_1_41' title='bbox 352 834 390 842; x_wconf 91' lang='lat'><em>-</em></span> <span class='ocrx_word' id='word_1_42' title='bbox 411 804 472 845; x_wconf 90' lang='lat'>-¹</span> <span class='ocrx_word' id='word_1_43' title='bbox 496 802 748 885; x_wconf 74' lang='lat' dir='ltr'>congeminatum</span> <span class='ocrx_word' id='word_1_44' title='bbox 773 825 813 866; x_wconf 83' lang='lat' dir='ltr'>ex</span> <span class='ocrx_word' id='word_1_45' title='bbox 837 802 999 867; x_wconf 88' lang='lat' dir='ltr'>contrario</span> <span class='ocrx_word' id='word_1_46' title='bbox 1025 803 1194 864; x_wconf 87' lang='lat' dir='ltr'>secundnm</span> <span class='ocrx_word' id='word_1_47' title='bbox 1221 811 1389 883; x_wconf 84' lang='lat' dir='ltr'>utramque</span> <span class='ocrx_word' id='word_1_48' title='bbox 1413 820 1526 880; x_wconf 86' lang='lat' dir='ltr'>perso·</span> 
     </span>
    </p>

    <p class='ocr_par' dir='ltr' id='par_1_6' title="bbox 203 893 1527 968">
     <span class='ocr_line' id='line_1_7' title="bbox 203 893 1527 968; baseline -0.005 -8"><span class='ocrx_word' id='word_1_49' title='bbox 203 917 272 960; x_wconf 84' lang='lat' dir='ltr'>nam</span> <span class='ocrx_word' id='word_1_50' title='bbox 295 893 417 958; x_wconf 84' lang='lat' dir='ltr'>Vatinii</span> <span class='ocrx_word' id='word_1_51' title='bbox 441 908 473 958; x_wconf 89' lang='lat' dir='ltr'>et</span> <span class='ocrx_word' id='word_1_52' title='bbox 494 918 600 968; x_wconf 89' lang='lat' dir='ltr'>suam;</span> <span class='ocrx_word' id='word_1_53' title='bbox 625 895 685 959; x_wconf 89' lang='lat' dir='ltr'>sibi</span> <span class='ocrx_word' id='word_1_54' title='bbox 714 908 747 959; x_wconf 90' lang='lat' dir='ltr'>et</span> <span class='ocrx_word' id='word_1_55' title='bbox 771 897 967 960; x_wconf 81' lang='lat' dir='ltr'>consrrlatnrn</span> <span class='ocrx_word' id='word_1_56' title='bbox 994 893 1147 958; x_wconf 89' lang='lat' dir='ltr'>velociter</span> <span class='ocrx_word' id='word_1_57' title='bbox 1173 895 1350 960; x_wconf 64' lang='lat' dir='ltr'>aetatum,</span> <span class='ocrx_word' id='word_1_58' title='bbox 1375 903 1408 954; x_wconf 82' lang='lat' dir='ltr'>et</span> <span class='ocrx_word' id='word_1_59' title='bbox 1433 895 1527 954; x_wconf 82' lang='lat' dir='ltr'>sclu-</span> 
     </span>
    </p>

    <p class='ocr_par' dir='ltr' id='par_1_7' title="bbox 202 989 1527 1072">
     <span class='ocr_line' id='line_1_8' title="bbox 202 989 1527 1072; baseline -0.005 -19"><span class='ocrx_word' id='word_1_60' title='bbox 202 1001 271 1055; x_wconf 83' lang='lat' dir='ltr'>tem</span> <span class='ocrx_word' id='word_1_61' title='bbox 293 990 502 1061; x_wconf 68' lang='lat' dir='ltr'>redditamt.</span> <span class='ocrx_word' id='word_1_62' title='bbox 529 1003 639 1054; x_wconf 91' lang='lat' dir='ltr'>eontra</span> <span class='ocrx_word' id='word_1_63' title='bbox 667 1013 744 1054; x_wconf 86' lang='lat' dir='ltr'>vcro</span> <span class='ocrx_word' id='word_1_64' title='bbox 768 991 842 1053; x_wconf 91' lang='lat' dir='ltr'>huie</span> <span class='ocrx_word' id='word_1_65' title='bbox 865 989 998 1053; x_wconf 86' lang='lat' dir='ltr'>Vatinio</span> <span class='ocrx_word' id='word_1_66' title='bbox 1022 1000 1052 1052; x_wconf 88' lang='lat' dir='ltr'>ct</span> <span class='ocrx_word' id='word_1_67' title='bbox 1075 990 1230 1052; x_wconf 81' lang='lat' dir='ltr'>honorem</span> <span class='ocrx_word' id='word_1_68' title='bbox 1247 998 1436 1072; x_wconf 78' lang='lat' dir='ltr'>quaesturae</span> <span class='ocrx_word' id='word_1_69' title='bbox 1453 997 1527 1065; x_wconf 83' lang='lat' dir='ltr'>post</span> 
     </span>
    </p>

    <p class='ocr_par' dir='ltr' id='par_1_8' title="bbox 151 1072 1526 1259">
     <span class='ocr_line' id='line_1_9' title="bbox 151 1072 1526 1157; baseline -0.007 -8"><span class='ocrx_word' id='word_1_70' title='bbox 151 1072 154 1077; x_wconf 83' lang='lat'>.</span> <span class='ocrx_word' id='word_1_71' title='bbox 204 1105 314 1148; x_wconf 87' lang='lat' dir='ltr'>onmes</span> <span class='ocrx_word' id='word_1_72' title='bbox 341 1083 512 1146; x_wconf 89' lang='lat' dir='ltr'>novissimo</span> <span class='ocrx_word' id='word_1_73' title='bbox 539 1085 613 1147; x_wconf 88' lang='lat' dir='ltr'>loco</span> <span class='ocrx_word' id='word_1_74' title='bbox 638 1089 762 1157; x_wconf 90' lang='lat' dir='ltr'>datum,</span> <span class='ocrx_word' id='word_1_75' title='bbox 788 1095 818 1146; x_wconf 85' lang='lat' dir='ltr'>ct</span> <span class='ocrx_word' id='word_1_76' title='bbox 840 1086 942 1146; x_wconf 88' lang='lat' dir='ltr'>adhue</span> <span class='ocrx_word' id='word_1_77' title='bbox 964 1083 1170 1145; x_wconf 79' lang='lat' dir='ltr'>damnationis</span> <span class='ocrx_word' id='word_1_78' title='bbox 1193 1081 1259 1144; x_wconf 91' lang='lat' dir='ltr'>eius</span> <span class='ocrx_word' id='word_1_79' title='bbox 1285 1092 1395 1142; x_wconf 88' lang='lat' dir='ltr'>nutare</span> <span class='ocrx_word' id='word_1_80' title='bbox 1418 1079 1526 1141; x_wconf 80' lang='lat' dir='ltr'>sortu-</span> 
     </span>
     <span class='ocr_line' id='line_1_10' title="bbox 203 1173 1297 1259; baseline -0.003 -20"><span class='ocrx_word' id='word_1_81' title='bbox 203 1198 287 1239; x_wconf 92' lang='lat' dir='ltr'>nam.</span> <span class='ocrx_word' id='word_1_82' title='bbox 333 1178 642 1259; x_wconf 67' lang='lat' dir='ltr'>Re=1s⁴p0unmns</span> <span class='ocrx_word' id='word_1_83' title='bbox 666 1191 735 1253; x_wconf 27' lang='lat' dir='ltr'>erat·</span> <span class='ocrx_word' id='word_1_84' title='bbox 754 1189 939 1240; x_wconf 81' lang='lat' dir='ltr'>accusatore</span> <span class='ocrx_word' id='word_1_85' title='bbox 963 1173 1004 1239; x_wconf 86' lang='lat' dir='ltr'>C.</span> <span class='ocrx_word' id='word_1_86' title='bbox 1030 1176 1155 1238; x_wconf 89' lang='lat' dir='ltr'>Licinio</span> <span class='ocrx_word' id='word_1_87' title='bbox 1179 1175 1297 1238; x_wconf 86' lang='lat' dir='ltr'>Calvo.</span> 
     </span>
    </p>
   </div>
   <div class='ocr_carea' id='block_1_6' title="bbox 162 1297 1407 1400">
    <p class='ocr_par' dir='ltr' id='par_1_9' title="bbox 162 1297 1407 1400">
     <span class='ocr_line' id='line_1_11' title="bbox 162 1297 1407 1400; baseline 0.002 -32"><span class='ocrx_word' id='word_1_88' title='bbox 162 1318 193 1368; x_wconf 81' lang='lat' dir='ltr'>se</span> <span class='ocrx_word' id='word_1_89' title='bbox 280 1297 317 1374; x_wconf 78' lang='lat'>2.</span> <span class='ocrx_word' id='word_1_90' title='bbox 347 1300 395 1374; x_wconf 87' lang='lat' dir='ltr'>Ut</span> <span class='ocrx_word' id='word_1_91' title='bbox 421 1301 621 1400; x_wconf 88' lang='lat' dir='ltr'>aliquando</span> <span class='ocrx_word' id='word_1_92' title='bbox 648 1304 740 1397; x_wconf 85' lang='lat' dir='ltr'>ista,</span> <span class='ocrx_word' id='word_1_93' title='bbox 767 1327 860 1400; x_wconf 90' lang='lat' dir='ltr'>quae</span> <span class='ocrx_word' id='word_1_94' title='bbox 887 1310 974 1374; x_wconf 93' lang='lat' dir='ltr'>sunt</span> <span class='ocrx_word' id='word_1_95' title='bbox 1000 1299 1147 1394; x_wconf 76' lang='lat' dir='ltr'>inflata,</span> <span class='ocrx_word' id='word_1_96' title='bbox 1175 1309 1407 1396; x_wconf 87' lang='lat' dir='ltr'>rumpantur.</span> 
     </span>
    </p>
   </div>
   <div class='ocr_carea' id='block_1_7' title="bbox 202 1415 1525 1688">
    <p class='ocr_par' dir='ltr' id='par_1_10' title="bbox 202 1415 1525 1688">
     <span class='ocr_line' id='line_1_12' title="bbox 289 1415 1525 1502; baseline -0.006 -19"><span class='ocrx_word' id='word_1_97' title='bbox 289 1419 543 1501; x_wconf 71' lang='lat' dir='ltr'>Adrapanan</span> <span class='ocrx_word' id='word_1_98' title='bbox 567 1419 690 1502; x_wconf 89' lang='lat' dir='ltr'>quidem</span> <span class='ocrx_word' id='word_1_99' title='bbox 714 1431 745 1483; x_wconf 91' lang='lat' dir='ltr'>et</span> <span class='ocrx_word' id='word_1_100' title='bbox 769 1419 892 1481; x_wconf 90' lang='lat' dir='ltr'>nimium</span> <span class='ocrx_word' id='word_1_101' title='bbox 918 1429 1071 1480; x_wconf 90' lang='lat' dir='ltr'>tumorem</span> <span class='ocrx_word' id='word_1_102' title='bbox 1096 1416 1186 1478; x_wconf 89' lang='lat' dir='ltr'>animi</span> <span class='ocrx_word' id='word_1_103' title='bbox 1208 1417 1275 1478; x_wconf 89' lang='lat' dir='ltr'>eius</span> <span class='ocrx_word' id='word_1_104' title='bbox 1299 1415 1442 1478; x_wconf 87' lang='lat' dir='ltr'>reserens</span> <span class='ocrx_word' id='word_1_105' title='bbox 1462 1417 1525 1476; x_wconf 88' lang='lat' dir='ltr'>boc</span> 
     </span>
     <span class='ocr_line' id='line_1_13' title="bbox 203 1510 1524 1593; baseline -0.002 -18"><span class='ocrx_word' id='word_1_106' title='bbox 203 1513 281 1577; x_wconf 80' lang='lat' dir='ltr'>dixit</span> <span class='ocrx_word' id='word_1_107' title='bbox 304 1514 439 1591; x_wconf 46' lang='lat' dir='ltr'>inrue&amp;</span> <span class='ocrx_word' id='word_1_108' title='bbox 476 1527 578 1575; x_wconf 89' lang='lat' dir='ltr'>tamen</span> <span class='ocrx_word' id='word_1_109' title='bbox 612 1526 722 1577; x_wconf 90' lang='lat' dir='ltr'>notare</span> <span class='ocrx_word' id='word_1_110' title='bbox 753 1512 854 1575; x_wconf 70' lang='lat' dir='ltr'>velerit</span> <span class='ocrx_word' id='word_1_111' title='bbox 887 1510 1090 1575; x_wconf 84' lang='lat' dir='ltr'>insulsitatem</span> <span class='ocrx_word' id='word_1_112' title='bbox 1122 1510 1282 1574; x_wconf 84' lang='lat' dir='ltr'>cervicum</span> <span class='ocrx_word' id='word_1_113' title='bbox 1317 1511 1403 1584; x_wconf 86' lang='lat' dir='ltr'>eius,</span> <span class='ocrx_word' id='word_1_114' title='bbox 1438 1532 1524 1593; x_wconf 81' lang='lat' dir='ltr'>quas</span> 
     </span>
     <span class='ocr_line' id='line_1_14' title="bbox 202 1606 910 1688; baseline -0.003 -18"><span class='ocrx_word' id='word_1_115' title='bbox 202 1607 393 1671; x_wconf 91' lang='lat' dir='ltr'>inmodicum</span> <span class='ocrx_word' id='word_1_116' title='bbox 417 1606 516 1669; x_wconf 81' lang='lat' dir='ltr'>luisse</span> <span class='ocrx_word' id='word_1_117' title='bbox 539 1609 742 1688; x_wconf 76' lang='lat' dir='ltr'>corpulentae</span> <span class='ocrx_word' id='word_1_118' title='bbox 765 1607 910 1669; x_wconf 83' lang='lat' dir='ltr'>traditur.</span> 
     </span>
    </p>
   </div>
   <div class='ocr_carea' id='block_1_8' title="bbox 279 1725 1524 1831">
    <p class='ocr_par' dir='ltr' id='par_1_11' title="bbox 279 1725 1524 1831">
     <span class='ocr_line' id='line_1_15' title="bbox 279 1725 1524 1831; baseline -0.004 -27"><span class='ocrx_word' id='word_1_119' title='bbox 279 1732 325 1804; x_wconf 87' lang='lat' dir='ltr'>V.</span> <span class='ocrx_word' id='word_1_120' title='bbox 354 1725 389 1804; x_wconf 91' lang='lat'>1.</span> <span class='ocrx_word' id='word_1_121' title='bbox 428 1731 571 1805; x_wconf 87' lang='lat' dir='ltr'>Habeat</span> <span class='ocrx_word' id='word_1_122' title='bbox 597 1731 667 1806; x_wconf 90' lang='lat' dir='ltr'>boc</span> <span class='ocrx_word' id='word_1_123' title='bbox 698 1731 862 1831; x_wconf 86' lang='lat' dir='ltr'>praemi⁶</span> <span class='ocrx_word' id='word_1_124' title='bbox 891 1742 953 1804; x_wconf 88' lang='lat' dir='ltr'>tua</span> <span class='ocrx_word' id='word_1_125' title='bbox 979 1727 1222 1827; x_wconf 69' lang='lat' dir='ltr'>indignitas73</span> <span class='ocrx_word' id='word_1_126' title='bbox 1250 1729 1524 1802; x_wconf 81' lang='lat' dir='ltr'>adulescentiae</span> 
     </span>
    </p>
   </div>
   <div class='ocr_carea' id='block_1_9' title="bbox 161 1843 1148 1940">
    <p class='ocr_par' dir='ltr' id='par_1_12' title="bbox 161 1839 1148 1940">
     <span class='ocr_line' id='line_1_16' title="bbox 161 1843 1148 1940; baseline 0 -27"><span class='ocrx_word' id='word_1_127' title='bbox 161 1843 395 1940; x_wconf 80' lang='lat' dir='ltr'>asturpitudo</span> <span class='ocrx_word' id='word_1_128' title='bbox 422 1846 649 1916; x_wconf 86' lang='lat' dir='ltr'>obscuritate</span> <span class='ocrx_word' id='word_1_129' title='bbox 677 1855 717 1917; x_wconf 90' lang='lat' dir='ltr'>et·</span> <span class='ocrx_word' id='word_1_130' title='bbox 740 1845 913 1918; x_wconf 91' lang='lat' dir='ltr'>sordibus</span> <span class='ocrx_word' id='word_1_131' title='bbox 940 1845 1148 1940; x_wconf 86' lang='lat' dir='ltr'>obtegatur.</span> 
     </span>
    </p>
   </div>
   <div class='ocr_carea' id='block_1_10' title="bbox 159 1955 1525 2416">
    <p class='ocr_par' dir='ltr' id='par_1_13' title="bbox 183 1955 1525 2325">
     <span class='ocr_line' id='line_1_17' title="bbox 183 1955 1523 2044; baseline -0.004 -20"><span class='ocrx_word' id='word_1_132' title='bbox 183 2035 186 2038; x_wconf 11' lang='lat' dir='ltr'>y</span> <span class='ocrx_word' id='word_1_133' title='bbox 287 1962 378 2024; x_wconf 80' lang='lat' dir='ltr'>Haec</span> <span class='ocrx_word' id='word_1_134' title='bbox 400 1962 462 2003; x_wconf 79' lang='lat'>-⁸</span> <span class='ocrx_word' id='word_1_135' title='bbox 492 1960 657 2025; x_wconf 78' lang='lat' dir='ltr'>oratorie⁹</span> <span class='ocrx_word' id='word_1_136' title='bbox 685 1961 904 2044; x_wconf 79' lang='lat' dir='ltr'>perstringere</span> <span class='ocrx_word' id='word_1_137' title='bbox 934 1959 1058 2031; x_wconf 82' lang='lat' dir='ltr'>maluit,</span> <span class='ocrx_word' id='word_1_138' title='bbox 1091 1981 1183 2042; x_wconf 89' lang='lat' dir='ltr'>quam</span> <span class='ocrx_word' id='word_1_139' title='bbox 1213 1955 1346 2037; x_wconf 88' lang='lat' dir='ltr'>copiose</span> <span class='ocrx_word' id='word_1_140' title='bbox 1358 1961 1382 1998; x_wconf 85' lang='lat'>¹⁰</span> <span class='ocrx_word' id='word_1_141' title='bbox 1414 1957 1523 2020; x_wconf 89' lang='lat' dir='ltr'>iisdem</span> 
     </span>
     <span class='ocr_line' id='line_1_18' title="bbox 204 2042 1525 2138; baseline -0.002 -24"><span class='ocrx_word' id='word_1_142' title='bbox 204 2042 385 2119; x_wconf 56' lang='lat' dir='ltr'>detebndis</span> <span class='ocrx_word' id='word_1_143' title='bbox 407 2053 594 2130; x_wconf 79' lang='lat' dir='ltr'>immorari3¹</span> <span class='ocrx_word' id='word_1_144' title='bbox 612 2054 679 2116; x_wconf 83' lang='lat' dir='ltr'>sive</span> <span class='ocrx_word' id='word_1_145' title='bbox 695 2059 781 2138; x_wconf 89' lang='lat' dir='ltr'>quod</span> <span class='ocrx_word' id='word_1_146' title='bbox 804 2055 892 2118; x_wconf 88' lang='lat' dir='ltr'>nimis</span> <span class='ocrx_word' id='word_1_147' title='bbox 916 2054 1099 2118; x_wconf 89' lang='lat' dir='ltr'>laciniosum</span> <span class='ocrx_word' id='word_1_148' title='bbox 1126 2049 1416 2123; x_wconf 84' lang='lat' dir='ltr'>videbatur,lsive</span> <span class='ocrx_word' id='word_1_149' title='bbox 1440 2055 1525 2134; x_wconf 81' lang='lat' dir='ltr'>qrrod</span> 
     </span>
     <span class='ocr_line' id='line_1_19' title="bbox 203 2145 1522 2229; baseline -0.004 -18"><span class='ocrx_word' id='word_1_150' title='bbox 203 2149 261 2228; x_wconf 91' lang='lat' dir='ltr'>[P.</span> <span class='ocrx_word' id='word_1_151' title='bbox 286 2147 354 2226; x_wconf 78' lang='lat'>28.]</span> <span class='ocrx_word' id='word_1_152' title='bbox 379 2148 582 2228; x_wconf 87' lang='lat' dir='ltr'>prohibere¹¹</span> <span class='ocrx_word' id='word_1_153' title='bbox 613 2170 677 2211; x_wconf 93' lang='lat' dir='ltr'>non</span> <span class='ocrx_word' id='word_1_154' title='bbox 700 2160 838 2229; x_wconf 87' lang='lat' dir='ltr'>poterat.</span> <span class='ocrx_word' id='word_1_155' title='bbox 894 2149 1053 2228; x_wconf 86' lang='lat' dir='ltr'>Asperius</span> <span class='ocrx_word' id='word_1_156' title='bbox 1077 2147 1230 2209; x_wconf 87' lang='lat' dir='ltr'>tamenin</span> <span class='ocrx_word' id='word_1_157' title='bbox 1254 2145 1353 2206; x_wconf 82' lang='lat' dir='ltr'>tacito</span> <span class='ocrx_word' id='word_1_158' title='bbox 1378 2145 1522 2228; x_wconf 80' lang='lat' dir='ltr'>reliquit,</span> 
     </span>
     <span class='ocr_line' id='line_1_20' title="bbox 203 2239 1525 2325; baseline -0.002 -23"><span class='ocrx_word' id='word_1_159' title='bbox 203 2263 295 2325; x_wconf 80' lang='lat' dir='ltr'>qrram</span> <span class='ocrx_word' id='word_1_160' title='bbox 319 2240 346 2303; x_wconf 91' lang='lat' dir='ltr'>si</span> <span class='ocrx_word' id='word_1_161' title='bbox 372 2241 533 2322; x_wconf 87' lang='lat' dir='ltr'>copiosius</span> <span class='ocrx_word' id='word_1_162' title='bbox 560 2255 809 2324; x_wconf 82' lang='lat' dir='ltr'>exaggerasset3</span> <span class='ocrx_word' id='word_1_163' title='bbox 833 2254 867 2304; x_wconf 93' lang='lat' dir='ltr'>ut</span> <span class='ocrx_word' id='word_1_164' title='bbox 894 2241 1061 2304; x_wconf 88' lang='lat' dir='ltr'>videantur</span> <span class='ocrx_word' id='word_1_165' title='bbox 1081 2242 1160 2303; x_wconf 90' lang='lat' dir='ltr'>haec</span> <span class='ocrx_word' id='word_1_166' title='bbox 1186 2239 1289 2304; x_wconf 90' lang='lat' dir='ltr'>onmia</span> <span class='ocrx_word' id='word_1_167' title='bbox 1312 2240 1469 2302; x_wconf 86' lang='lat' dir='ltr'>dedecora</span> <span class='ocrx_word' id='word_1_168' title='bbox 1493 2251 1525 2300; x_wconf 92' lang='lat' dir='ltr'>et</span> 
     </span>
    </p>

    <p class='ocr_par' dir='ltr' id='par_1_14' title="bbox 159 2333 1348 2416">
     <span class='ocr_line' id='line_1_21' title="bbox 159 2333 1348 2416; baseline -0.001 -19"><span class='ocrx_word' id='word_1_169' title='bbox 159 2334 331 2415; x_wconf 75' lang='lat' dir='ltr'>tter-imina</span> <span class='ocrx_word' id='word_1_170' title='bbox 355 2333 385 2395; x_wconf 92' lang='lat' dir='ltr'>iu</span> <span class='ocrx_word' id='word_1_171' title='bbox 409 2356 566 2416; x_wconf 89' lang='lat' dir='ltr'>personae</span> <span class='ocrx_word' id='word_1_172' title='bbox 587 2334 761 2398; x_wconf 89' lang='lat' dir='ltr'>humilitate</span> <span class='ocrx_word' id='word_1_173' title='bbox 787 2335 929 2397; x_wconf 85' lang='lat' dir='ltr'>latuisse.</span> <span class='ocrx_word' id='word_1_174' title='bbox 1011 2340 1014 2347; x_wconf 83' lang='grc'><em>“</em></span> <span class='ocrx_word' id='word_1_175' title='bbox 1344 2342 1348 2348; x_wconf 83' lang='grc'><strong>’</strong></span> 
     </span>
    </p>
   </div>
   <div class='ocr_carea' id='block_1_11' title="bbox 278 2436 1524 2540">
    <p class='ocr_par' dir='ltr' id='par_1_15' title="bbox 278 2436 1524 2540">
     <span class='ocr_line' id='line_1_22' title="bbox 278 2436 1524 2540; baseline 0 -29"><span class='ocrx_word' id='word_1_176' title='bbox 278 2436 314 2513; x_wconf 70' lang='lat'>2.</span> <span class='ocrx_word' id='word_1_177' title='bbox 355 2441 398 2512; x_wconf 88' lang='lat' dir='ltr'>In</span> <span class='ocrx_word' id='word_1_178' title='bbox 437 2465 480 2514; x_wconf 90' lang='lat' dir='ltr'>eo</span> <span class='ocrx_word' id='word_1_179' title='bbox 518 2444 734 2540; x_wconf 87' lang='lat' dir='ltr'>magistratu</span> <span class='ocrx_word' id='word_1_180' title='bbox 768 2466 879 2539; x_wconf 91' lang='lat' dir='ltr'>quum</span> <span class='ocrx_word' id='word_1_181' title='bbox 916 2443 984 2516; x_wconf 91' lang='lat' dir='ltr'>tibi</span> <span class='ocrx_word' id='word_1_182' title='bbox 1021 2442 1173 2540; x_wconf 88' lang='lat' dir='ltr'>aquaria</span> <span class='ocrx_word' id='word_1_183' title='bbox 1199 2440 1392 2537; x_wconf 88' lang='lat' dir='ltr'>provincia</span> <span class='ocrx_word' id='word_1_184' title='bbox 1419 2448 1524 2512; x_wconf 87' lang='lat' dir='ltr'>sorte</span> 
     </span>
    </p>
   </div>
   <div class='ocr_carea' id='block_1_12' title="bbox 203 2554 409 2652">
    <p class='ocr_par' dir='ltr' id='par_1_16' title="bbox 203 2554 409 2652">
     <span class='ocr_line' id='line_1_23' title="bbox 203 2554 409 2652; baseline -0.005 -26"><span class='ocrx_word' id='word_1_185' title='bbox 203 2554 409 2652; x_wconf 56' lang='lat' dir='ltr'>QOm</span> 
     </span>
    </p>
   </div>
   <div class='ocr_carea' id='block_1_13' title="bbox 158 2666 1523 3126">
    <p class='ocr_par' dir='ltr' id='par_1_17' title="bbox 158 2666 1523 3126">
     <span class='ocr_line' id='line_1_24' title="bbox 287 2666 1523 2752; baseline 0 -23"><span class='ocrx_word' id='word_1_186' title='bbox 287 2671 448 2749; x_wconf 83' lang='lat' dir='ltr'>Quaestor</span> <span class='ocrx_word' id='word_1_187' title='bbox 470 2672 522 2731; x_wconf 72' lang='lat' dir='ltr'>e¹²</span> <span class='ocrx_word' id='word_1_188' title='bbox 543 2669 615 2752; x_wconf 86' lang='lat' dir='ltr'>lege</span> <span class='ocrx_word' id='word_1_189' title='bbox 643 2667 725 2731; x_wconf 90' lang='lat' dir='ltr'>Titia</span> <span class='ocrx_word' id='word_1_190' title='bbox 749 2667 945 2749; x_wconf 87' lang='lat' dir='ltr'>provinciam</span> <span class='ocrx_word' id='word_1_191' title='bbox 969 2668 1093 2732; x_wconf 84' lang='lat' dir='ltr'>tacitam</span> <span class='ocrx_word' id='word_1_192' title='bbox 1116 2680 1146 2732; x_wconf 92' lang='lat' dir='ltr'>et</span> <span class='ocrx_word' id='word_1_193' title='bbox 1168 2667 1323 2752; x_wconf 83' lang='lat' dir='ltr'>quietam:</span> <span class='ocrx_word' id='word_1_194' title='bbox 1347 2666 1400 2729; x_wconf 92' lang='lat' dir='ltr'>hic</span> <span class='ocrx_word' id='word_1_195' title='bbox 1423 2666 1523 2752; x_wconf 83' lang='lat' dir='ltr'>igitur</span> 
     </span>
     <span class='ocr_line' id='line_1_25' title="bbox 201 2760 1523 2845; baseline 0 -21"><span class='ocrx_word' id='word_1_196' title='bbox 201 2762 350 2825; x_wconf 88' lang='lat' dir='ltr'>Vatinius</span> <span class='ocrx_word' id='word_1_197' title='bbox 366 2763 524 2845; x_wconf 87' lang='lat' dir='ltr'>aquariam</span> <span class='ocrx_word' id='word_1_198' title='bbox 541 2761 671 2825; x_wconf 86' lang='lat' dir='ltr'>sortitus</span> <span class='ocrx_word' id='word_1_199' title='bbox 688 2775 773 2835; x_wconf 86' lang='lat' dir='ltr'>erat,</span> <span class='ocrx_word' id='word_1_200' title='bbox 798 2762 828 2824; x_wconf 93' lang='lat' dir='ltr'>id</span> <span class='ocrx_word' id='word_1_201' title='bbox 851 2775 916 2836; x_wconf 85' lang='lat' dir='ltr'>est,</span> <span class='ocrx_word' id='word_1_202' title='bbox 940 2776 974 2825; x_wconf 92' lang='lat' dir='ltr'>ut</span> <span class='ocrx_word' id='word_1_203' title='bbox 996 2785 1093 2845; x_wconf 75' lang='lat' dir='ltr'>aquae</span> <span class='ocrx_word' id='word_1_204' title='bbox 1117 2786 1221 2827; x_wconf 73' lang='lat' dir='ltr'>curram</span> <span class='ocrx_word' id='word_1_205' title='bbox 1243 2760 1425 2823; x_wconf 87' lang='lat' dir='ltr'>sustineret.</span> <span class='ocrx_word' id='word_1_206' title='bbox 1472 2764 1523 2824; x_wconf 93' lang='lat' dir='ltr'>ln·</span> 
     </span>
     <span class='ocr_line' id='line_1_26' title="bbox 158 2854 1522 2939; baseline 0 -24"><span class='ocrx_word' id='word_1_207' title='bbox 158 2854 325 2939; x_wconf 74' lang='lat' dir='ltr'>assimulat</span> <span class='ocrx_word' id='word_1_208' title='bbox 355 2877 425 2918; x_wconf 91' lang='lat' dir='ltr'>eum</span> <span class='ocrx_word' id='word_1_209' title='bbox 456 2856 583 2919; x_wconf 87' lang='lat' dir='ltr'>sordide</span> <span class='ocrx_word' id='word_1_210' title='bbox 612 2865 643 2916; x_wconf 88' lang='lat' dir='ltr'>et</span> <span class='ocrx_word' id='word_1_211' title='bbox 672 2854 829 2936; x_wconf 89' lang='lat' dir='ltr'>rapaciter</span> <span class='ocrx_word' id='word_1_212' title='bbox 857 2857 1001 2919; x_wconf 91' lang='lat' dir='ltr'>Puteolis</span> <span class='ocrx_word' id='word_1_213' title='bbox 1030 2878 1099 2918; x_wconf 86' lang='lat' dir='ltr'>esse</span> <span class='ocrx_word' id='word_1_214' title='bbox 1124 2867 1301 2927; x_wconf 87' lang='lat' dir='ltr'>versatum,</span> <span class='ocrx_word' id='word_1_215' title='bbox 1340 2878 1436 2938; x_wconf 74' lang='lat' dir='ltr'>quana</span> <span class='ocrx_word' id='word_1_216' title='bbox 1462 2854 1522 2916; x_wconf 91' lang='lat' dir='ltr'>sibi</span> 
     </span>
     <span class='ocr_line' id='line_1_27' title="bbox 202 2948 1522 3032; baseline -0.002 -20"><span class='ocrx_word' id='word_1_217' title='bbox 202 2948 339 3013; x_wconf 89' lang='lat' dir='ltr'>officium</span> <span class='ocrx_word' id='word_1_218' title='bbox 363 2949 493 3030; x_wconf 88' lang='lat' dir='ltr'>abipso</span> <span class='ocrx_word' id='word_1_219' title='bbox 519 2949 628 3012; x_wconf 79' lang='lat' dir='ltr'>&#39;stillio</span> <span class='ocrx_word' id='word_1_220' title='bbox 652 2949 782 3010; x_wconf 87' lang='lat' dir='ltr'>consule</span> <span class='ocrx_word' id='word_1_221' title='bbox 804 2949 972 3031; x_wconf 85' lang='lat' dir='ltr'>inpositurn</span> <span class='ocrx_word' id='word_1_222' title='bbox 997 2952 1096 3032; x_wconf 76' lang='lat' dir='ltr'>stragis</span> <span class='ocrx_word' id='word_1_223' title='bbox 1119 2954 1157 3013; x_wconf 90' lang='lat' dir='ltr'>ad</span> <span class='ocrx_word' id='word_1_224' title='bbox 1178 2951 1314 3012; x_wconf 89' lang='lat' dir='ltr'>fructmn</span> <span class='ocrx_word' id='word_1_225' title='bbox 1336 2948 1522 3010; x_wconf 83' lang='lat' dir='ltr'>avaritiae¹³</span> 
     </span>
     <span class='ocr_line' id='line_1_28' title="bbox 201 3041 1081 3126; baseline 0.003 -24"><span class='ocrx_word' id='word_1_226' title='bbox 201 3063 294 3126; x_wconf 89' lang='lat' dir='ltr'>quam</span> <span class='ocrx_word' id='word_1_227' title='bbox 318 3045 356 3103; x_wconf 86' lang='lat' dir='ltr'>ad</span> <span class='ocrx_word' id='word_1_228' title='bbox 377 3041 449 3104; x_wconf 86' lang='lat' dir='ltr'>fidei</span> <span class='ocrx_word' id='word_1_229' title='bbox 472 3054 503 3104; x_wconf 89' lang='lat' dir='ltr'>et</span> <span class='ocrx_word' id='word_1_230' title='bbox 525 3041 696 3104; x_wconf 88' lang='lat' dir='ltr'>industriae</span> <span class='ocrx_word' id='word_1_231' title='bbox 718 3042 840 3104; x_wconf 90' lang='lat' dir='ltr'>laudem</span> <span class='ocrx_word' id='word_1_232' title='bbox 865 3055 1081 3106; x_wconf 84' lang='lat' dir='ltr'>converteret.</span> 
     </span>
    </p>
   </div>
   <div class='ocr_carea' id='block_1_14' title="bbox 202 3148 1521 3378">
    <p class='ocr_par' dir='ltr' id='par_1_18' title="bbox 202 3148 1521 3378">
     <span class='ocr_line' id='line_1_29' title="bbox 276 3148 1521 3265; baseline -0.001 -26"><span class='ocrx_word' id='word_1_233' title='bbox 276 3148 418 3265; x_wconf 74' lang='lat' dir='ltr'>3.⁸Ego</span> <span class='ocrx_word' id='word_1_234' title='bbox 445 3177 481 3239; x_wconf 89' lang='lat' dir='ltr'>te</span> <span class='ocrx_word' id='word_1_235' title='bbox 509 3191 747 3265; x_wconf 85' lang='lat' dir='ltr'>quaecunque</span> <span class='ocrx_word' id='word_1_236' title='bbox 775 3169 936 3265; x_wconf 83' lang='lat' dir='ltr'>rogabo,</span> <span class='ocrx_word' id='word_1_237' title='bbox 965 3169 1073 3240; x_wconf 89' lang='lat' dir='ltr'>dete</span> <span class='ocrx_word' id='word_1_238' title='bbox 1101 3171 1183 3264; x_wconf 88' lang='lat' dir='ltr'>ipso</span> <span class='ocrx_word' id='word_1_239' title='bbox 1212 3169 1373 3265; x_wconf 83' lang='lat' dir='ltr'>regab03</span> <span class='ocrx_word' id='word_1_240' title='bbox 1402 3191 1521 3264; x_wconf 82' lang='lat' dir='ltr'>neque</span> 
     </span>
     <span class='ocr_line' id='line_1_30' title="bbox 202 3278 1519 3378; baseline 0 -28"><span class='ocrx_word' id='word_1_241' title='bbox 202 3286 238 3351; x_wconf 90' lang='lat' dir='ltr'>te</span> <span class='ocrx_word' id='word_1_242' title='bbox 266 3303 313 3351; x_wconf 83' lang='lat' dir='ltr'>ex</span> <span class='ocrx_word' id='word_1_243' title='bbox 339 3278 554 3377; x_wconf 88' lang='lat' dir='ltr'>amplissimi</span> <span class='ocrx_word' id='word_1_244' title='bbox 573 3281 645 3350; x_wconf 91' lang='lat' dir='ltr'>viri</span> <span class='ocrx_word' id='word_1_245' title='bbox 665 3278 863 3378; x_wconf 76' lang='lat' dir='ltr'>dignitatc5</span> <span class='ocrx_word' id='word_1_246' title='bbox 889 3280 955 3352; x_wconf 90' lang='lat' dir='ltr'>sed</span> <span class='ocrx_word' id='word_1_247' title='bbox 974 3304 1019 3351; x_wconf 87' lang='lat' dir='ltr'>ex</span> <span class='ocrx_word' id='word_1_248' title='bbox 1037 3281 1110 3351; x_wconf 91' lang='lat' dir='ltr'>tuis</span> <span class='ocrx_word' id='word_1_249' title='bbox 1129 3281 1296 3352; x_wconf 86' lang='lat' dir='ltr'>tenebris</span> <span class='ocrx_word' id='word_1_250' title='bbox 1316 3279 1519 3350; x_wconf 83' lang='lat' dir='ltr'>extraham.</span> 
     </span>
    </p>
   </div>
   <div class='ocr_carea' id='block_1_15' title="bbox 271 3595 1521 4216">
    <p class='ocr_par' dir='ltr' id='par_1_19' title="bbox 271 3595 1521 4216">
     <span class='ocr_line' id='line_1_31' title="bbox 271 3595 1521 3660; baseline 0.007 -20"><span class='ocrx_word' id='word_1_251' title='bbox 271 3595 295 3642; x_wconf 91' lang='grc'>1.</span> <span class='ocrx_word' id='word_1_252' title='bbox 316 3597 390 3640; x_wconf 79' lang='lat' dir='ltr'>Vacci</span> <span class='ocrx_word' id='word_1_253' title='bbox 410 3601 459 3642; x_wconf 81' lang='lat' dir='ltr'>tres</span> <span class='ocrx_word' id='word_1_254' title='bbox 484 3598 594 3642; x_wconf 78' lang='lat' dir='ltr'>versiculi</span> <span class='ocrx_word' id='word_1_255' title='bbox 616 3599 660 3646; x_wconf 85' lang='lat' dir='ltr'>Gr.</span> <span class='ocrx_word' id='word_1_256' title='bbox 681 3612 733 3642; x_wconf 83' lang='lat' dir='ltr'>eum</span> <span class='ocrx_word' id='word_1_257' title='bbox 758 3600 865 3646; x_wconf 85' lang='lat' dir='ltr'>dimidio.</span> <span class='ocrx_word' id='word_1_258' title='bbox 903 3598 928 3644; x_wconf 77' lang='lat'>2.</span> <span class='ocrx_word' id='word_1_259' title='bbox 955 3601 1015 3645; x_wconf 86' lang='lat' dir='ltr'>Cod.</span> <span class='ocrx_word' id='word_1_260' title='bbox 1035 3600 1193 3659; x_wconf 80' lang='lat' dir='ltr'>dignitatem.</span> <span class='ocrx_word' id='word_1_261' title='bbox 1232 3598 1256 3648; x_wconf 80' lang='lat'>3.</span> <span class='ocrx_word' id='word_1_262' title='bbox 1282 3602 1345 3646; x_wconf 81' lang='lat' dir='ltr'>llaec</span> <span class='ocrx_word' id='word_1_263' title='bbox 1371 3605 1444 3649; x_wconf 79' lang='lat' dir='ltr'>verba</span> <span class='ocrx_word' id='word_1_264' title='bbox 1467 3620 1521 3660; x_wconf 82' lang='lat' dir='ltr'>sup·</span> 
     </span>
     <span class='ocr_line' id='line_1_32' title="bbox 337 3666 1519 3729; baseline 0.007 -19"><span class='ocrx_word' id='word_1_265' title='bbox 337 3668 420 3722; x_wconf 77' lang='lat' dir='ltr'>plenda</span> <span class='ocrx_word' id='word_1_266' title='bbox 439 3666 494 3710; x_wconf 87' lang='lat' dir='ltr'>mibi</span> <span class='ocrx_word' id='word_1_267' title='bbox 514 3668 662 3712; x_wconf 81' lang='lat' dir='ltr'>videbantur.</span> <span class='ocrx_word' id='word_1_268' title='bbox 703 3666 725 3712; x_wconf 79' lang='lat' dir='ltr'>l.</span> <span class='ocrx_word' id='word_1_269' title='bbox 746 3669 848 3717; x_wconf 85' lang='lat' dir='ltr'>ltaeod.</span> <span class='ocrx_word' id='word_1_270' title='bbox 885 3671 931 3714; x_wconf 78' lang='lat' dir='ltr'>Sed</span> <span class='ocrx_word' id='word_1_271' title='bbox 952 3676 1029 3714; x_wconf 79' lang='lat' dir='ltr'>tamen</span> <span class='ocrx_word' id='word_1_272' title='bbox 1048 3676 1100 3714; x_wconf 78' lang='lat' dir='ltr'>ante</span> <span class='ocrx_word' id='word_1_273' title='bbox 1114 3685 1172 3714; x_wconf 79' lang='lat' dir='ltr'>reue</span> <span class='ocrx_word' id='word_1_274' title='bbox 1191 3673 1306 3716; x_wconf 78' lang='lat' dir='ltr'>excidisse</span> <span class='ocrx_word' id='word_1_275' title='bbox 1321 3676 1432 3729; x_wconf 83' lang='lat' dir='ltr'>suspicer</span> <span class='ocrx_word' id='word_1_276' title='bbox 1444 3689 1519 3728; x_wconf 82' lang='lat' dir='ltr'>num,</span> 
     </span>
     <span class='ocr_line' id='line_1_33' title="bbox 337 3738 1520 3798; baseline 0.007 -18"><span class='ocrx_word' id='word_1_277' title='bbox 337 3750 406 3794; x_wconf 81' lang='lat' dir='ltr'>quarn</span> <span class='ocrx_word' id='word_1_278' title='bbox 422 3748 504 3780; x_wconf 84' lang='lat' dir='ltr'>vocem</span> <span class='ocrx_word' id='word_1_279' title='bbox 524 3738 621 3781; x_wconf 81' lang='lat' dir='ltr'>extr-ivit</span> <span class='ocrx_word' id='word_1_280' title='bbox 641 3738 747 3781; x_wconf 79' lang='lat' dir='ltr'>incautus</span> <span class='ocrx_word' id='word_1_281' title='bbox 768 3739 882 3783; x_wconf 86' lang='lat' dir='ltr'>librarius</span> <span class='ocrx_word' id='word_1_282' title='bbox 902 3745 999 3794; x_wconf 84' lang='lat' dir='ltr'>propter</span> <span class='ocrx_word' id='word_1_283' title='bbox 1020 3742 1209 3785; x_wconf 83' lang='lat' dir='ltr'>terminationem</span> <span class='ocrx_word' id='word_1_284' title='bbox 1229 3742 1336 3785; x_wconf 81' lang='lat' dir='ltr'>vocabuli</span> <span class='ocrx_word' id='word_1_285' title='bbox 1356 3747 1520 3798; x_wconf 74' lang='lat' dir='ltr'>praecedentis</span> 
     </span>
     <span class='ocr_line' id='line_1_34' title="bbox 330 3802 1519 3867; baseline 0.006 -18"><span class='ocrx_word' id='word_1_286' title='bbox 330 3802 473 3866; x_wconf 75' lang='lat' dir='ltr'>fortianum.</span> <span class='ocrx_word' id='word_1_287' title='bbox 512 3802 535 3851; x_wconf 82' lang='lat'>5.</span> <span class='ocrx_word' id='word_1_288' title='bbox 557 3807 591 3850; x_wconf 80' lang='lat' dir='ltr'>lta</span> <span class='ocrx_word' id='word_1_289' title='bbox 609 3808 730 3851; x_wconf 81' lang='lat' dir='ltr'>evidenter</span> <span class='ocrx_word' id='word_1_290' title='bbox 750 3809 772 3851; x_wconf 90' lang='lat' dir='ltr'>in</span> <span class='ocrx_word' id='word_1_291' title='bbox 794 3808 854 3853; x_wconf 79' lang='lat' dir='ltr'>cot.</span> <span class='ocrx_word' id='word_1_292' title='bbox 880 3815 902 3853; x_wconf 84' lang='lat' dir='ltr'>et</span> <span class='ocrx_word' id='word_1_293' title='bbox 925 3811 1019 3866; x_wconf 85' lang='lat' dir='ltr'>quidem</span> <span class='ocrx_word' id='word_1_294' title='bbox 1039 3824 1080 3862; x_wconf 82' lang='lat' dir='ltr'>per</span> <span class='ocrx_word' id='word_1_295' title='bbox 1098 3816 1271 3864; x_wconf 82' lang='lat' dir='ltr'>atramentum,</span> <span class='ocrx_word' id='word_1_296' title='bbox 1300 3826 1346 3854; x_wconf 90' lang='lat' dir='ltr'>non</span> <span class='ocrx_word' id='word_1_297' title='bbox 1377 3827 1519 3867; x_wconf 82' lang='lat' dir='ltr'>persarum</span> 
     </span>
     <span class='ocr_line' id='line_1_35' title="bbox 337 3877 1520 3932; baseline 0.008 -14"><span class='ocrx_word' id='word_1_298' title='bbox 337 3877 470 3930; x_wconf 87' lang='lat' dir='ltr'>eolorium;</span> <span class='ocrx_word' id='word_1_299' title='bbox 490 3889 558 3920; x_wconf 86' lang='lat' dir='ltr'>secus</span> <span class='ocrx_word' id='word_1_300' title='bbox 581 3882 649 3932; x_wconf 70' lang='lat' dir='ltr'>atquae</span> <span class='ocrx_word' id='word_1_301' title='bbox 672 3891 714 3920; x_wconf 86' lang='lat' dir='ltr'>usn</span> <span class='ocrx_word' id='word_1_302' title='bbox 735 3879 798 3921; x_wconf 80' lang='lat' dir='ltr'>venit</span> <span class='ocrx_word' id='word_1_303' title='bbox 817 3879 839 3921; x_wconf 90' lang='lat' dir='ltr'>in</span> <span class='ocrx_word' id='word_1_304' title='bbox 859 3879 957 3922; x_wconf 78' lang='lat' dir='ltr'>Graecis</span> <span class='ocrx_word' id='word_1_305' title='bbox 981 3879 1071 3922; x_wconf 83' lang='lat' dir='ltr'>verbis.</span> <span class='ocrx_word' id='word_1_306' title='bbox 1107 3879 1186 3923; x_wconf 81' lang='lat' dir='ltr'>Porro</span> <span class='ocrx_word' id='word_1_307' title='bbox 1211 3881 1255 3923; x_wconf 80' lang='lat' dir='ltr'>boc</span> <span class='ocrx_word' id='word_1_308' title='bbox 1276 3882 1418 3926; x_wconf 75' lang='lat' dir='ltr'>vocabulum</span> <span class='ocrx_word' id='word_1_309' title='bbox 1438 3890 1520 3928; x_wconf 73' lang='lat' dir='ltr'>satient</span> 
     </span>
     <span class='ocr_line' id='line_1_36' title="bbox 338 3945 1519 4008; baseline 0.008 -21"><span class='ocrx_word' id='word_1_310' title='bbox 338 3959 382 4000; x_wconf 86' lang='lat' dir='ltr'>pro</span> <span class='ocrx_word' id='word_1_311' title='bbox 396 3946 463 3989; x_wconf 88' lang='lat' dir='ltr'>libito</span> <span class='ocrx_word' id='word_1_312' title='bbox 478 3947 563 3989; x_wconf 86' lang='lat' dir='ltr'>eruditi</span> <span class='ocrx_word' id='word_1_313' title='bbox 578 3947 694 3990; x_wconf 81' lang='lat' dir='ltr'>homines.</span> <span class='ocrx_word' id='word_1_314' title='bbox 734 3945 758 3990; x_wconf 85' lang='grc'>6.</span> <span class='ocrx_word' id='word_1_315' title='bbox 780 3948 1066 4004; x_wconf 81' lang='lat' dir='ltr'>ltacod.proprusmr&#39;i.</span> <span class='ocrx_word' id='word_1_316' title='bbox 1105 3946 1129 3993; x_wconf 75' lang='lat'>7.</span> <span class='ocrx_word' id='word_1_317' title='bbox 1150 3949 1346 4007; x_wconf 62' lang='lat' dir='ltr'>Gaddiguitue.</span> <span class='ocrx_word' id='word_1_318' title='bbox 1385 3950 1409 3996; x_wconf 82' lang='grc'>8,</span> <span class='ocrx_word' id='word_1_319' title='bbox 1432 3957 1519 4008; x_wconf 81' lang='lat' dir='ltr'>supple</span> 
     </span>
     <span class='ocr_line' id='line_1_37' title="bbox 337 4013 1518 4078; baseline 0.008 -22"><span class='ocrx_word' id='word_1_320' title='bbox 337 4013 435 4058; x_wconf 80' lang='lat' dir='ltr'>uerbum</span> <span class='ocrx_word' id='word_1_321' title='bbox 465 4015 509 4058; x_wconf 77' lang='lat' dir='ltr'>Gr·</span> <span class='ocrx_word' id='word_1_322' title='bbox 557 4013 581 4059; x_wconf 78' lang='lat'>9.</span> <span class='ocrx_word' id='word_1_323' title='bbox 608 4015 668 4059; x_wconf 91' lang='lat' dir='ltr'>Cod.</span> <span class='ocrx_word' id='word_1_324' title='bbox 698 4017 834 4061; x_wconf 74' lang='lat' dir='ltr'>oratoriae.</span> <span class='ocrx_word' id='word_1_325' title='bbox 883 4016 924 4062; x_wconf 88' lang='lat' dir='ltr'>lll.</span> <span class='ocrx_word' id='word_1_326' title='bbox 949 4018 1009 4061; x_wconf 87' lang='lat' dir='ltr'>Cod.</span> <span class='ocrx_word' id='word_1_327' title='bbox 1034 4018 1159 4073; x_wconf 77' lang='lat' dir='ltr'>copiosae.</span> <span class='ocrx_word' id='word_1_328' title='bbox 1210 4019 1249 4065; x_wconf 84' lang='lat' dir='ltr'>ll.</span> <span class='ocrx_word' id='word_1_329' title='bbox 1279 4019 1339 4063; x_wconf 89' lang='lat' dir='ltr'>Cod.</span> <span class='ocrx_word' id='word_1_330' title='bbox 1368 4021 1518 4078; x_wconf 65' lang='lat' dir='ltr'>pretabere.</span> 
     </span>
     <span class='ocr_line' id='line_1_38' title="bbox 339 4082 1521 4144; baseline 0.008 -18"><span class='ocrx_word' id='word_1_331' title='bbox 339 4082 378 4127; x_wconf 80' lang='lat'>12.</span> <span class='ocrx_word' id='word_1_332' title='bbox 401 4085 434 4128; x_wconf 84' lang='lat' dir='ltr'>lta</span> <span class='ocrx_word' id='word_1_333' title='bbox 454 4087 506 4134; x_wconf 78' lang='lat' dir='ltr'>cod.</span> <span class='ocrx_word' id='word_1_334' title='bbox 530 4085 575 4128; x_wconf 88' lang='lat' dir='ltr'>nisi</span> <span class='ocrx_word' id='word_1_335' title='bbox 595 4086 669 4129; x_wconf 82' lang='lat' dir='ltr'>rnasis</span> <span class='ocrx_word' id='word_1_336' title='bbox 687 4092 825 4144; x_wconf 70' lang='lat' dir='ltr'>quaestore.</span> <span class='ocrx_word' id='word_1_337' title='bbox 863 4085 981 4143; x_wconf 84' lang='lat' dir='ltr'>(Verbum</span> <span class='ocrx_word' id='word_1_338' title='bbox 1006 4088 1097 4131; x_wconf 81' lang='lat' dir='ltr'>ridetur</span> <span class='ocrx_word' id='word_1_339' title='bbox 1119 4088 1251 4132; x_wconf 78' lang='lat' dir='ltr'>excidisse:</span> <span class='ocrx_word' id='word_1_340' title='bbox 1281 4091 1359 4135; x_wconf 77' lang='lat' dir='ltr'>velut:</span> <span class='ocrx_word' id='word_1_341' title='bbox 1389 4090 1521 4136; x_wconf 80' lang='lat' dir='ltr'>obtinebat</span> 
     </span>
     <span class='ocr_line' id='line_1_39' title="bbox 338 4151 1312 4216; baseline 0.007 -22"><span class='ocrx_word' id='word_1_342' title='bbox 338 4151 461 4213; x_wconf 75' lang='lat' dir='ltr'>(latenter</span> <span class='ocrx_word' id='word_1_343' title='bbox 479 4155 534 4213; x_wconf 82' lang='lat' dir='ltr'>lega</span> <span class='ocrx_word' id='word_1_344' title='bbox 553 4153 623 4198; x_wconf 77' lang='lat' dir='ltr'>Tuta</span> <span class='ocrx_word' id='word_1_345' title='bbox 644 4157 680 4199; x_wconf 86' lang='lat' dir='ltr'>rel</span> <span class='ocrx_word' id='word_1_346' title='bbox 702 4154 780 4200; x_wconf 87' lang='lat' dir='ltr'>simile</span> <span class='ocrx_word' id='word_1_347' title='bbox 803 4157 868 4214; x_wconf 84' lang='lat' dir='ltr'>quid.</span> <span class='ocrx_word' id='word_1_348' title='bbox 900 4151 963 4216; x_wconf 74' lang='lat' dir='ltr'>Oa.)</span> <span class='ocrx_word' id='word_1_349' title='bbox 1010 4153 1050 4200; x_wconf 85' lang='lat'>13.</span> <span class='ocrx_word' id='word_1_350' title='bbox 1071 4157 1130 4200; x_wconf 85' lang='lat' dir='ltr'>Cod.</span> <span class='ocrx_word' id='word_1_351' title='bbox 1157 4159 1312 4201; x_wconf 81' lang='lat' dir='ltr'>eurietutiue.</span> 
     </span>
    </p>
   </div>
   <div class='ocr_carea' id='block_1_16' title="bbox 195 4307 1520 4832">
    <p class='ocr_par' dir='ltr' id='par_1_20' title="bbox 195 4307 1520 4585">
     <span class='ocr_line' id='line_1_40' title="bbox 291 4307 1520 4383; baseline 0.006 -21"><span class='ocrx_word' id='word_1_352' title='bbox 291 4311 319 4362; x_wconf 79' lang='grc'>9.</span> <span class='ocrx_word' id='word_1_353' title='bbox 340 4307 417 4361; x_wconf 86' lang='lat' dir='ltr'>ldem</span> <span class='ocrx_word' id='word_1_354' title='bbox 436 4309 485 4361; x_wconf 83' lang='lat' dir='ltr'>hic</span> <span class='ocrx_word' id='word_1_355' title='bbox 505 4326 562 4374; x_wconf 83' lang='lat' dir='ltr'>est,</span> <span class='ocrx_word' id='word_1_356' title='bbox 580 4327 661 4380; x_wconf 87' lang='lat' dir='ltr'>quem</span> <span class='ocrx_word' id='word_1_357' title='bbox 676 4312 774 4364; x_wconf 83' lang='lat' dir='ltr'>Cicero</span> <span class='ocrx_word' id='word_1_358' title='bbox 795 4309 829 4364; x_wconf 84' lang='lat' dir='ltr'>ad</span> <span class='ocrx_word' id='word_1_359' title='bbox 843 4313 876 4380; x_wconf 90' lang='lat' dir='ltr'>Q.</span> <span class='ocrx_word' id='word_1_360' title='bbox 899 4314 941 4365; x_wconf 79' lang='lat' dir='ltr'>Fr.</span> <span class='ocrx_word' id='word_1_361' title='bbox 964 4313 999 4367; x_wconf 88' lang='lat' dir='ltr'>tt.</span> <span class='ocrx_word' id='word_1_362' title='bbox 1023 4313 1048 4367; x_wconf 80' lang='lat' dir='ltr'>t.</span> <span class='ocrx_word' id='word_1_363' title='bbox 1069 4311 1187 4383; x_wconf 76' lang='lat' dir='ltr'>appellat</span> <span class='ocrx_word' id='word_1_364' title='bbox 1210 4315 1335 4366; x_wconf 83' lang='lat' dir='ltr'>Macrum</span> <span class='ocrx_word' id='word_1_365' title='bbox 1359 4317 1520 4371; x_wconf 65' lang='lat' dir='ltr'>lacinium:</span> 
     </span>
     <span class='ocr_line' id='line_1_41' title="bbox 199 4383 1520 4456; baseline 0.005 -20"><span class='ocrx_word' id='word_1_366' title='bbox 199 4383 346 4436; x_wconf 83' lang='lat' dir='ltr'>Vatinium</span> <span class='ocrx_word' id='word_1_367' title='bbox 365 4383 507 4434; x_wconf 81' lang='lat' dir='ltr'>arbitratu</span> <span class='ocrx_word' id='word_1_368' title='bbox 527 4396 626 4435; x_wconf 84' lang='lat' dir='ltr'>nostro</span> <span class='ocrx_word' id='word_1_369' title='bbox 646 4387 823 4440; x_wconf 77' lang='lat' dir='ltr'>concidimus.</span> <span class='ocrx_word' id='word_1_370' title='bbox 862 4387 935 4455; x_wconf 84' lang='lat' dir='ltr'>Quin</span> <span class='ocrx_word' id='word_1_371' title='bbox 954 4392 1039 4438; x_wconf 80' lang='lat' dir='ltr'>etiam</span> <span class='ocrx_word' id='word_1_372' title='bbox 1061 4387 1173 4438; x_wconf 82' lang='lat' dir='ltr'>Paullus</span> <span class='ocrx_word' id='word_1_373' title='bbox 1192 4398 1305 4452; x_wconf 78' lang='lat' dir='ltr'>noster,</span> <span class='ocrx_word' id='word_1_374' title='bbox 1330 4411 1412 4456; x_wconf 74' lang='lat' dir='ltr'>petrem</span> <span class='ocrx_word' id='word_1_375' title='bbox 1439 4401 1520 4444; x_wconf 80' lang='lat' dir='ltr'>testis</span> 
     </span>
     <span class='ocr_line' id='line_1_42' title="bbox 195 4458 1519 4533; baseline 0.008 -27"><span class='ocrx_word' id='word_1_376' title='bbox 195 4458 350 4525; x_wconf 81' lang='lat' dir='ltr'>productus</span> <span class='ocrx_word' id='word_1_377' title='bbox 370 4467 440 4508; x_wconf 81' lang='lat' dir='ltr'>esset</span> <span class='ocrx_word' id='word_1_378' title='bbox 461 4464 489 4508; x_wconf 83' lang='lat' dir='ltr'>in</span> <span class='ocrx_word' id='word_1_379' title='bbox 509 4461 644 4525; x_wconf 75' lang='lat' dir='ltr'>Sestiana,</span> <span class='ocrx_word' id='word_1_380' title='bbox 670 4460 854 4533; x_wconf 81' lang='lat' dir='ltr'>confirmavit</span> <span class='ocrx_word' id='word_1_381' title='bbox 873 4480 902 4512; x_wconf 79' lang='lat' dir='ltr'>ee</span> <span class='ocrx_word' id='word_1_382' title='bbox 921 4480 1020 4513; x_wconf 76' lang='lat' dir='ltr'>nornen</span> <span class='ocrx_word' id='word_1_383' title='bbox 1040 4463 1071 4516; x_wconf 90' lang='lat' dir='ltr'><em>V</em></span> <span class='ocrx_word' id='word_1_384' title='bbox 1070 4468 1154 4513; x_wconf 83' lang='lat' dir='ltr'>eliur’r&#39;</span> <span class='ocrx_word' id='word_1_385' title='bbox 1173 4461 1346 4529; x_wconf 78' lang='lat' dir='ltr'>delaturum,</span> <span class='ocrx_word' id='word_1_386' title='bbox 1371 4472 1399 4516; x_wconf 79' lang='lat' dir='ltr'>ei</span> <span class='ocrx_word' id='word_1_387' title='bbox 1419 4469 1519 4520; x_wconf 80' lang='lat' dir='ltr'>Macer</span> 
     </span>
     <span class='ocr_line' id='line_1_43' title="bbox 199 4533 529 4585; baseline 0.003 -1"><span class='ocrx_word' id='word_1_388' title='bbox 199 4533 321 4584; x_wconf 62' lang='lat' dir='ltr'>lacinias</span> <span class='ocrx_word' id='word_1_389' title='bbox 340 4542 529 4585; x_wconf 63' lang='lat' dir='ltr'>occursantur.</span> 
     </span>
    </p>

    <p class='ocr_par' dir='ltr' id='par_1_21' title="bbox 278 4609 770 4677">
     <span class='ocr_line' id='line_1_44' title="bbox 278 4609 770 4677; baseline 0.012 -18"><span class='ocrx_word' id='word_1_390' title='bbox 278 4611 317 4663; x_wconf 82' lang='grc'>15.</span> <span class='ocrx_word' id='word_1_391' title='bbox 340 4609 437 4660; x_wconf 84' lang='lat' dir='ltr'>Recole</span> <span class='ocrx_word' id='word_1_392' title='bbox 459 4625 507 4677; x_wconf 85' lang='lat' dir='ltr'>pro</span> <span class='ocrx_word' id='word_1_393' title='bbox 530 4611 619 4661; x_wconf 75' lang='lat' dir='ltr'>Sestio</span> <span class='ocrx_word' id='word_1_394' title='bbox 641 4610 723 4663; x_wconf 69' lang='lat' dir='ltr'>bxv,</span> <span class='ocrx_word' id='word_1_395' title='bbox 744 4617 770 4665; x_wconf 79' lang='lat'>2.</span> 
     </span>
    </p>

    <p class='ocr_par' dir='ltr' id='par_1_22' title="bbox 197 4683 1519 4832">
     <span class='ocr_line' id='line_1_45' title="bbox 272 4683 1519 4764; baseline 0.013 -36"><span class='ocrx_word' id='word_1_396' title='bbox 272 4684 318 4738; x_wconf 76' lang='lat'>23.</span> <span class='ocrx_word' id='word_1_397' title='bbox 338 4683 386 4732; x_wconf 86' lang='lat' dir='ltr'>Vel</span> <span class='ocrx_word' id='word_1_398' title='bbox 408 4685 473 4734; x_wconf 75' lang='lat' dir='ltr'>hacc</span> <span class='ocrx_word' id='word_1_399' title='bbox 496 4686 588 4749; x_wconf 72' lang='lat' dir='ltr'>ignora</span> <span class='ocrx_word' id='word_1_400' title='bbox 610 4684 652 4736; x_wconf 72' lang='lat' dir='ltr'>lex</span> <span class='ocrx_word' id='word_1_401' title='bbox 671 4686 744 4740; x_wconf 79' lang='lat' dir='ltr'>Titia</span> <span class='ocrx_word' id='word_1_402' title='bbox 766 4701 822 4742; x_wconf 71' lang='grc' dir='ltr'>αις</span> <span class='ocrx_word' id='word_1_403' title='bbox 844 4685 884 4736; x_wconf 82' lang='lat' dir='ltr'>vel</span> <span class='ocrx_word' id='word_1_404' title='bbox 904 4703 977 4738; x_wconf 81' lang='lat' dir='ltr'>rene</span> <span class='ocrx_word' id='word_1_405' title='bbox 998 4702 1080 4753; x_wconf 83' lang='lat' dir='ltr'>capnt</span> <span class='ocrx_word' id='word_1_406' title='bbox 1101 4708 1155 4740; x_wconf 84' lang='lat' dir='ltr'>nnn</span> <span class='ocrx_word' id='word_1_407' title='bbox 1177 4687 1245 4742; x_wconf 80' lang='lat' dir='ltr'>adeo</span> <span class='ocrx_word' id='word_1_408' title='bbox 1258 4706 1432 4762; x_wconf 81' lang='lat' dir='ltr'>compertum</span> <span class='ocrx_word' id='word_1_409' title='bbox 1450 4692 1519 4764; x_wconf 80' lang='lat' dir='ltr'>legis</span> 
     </span>
     <span class='ocr_line' id='line_1_46' title="bbox 197 4755 1147 4832; baseline 0.012 -26"><span class='ocrx_word' id='word_1_410' title='bbox 197 4758 324 4828; x_wconf 79' lang='lat' dir='ltr'>cognitae</span> <span class='ocrx_word' id='word_1_411' title='bbox 345 4756 436 4810; x_wconf 79' lang='lat' dir='ltr'>Titiae</span> <span class='ocrx_word' id='word_1_412' title='bbox 453 4755 495 4818; x_wconf 67' lang='lat' dir='ltr'>de.</span> <span class='ocrx_word' id='word_1_413' title='bbox 511 4761 694 4827; x_wconf 77' lang='lat' dir='ltr'>uectigalibus</span> <span class='ocrx_word' id='word_1_414' title='bbox 710 4779 761 4831; x_wconf 80' lang='lat' dir='ltr'>per</span> <span class='ocrx_word' id='word_1_415' title='bbox 780 4769 954 4832; x_wconf 76' lang='lat' dir='ltr'>pemestoreur</span> <span class='ocrx_word' id='word_1_416' title='bbox 975 4763 1147 4831; x_wconf 72' lang='lat' dir='ltr'>colligandis.</span> 
     </span>
    </p>
   </div>
   <div class='ocr_carea' id='block_1_17' title="bbox 0 0 1610 5280">
    <p class='ocr_par' dir='ltr' id='par_1_23' title="bbox 0 0 1610 5280">
     <span class='ocr_line' id='line_1_47' title="bbox 0 0 1610 5280; baseline 0 1"><span class='ocrx_word' id='word_1_417' title='bbox 0 0 1610 5280; x_wconf 95' lang='lat' dir='ltr'> </span> 
     </span>
    </p>
   </div>
  </div>
 </body>
</html>
