3210 5280
185 208 246 276 ito
329 277 331 281 ,
617 207 1056 275 Ρ8ΕΠΒο-Α80οΝΙΠ8

185 371 255 413 curm
277 349 397 413 videret
417 346 449 412 id
470 345 540 432 agi,
564 357 599 411 ut
621 369 638 410 a
659 348 752 431 [M'.]
774 347 948 413 Glabrione
969 359 1117 429 praetore
1140 357 1171 410 et
1189 349 1230 411 ab
1251 345 1288 411 iis
1309 346 1482 426 iudicibus,

187 442 241 528 qui
261 453 335 504 istnc
352 454 460 516 erant,
491 444 528 504 ad
549 440 642 503 aliurn
665 461 778 504 annum
801 442 954 525 aliumque
975 454 1155 524 praetorem
1176 462 1227 504 res
1249 451 1318 504 tota
1340 443 1489 504 transiret

187 535 422 616 eripereturque
441 533 501 596 sibi
523 553 595 596 reus
617 535 795 614 patrocinio
818 535 980 598 Hortensii
1002 555 1038 597 ac
1059 534 1203 611 Metelli,
1236 532 1289 616 qui
1312 545 1388 597 tunc
1413 555 1491 597 con·

187 628 270 691 eules
290 626 390 688 futmi
409 636 498 687 erant
532 628 610 706 (per
639 627 699 688 hos
732 647 855 689 omnem
887 628 1010 691 Verres
1042 627 1185 690 eludendi
1212 625 1318 689 iudicii
1347 627 1491 688 fiduciam

161 721 400 802 sennrpserat)=
423 720 485 781 hoc
507 730 700 781 commentus
722 728 770 781 est
787 717 936 795 rationis,
959 732 995 783 ut
1013 721 1187 785 orationem
1203 719 1330 802 longam
1350 731 1493 799 praeter·

187 812 324 876 mitteret
346 831 445 893 neque
459 810 490 872 in
506 809 687 873 criminibus
701 810 923 874 declamatione
938 810 1129 876 cumulandis
1149 822 1271 893 tempus
1290 813 1494 886 absumeret,

187 907 242 969 sed
264 905 480 967 tantummodo
501 901 612 964 citaret
634 913 731 966 testes
754 904 792 965 ad
822 925 914 965 unum
943 907 1091 987 quodque
1121 903 1238 966 crimen
1264 903 1443 985 expositum
1464 913 1496 965 et

187 1018 245 1062 eos
266 996 441 1060 Hortensio
463 994 707 1078 interrogandos
731 998 842 1060 daret:
873 987 935 1080 qua'
957 1008 1025 1059 arte
1047 998 1088 1059 ita
1109 1007 1158 1059 est
1175 996 1326 1079 fatigatus
1350 995 1494 1059 Horten·

188 1088 272 1161 sius,
296 1099 331 1149 ut
351 1087 447 1160 nihil,
469 1097 579 1150 contra
605 1089 691 1170 quod
720 1089 856 1163 diceret,
889 1088 1061 1162 inveniret,
1084 1087 1151 1170 ipse
1176 1086 1268 1150 etiam
1290 1085 1411 1149 Verres
1441 1089 1495 1149 de·

147 1190 318 1266 insperato
338 1178 517 1262 patrocinio
540 1199 595 1241 sua
617 1192 731 1267 sponte
753 1180 926 1243 discederet
944 1180 975 1243 in
997 1180 1136 1244 exilium.

272 1273 346 1336 Hoc
367 1271 466 1355 igitur
489 1271 611 1333 laborat
638 1270 670 1334 in
692 1273 834 1335 oratione
855 1275 915 1335 hac
938 1284 1006 1335 tota
1025 1271 1170 1347 Tullius,
1207 1280 1243 1334 ut
1263 1271 1408 1334 ostendat
1429 1292 1493 1333 non

187 1365 264 1429 dolo
286 1386 344 1428 uec
365 1363 496 1437 astutia,
528 1365 583 1426 sed
605 1364 807 1440 necessitate,
838 1364 944 1429 facere
962 1364 1009 1440 id,
1041 1366 1127 1448 quod
1147 1361 1242 1441 fecit,
1266 1374 1297 1426 et
1319 1363 1416 1447 magis
1439 1365 1495 1424 ad·

188 1457 404 1521 versariorum
419 1455 582 1518 lrassdihus
601 1469 768 1532 occstrrat,
792 1478 885 1540 quam
899 1469 933 1522 ut
946 1457 1015 1540 ipse
1029 1458 1069 1520 sit
1084 1457 1255 1539 captiosus.
1299 1455 1379 1518 Vult
1393 1455 1493 1530 enim,

187 1561 222 1614 ut
244 1549 395 1624 diximus,
427 1568 519 1611 omne
541 1549 605 1610 hoc
626 1559 765 1631 tempus,
795 1552 882 1633 quod
902 1561 950 1615 est
971 1561 1042 1612 ante
1064 1549 1139 1615 Kal.
1162 1549 1290 1612 Ianuar.
1313 1547 1496 1629 dispensare

75 1636 78 1641 ’
147 1641 219 1710 isin
240 1642 338 1705 totius
360 1661 471 1704 causae
492 1642 667 1715 actionem,
691 1662 729 1704 ne
744 1644 784 1705 ad
798 1641 891 1706 alium
909 1655 1092 1729 praetorem
1111 1641 1252 1726 aliosque
1265 1638 1384 1703 iudices
1401 1639 1494 1701 noris

132 1735 372 1822 [uqconsulibus
394 1732 578 1796 veniendum
600 1732 653 1796 sit.

273 1829 362 1891 'l'oto
386 1825 484 1909 igitur
503 1826 567 1891 hoc
587 1826 672 1889 libro
693 1824 873 1891 exhortatio
894 1827 1030 1891 iudicum
1053 1826 1231 1890 continetur
1254 1824 1294 1887 ad
1312 1842 1391 1885 vere
1414 1823 1495 1887 iudi.

189 1920 340 1983 candum:
360 1919 463 2004 pninae
478 1918 509 1982 in
525 1919 723 1983 adversarios
740 1919 917 2005 diriguntur
939 1922 1041 1985 ornnia
1064 1931 1216 1982 tentantes
1235 1920 1274 1979 ad
1288 1937 1495 1999 corrumpen-

189 2015 261 2077 dum
283 2010 448 2085 iudicium3
471 2023 502 2074 et
516 2011 729 2094 expositiones
746 2011 910 2076 Ciceronis
924 2012 1048 2078 consilii
1062 2013 1112 2075 sui
1126 2009 1279 2074 iudicibus
1295 2008 1495 2086 exhibentur,

147 2107 216 2185 2⁰¹1·
242 2125 320 2187 quas
352 2105 521 2168 intractans
554 2104 761 2170 communiter
768 2127 779 2182 s
814 2106 1015 2191 brevitasque
1051 2105 1300 2170 obiiciendorum
1331 2102 1497 2165 eriminum

192 2197 271 2262 mira
293 2209 361 2260 arte
381 2197 562 2262 coniicitur.
940 2196 944 2203 “

270 2290 394 2353 statos:
425 2287 582 2370 Quantum
610 2291 650 2352 ad
674 2287 803 2352 cumina
831 2311 944 2355 causae
963 2293 1205 2374 repetundarum
1228 2294 1383 2374 pertinet,
1420 2310 1498 2354 con-

189 2379 309 2444 iectura
328 2381 490 2464 multiplex
509 2383 588 2448 inest
608 2384 752 2449 omnibus
767 2384 874 2459 libris3
897 2398 1045 2468 quantum
1060 2388 1100 2448 ad
1114 2386 1279 2468 specialem
1293 2384 1499 2450 intentionem

190 2470 263 2536 libri
284 2474 376 2537 huius
396 2477 554 2550 retertur,
578 2478 710 2559 qualitas
735 2477 900 2560 negotialis
921 2488 1012 2540 extra
1033 2479 1183 2561 scriptum
1205 2478 1235 2540 iu
1251 2479 1403 2561 particula
1420 2475 1499 2538 iuris

148 2576 238 2633 esest
260 2569 444 2634 constituta.
496 2570 660 2634 inducitur
691 2570 773 2634 enim
792 2596 798 2607 ¹
806 2569 980 2654 postulatio
1017 2574 1055 2634 de
1092 2572 1204 2656 agendi
1237 2565 1324 2637 novo
1357 2590 1494 2655 genere,

190 2657 343 2749 siquidem
375 2661 454 2744 petit
483 2662 624 2745 permitti
651 2662 712 2726 sibi
744 2683 807 2727 non
837 2664 884 2726 uti
909 2665 1054 2728 oratione
1074 2677 1246 2748 perpetua,
1279 2668 1336 2730 sed
1356 2661 1498 2726 breviter

190 2749 319 2815 crimina
341 2774 524 2837 proponere
544 2765 576 2817 et
597 2757 638 2817 ad
658 2755 780 2839 singula
801 2765 898 2818 testes
919 2758 1007 2819 dare.

274 2845 353 2908 Sunt
372 2858 473 2910 autern
494 2848 595 2929 capita
618 2848 771 2931 orationis
791 2848 889 2911 haec:
922 2851 976 2913 An
997 2849 1069 2913 talis
1097 2871 1191 2930 reus,
1229 2850 1316 2915 cuius
1340 2845 1498 2912 damnatio

284 3122 312 3172 1.
331 3134 350 3167 a
367 3115 424 3170 Μ’.
443 3117 602 3186 Glabrione]
623 3117 737 3172 Solunte.
766 3141 802 3158 -
834 3133 853 3170 a
871 3117 915 3172 M.
935 3119 1085 3191 Glabrione
1103 3120 1169 3176 Hos.
1188 3121 1269 3176 Creo.
1291 3119 1390 3175 Graes.
1417 3145 1455 3161 —
1481 3135 1502 3170 a
1535 3085 1544 3110 ⁰

191 3189 342 3244 Glabrione
362 3197 483 3254 (omisso
502 3197 698 3264 praenomine)
719 3197 832 3264 priores.

265 3263 338 3318 ibid.
354 3275 486 3336 praetore
504 3274 534 3318 et
551 3266 600 3338 ab]
620 3265 681 3322 aid.
700 3284 728 3320 et
747 3283 822 3339 seqq.
845 3294 878 3309 -
895 3258 1031 3338 praetori
1047 3267 1082 3318 ab
1103 3268 1192 3322 Prlne.
1212 3266 1321 3322 Berrld.

283 3340 311 3395 lt.
330 3344 448 3410 omnem]
467 3343 517 3396 Sic
534 3346 643 3414 scripsi.
662 3369 700 3384 -
724 3359 816 3394 omme
834 3343 926 3398 Princ.
943 3340 1051 3396 Berald.
1072 3341 1133 3397 aid.
1152 3341 1221 3397 Lod.
1252 3369 1290 3385 —
1321 3347 1392 3395 enirn
1413 3340 1500 3416 Lugd.

191 3410 257 3467 Hot.
276 3414 354 3467 Man.
374 3415 455 3468 Cren.

285 3489 313 3544 5.
330 3492 583 3559 praetermitteret]
600 3494 795 3559 praemitteret
813 3490 895 3545 Creo.

264 3565 309 3619 12.
328 3571 357 3614 et
375 3567 478 3632 magis]
499 3572 531 3615 ut
549 3570 643 3633 tnagis
664 3563 768 3618 Berald.

267 3643 313 3699 15.
330 3655 411 3708 quarn
429 3641 475 3710 ut]
496 3637 580 3710 Lugd.
601 3641 665 3692 liot.
684 3640 761 3693 Man.
781 3640 860 3694 Cren.
878 3667 916 3682 —·
934 3643 1059 3710 quaenrss's
1079 3643 1193 3713 priores.

266 3714 312 3768 15.
331 3717 486 3778 actionem,
506 3731 540 3764 ne
558 3712 607 3781 ad]
626 3711 688 3767 aid.
708 3731 736 3767 et
755 3730 830 3785 seqq.
848 3742 886 3757 —·
903 3720 1052 3768 actionem.
1073 3714 1123 3765 Aa
1141 3716 1234 3767 Ptine.
1252 3712 1362 3770 Bertld.
1383 3729 1411 3769 ot
1430 3715 1499 3768 Me-

192 3783 360 3852 haebraea,
379 3792 426 3857 qui
450 3803 542 3841 tamen
562 3792 679 3860 margini
699 3787 859 3860 adscripsit:
878 3788 1021 3860 ,Opinor‚
1040 3806 1075 3839 ne
1093 3788 1133 3839 ad
1149 3789 1265 3843 aliurn.”

267 3868 311 3921 18.
330 3860 522 3930 adversarios]
543 3861 605 3917 aid.
627 3879 654 3916 et
674 3879 748 3935 seqq.
767 3892 802 3907 ·-
820 3862 984 3915 adversario
1004 3865 1096 3917 Prion.
1113 3891 1152 3906 -
1168 3861 1497 3917 adversarium'Bersld.

269 3939 314 3993 19.
332 3944 361 3987 et
378 3941 567 4007 expositiones
584 3968 602 3980 -
621 3967 640 3981 -
658 3967 677 3981 ··
696 3936 873 4005 exhibentur]
894 3936 957 3991 nid.
979 3953 1005 3990 et
1018 3955 1093 4009 seqq.
1113 3938 1149 3979 ·'-
1168 3945 1197 3990 et
1214 3944 1388 4008 expositione
1406 3968 1425 3982 -
1443 3969 1463 3982 ·
1482 3971 1499 3982 -

192 4010 372 4065 exhiberetur
391 4014 482 4066 Prino.
499 4039 537 4054 —·
555 4018 583 4063 ei
601 4019 634 4064 ut
651 4017 840 4084 expositiones
858 4042 876 4054 -
894 4042 913 4054 -
932 4042 951 4054 -
969 4009 1165 4064 exhiberentur
1182 4011 1291 4066 Berald.

267 4090 314 4143 20.
332 4102 401 4155 quas
418 4090 578 4138 intractans
595 4117 612 4130 -
630 4117 646 4130 -
665 4118 683 4130 -
701 4086 861 4159 conficitur]
889 4086 935 4138 Sic
961 4101 1089 4157 corrupte
1114 4087 1207 4140 Prino.
1235 4084 1296 4144 aid.
1315 4084 1402 4159 Lngd.
1421 4085 1500 4139 Man.

194 4165 267 4228 (nisi
288 4157 360 4230 qnod
380 4164 409 4212 lo
427 4158 489 4214 uid.
509 4159 597 4233 Lugd.
617 4161 693 4215 Man.
712 4161 812 4232 legittir
831 4160 956 4213 brevitas
975 4168 1106 4232 quoque).
1125 4187 1159 4203 -
1187 4178 1255 4232 qrsas
1272 4170 1402 4213 tractans
1421 4178 1501 4213 com-

192 4240 314 4288 muniter
332 4232 504 4306 breviterque
523 4237 602 4287 obiic.
623 4241 699 4287 arim.
720 4240 821 4287 mirans
833 4244 924 4287 artem
939 4232 1055 4306 conficit
1069 4234 1179 4289 Berald.
1194 4234 1261 4289 Lod.
1280 4265 1317 4279 -
1336 4242 1415 4307 quasi
1426 4241 1501 4286 inter

193 4327 240 4361 eos
259 4316 418 4361 tractentur
435 4315 631 4363 commrsniter:
653 4311 698 4361 abi
719 4309 845 4362 brevitas
862 4327 964 4381 quoque
984 4308 1063 4362 obiic.
1082 4316 1160 4364 crim.
1178 4316 1251 4363 mira
1269 4319 1332 4362 arte
1350 4307 1501 4382 conficitur

194 4386 258 4437 lios.
280 4385 361 4436 Creo.
399 4383 471 4449 “sic
490 4390 615 4456 reposui,
648 4390 835 4438 coniecturam
865 4390 976 4455 capiens
1003 4401 1035 4435 er
1059 4402 1107 4450 eo,
1139 4384 1211 4455 quod
1236 4382 1303 4437 dicit
1324 4385 1404 4457 paulo
1424 4401 1503 4456 post,

193 4463 331 4528 expositio
351 4458 460 4509 consilii
478 4464 537 4522 sui,
567 4466 599 4509 ut
623 4477 683 4511 cum
704 4459 839 4511 iudicibus
856 4459 1020 4510 deliberatio
1039 4473 1093 4512 cet.
1132 4461 1230 4522 Vetus,
1247 4464 1325 4529 quasi
1343 4464 1419 4510 inter
1437 4467 1502 4508 tra-

193 4540 275 4585 cians
292 4542 472 4584 communiter
491 4538 504 4568 i
525 4533 651 4585 brevitas
670 4535 740 4589 cet.”
759 4535 846 4589 HOT.
884 4535 938 4587 Pro
951 4533 1166 4586 obiiciendoruns
1185 4533 1271 4600 ulls.
1283 4531 1499 4587 indicendorum.

192 4603 214 4662 f.
233 4606 465 4659 iudicandorum.‘'
491 4607 620 4663 GRAEV.

267 4688 312 4741 23.
332 4685 415 4746 inest]
436 4679 496 4735 Ald.
517 4698 544 4735 et
564 4699 638 4754 seqq.
657 4707 693 4722 -
712 4692 754 4733 est
774 4683 864 4735 Princ.
886 4680 993 4738 Bessld.

267 4760 312 4814 2'4.
332 4755 465 4825 qualitas]
485 4774 569 4808 carna
590 4756 648 4813 Ald.
669 4756 753 4830 Lugii.
770 4759 850 4811 Man.
