3210 5280
158 226 220 290 420
489 223 787 290 SCHOLIASTA
810 221 1149 289 GRONOVIANUS

157 388 199 430 ne
214 364 361 429 videatur
380 376 551 449 propterea
568 364 693 442 dicere,
717 376 753 428 nt
768 364 973 429 incautiorem
988 365 1118 443 reddat,
1144 362 1322 428 cautiorem
1336 361 1480 428 iaciendo

158 481 304 524 securum
325 471 430 522 tamen
452 471 603 541 praestat.
888 455 893 465 '

183 566 186 571 ’
245 553 308 626 Ut,
331 552 413 616 siin
429 557 598 617 alterutro
608 554 820 636 peccandum
840 551 900 632 eit]
924 553 1026 617 Forte
1047 552 1119 618 dico
1145 551 1221 616 tibi:
1246 573 1345 615 cave:
1368 550 1480 613 falsum

160 660 226 722 est;
251 660 282 711 et
303 647 394 711 dicor
419 645 557 713 timidus.
599 647 700 711 Forte
723 647 781 712 tibi
808 649 899 712 dico:
923 647 988 712 noli
1012 647 1141 722 timere,
1166 657 1198 710 et
1220 667 1332 709 uerum
1360 657 1428 719 est;
1451 655 1480 706 et

136 741 251 813 sdicor
272 740 472 823 inprovidus.
528 741 610 805 Ideo
633 741 729 806 dixit:
762 743 856 827 quod
878 741 910 805 si
937 740 972 803 in
998 743 1168 804 alterutro
1187 739 1403 823 peccandum
1424 737 1479 800 sit.

247 834 329 917 Cap.
353 834 456 898 VIII.
479 835 533 897 dl.
565 836 749 919 Multaque
773 848 916 920 uterque
937 836 1026 916 duae]
1059 831 1196 898 Dicebat
1223 832 1365 898 Caesar:
1399 831 1480 906 „vi-

160 932 271 1004 deant,
296 931 352 1014 qni
377 929 451 991 mibi
476 927 603 991 insidias
625 928 758 992 faciunt.
804 929 881 992 Mea
905 927 980 990 nihil
1001 927 1166 991 interest.''

246 1025 299 1087 25.
323 1026 437 1086 Tuum
446 1021 778 1106 praeclarissimam]
807 1021 949 1088 Primum
968 1022 1126 1098 concede,
1151 1041 1191 1083 ne
1206 1019 1356 1084 videatur
1371 1029 1479 1084 contra

161 1116 229 1182 eius
255 1117 437 1180 sententiam
459 1115 584 1180 venire.

119 1238 151 1287 to
247 1210 338 1275 Satis
357 1211 418 1274 diu
437 1209 512 1274 uiui
531 1211 582 1272 vel
602 1221 749 1273 naturae
769 1210 822 1270 uel
838 1206 986 1292 gloriae]
1011 1196 1109 1287 Quasi
1126 1208 1312 1297 rerba-sunt
1331 1206 1479 1290 sapientis

161 1305 346 1391 philosophi
371 1304 599 1370 contemnentis
626 1303 734 1367 uitam.
777 1303 893 1387 ltaque
916 1301 1019 1387 inquit
1038 1313 1199 1366 naturae.
1240 1300 1241 1305 ’

246 1400 453 1481 Doctorum]
486 1399 771 1481 Philosophorum.
885 1456 887 1462 ,

248 1495 317 1560 Sed
340 1506 413 1557 tum
438 1493 490 1555 ita
512 1492 687 1568 audirem,
726 1490 757 1555 si
782 1490 845 1555 tibi
868 1491 935 1555 soli
964 1490 1092 1556 uiueres
1122 1535 1132 1555 .
1165 1534 1175 1554 .
1207 1532 1217 1556 .
1250 1532 1260 1556 .
1286 1531 1296 1555 .
1331 1493 1480 1556 Tantum

161 1589 242 1654 abes
268 1610 291 1650 a
313 1585 545 1678 perfectione]
578 1583 678 1665 Quasi
698 1586 838 1650 lubricae
860 1585 939 1649 lacit
960 1585 1210 1650 translationem.

120 1706 152 1756 15
246 1681 357 1765 Quid,
383 1679 415 1742 si
430 1678 524 1743 istud
542 1698 583 1741 ne
604 1677 739 1762 gloriae
760 1679 896 1766 quidem
911 1680 998 1768 satis
1018 1678 1084 1761 eet]
1108 1679 1204 1743 Redit
1219 1679 1260 1741 ad
1277 1676 1478 1751 sententiam

163 1774 275 1839 iterum
298 1772 345 1838 rei
368 1772 516 1855 publicae
529 1792 544 1839 t
560 1772 698 1854 patriae
719 1786 809 1838 certe
826 1795 968 1856 purum.

247 1870 301 1932 26.
325 1865 577 1931 Admirationis
585 1867 665 1948 plus
677 1866 721 1929 sit
733 1867 907 1948 habitura]
921 1868 1010 1930 Inter
1020 1865 1295 1929 admirabilitatem
1311 1877 1344 1928 et
1359 1865 1477 1929 laudem

162 1965 292 2027 multum
312 1961 455 2025 interest.
500 1959 661 2023 Miramur
675 1955 767 2023 etiam
784 1962 876 2026 mala.
920 1961 1111 2026 Miraculum
1127 1972 1175 2024 est
1191 1958 1378 2045 tnagnitndo
1391 1956 1476 2022 lacu.

163 2059 342 2120 Laudamus
366 2052 562 2118 beneficium.
1070 2071 1077 2084 ·

119 2172 151 2222 ιο
247 2149 331 2232 Cap.
354 2149 419 2211 IX.
444 2145 498 2208 tt.
521 2146 615 2229 Quid
637 2158 690 2211 est
714 2148 805 2212 enim
826 2149 889 2212 boc
909 2147 1025 2232 ipsum
1045 2148 1121 2230 diu]
1150 2146 1276 2212 Contra
1301 2145 1388 2211 illam
1409 2165 1477 2208 sen·

161 2244 309 2319 tentiam,
334 2263 427 2326 qnam
454 2239 552 2303 dixit:
582 2240 676 2306 Satis
697 2244 750 2305 nel
769 2253 916 2306 naturae
936 2242 1029 2306 viui:
1061 2243 1156 2324 modo
1183 2239 1324 2305 ostendit
1347 2261 1406 2304 nec
1428 2259 1477 2301 na·

161 2349 251 2400 turae
273 2336 347 2399 satis
370 2333 503 2397 uixisse.

246 2430 298 2494 28.
322 2428 566 2512 obstupescent
589 2428 723 2512 posteri
750 2439 840 2492 certe
869 2427 1028 2513 imperia]
1066 2428 1156 2509 Quae
1180 2428 1301 2492 landet.
1354 2426 1477 2509 Spectat

161 2537 295 2610 atquae
318 2535 365 2587 est
393 2522 474 2586 laus.

118 2641 150 2690 25
246 2618 299 2682 29.
323 2616 391 2682 Sed
403 2615 472 2679 nisi
491 2617 574 2679 haec
599 2615 681 2681 urbs
700 2614 855 2681 stabilita
876 2615 948 2680 tuis
968 2614 1121 2681 consiliis
1144 2658 1154 2680 .
1180 2656 1190 2680 .
1215 2656 1225 2680 .
1251 2658 1262 2679 .
1285 2610 1476 2690 Dissentio]

71 2756 77 2765 ·
161 2712 285 2776 Bellum
309 2708 414 2773 civile.

244 2804 431 2889 Requirent
459 2802 522 2867 alii
538 2801 721 2894 fortasse]
765 2804 849 2882 Alii,
883 2803 1003 2889 inquit,
1039 2814 1073 2878 te
1098 2804 1215 2868 babent
1247 2802 1397 2879 laudare,
1430 2799 1475 2863 ulii

160 2901 414 2982 reprehendere,
438 2897 510 2981 quia
533 2896 614 2960 dixit
634 2898 652 2933 ὓ
674 2897 692 2933 ‘³

244 2992 444 3059 Incendium
465 2990 683 3070 restinxeris]
716 2992 761 3057 Ut
782 2990 860 3054 illud
884 2990 988 3056 ciuile.

118 3108 149 3158 ιο
243 3090 319 3150 Hoc
341 3084 490 3166 consilia]
514 3085 605 3147 Salus
627 3085 674 3147 rei
695 3083 854 3166 publicae.

244 3185 301 3244 Au
322 3177 572 3263 incorruptius]
596 3177 696 3258 Quasi
719 3190 750 3242 et
772 3198 831 3242 nos
854 3176 1042 3263 incorrupte
1055 3176 1251 3254 iudicemns;
1275 3198 1317 3242 ne
1341 3176 1474 3242 videatur

160 3272 309 3335 blandiri.

244 3365 297 3429 30.
322 3367 381 3446 (Ut
402 3365 542 3451 quidam
555 3362 665 3456 salso
684 3364 837 3450 putontl]
860 3364 1011 3449 Epicurei
1035 3365 1140 3429 dicunt
1161 3375 1238 3447 post
1253 3375 1391 3429 mortem
1405 3360 1473 3425 nibil

160 3458 335 3541 pertinere.
380 3459 443 3522 Sed
465 3458 535 3534 sac,
560 3458 632 3543 quia
658 3479 766 3523 verum
790 3459 914 3538 dicunt,
945 3459 1088 3536 interim,
1120 3457 1317 3537 dnmuivo,
1341 3455 1472 3521 landabi·

117 3560 147 3608 ³5
161 3552 222 3613 lein
244 3552 401 3615 factorum
425 3556 463 3616 de
488 3575 537 3617 me
564 3571 633 3616 esse
654 3552 779 3619 fatuam.

246 3644 329 3729 Cap.
352 3648 399 3710 X.
434 3647 600 3711 Diversae
623 3648 814 3710 voluntates
830 3644 977 3727 ciuium]
1018 3647 1072 3710 Ad
1097 3645 1190 3708 linem
1216 3644 1331 3728 posuit
1356 3663 1471 3710 causan

159 3738 301 3814 erroris,
325 3750 360 3802 ut
388 3728 519 3803 venia'lis
541 3740 633 3803 locus
655 3741 696 3803 sit
718 3752 828 3803 contra
851 3761 923 3816 eos,
947 3740 1002 3824 quai
1024 3749 1223 3822 sumpserant
1245 3761 1348 3804 arma.

241 3829 350 3898 Multi
371 3833 454 3918 quid
474 3832 678 3915 seduceret]
716 3834 857 3898 Ostende
880 3835 1114 3898 necessitatem.

242 3927 297 3991 31.
321 3929 433 3992 Arma
455 3929 499 3991 ab
523 3928 603 3991 aliis
620 3925 751 4024 positu]
782 3927 904 4009 Sponte
926 3927 1044 4012 posita.

115 4032 146 4082 tn
240 4021 387 4103 Erepto]
421 4023 453 4084 A
476 4020 582 4085 victis.

238 4115 328 4179 Inter
351 4114 581 4179 constantiam
606 4127 638 4180 et
667 4113 928 4199 pertinaciumr]
965 4117 1184 4179 Perseverare
1216 4136 1288 4180 cnm
1322 4112 1467 4199 Pompeio

155 4207 331 4271 constantia
359 4218 423 4281 est;
461 4219 535 4290 post
561 4207 710 4290 Pompeii
737 4221 870 4273 mortem
897 4210 1001 4273 adhuc
1028 4221 1138 4274 tenere
1161 4207 1301 4274 animum
1329 4222 1466 4276 armatum

154 4301 215 4365 iarn
239 4324 303 4365 non
329 4314 376 4366 est
398 4301 612 4378 constantiae,
636 4304 692 4365 sed
714 4302 919 4386 pertinaciae.

229 4479 256 4534 3.
270 4472 399 4547 saletam]
425 4491 463 4528 ce
490 4483 519 4526 et
539 4473 647 4528 falsum
667 4472 747 4529 Scbv
785 4477 813 4534 la.
834 4475 895 4532 Del.
914 4480 970 4531 boo
989 4485 1018 4530 et
1037 4477 1102 4532 Sola.
1150 4485 1177 4539 8.
1197 4478 1329 4534 Fortasse
1354 4472 1466 4532 emeli!

153 4549 193 4602 vel
215 4549 334 4601 concedo
354 4551 415 4603 scil.
443 4565 493 4616 ,te
513 4555 581 4604 satia
601 4549 783 4605 diunatnrae
803 4552 931 4607 vtxtue.”
979 4557 1025 4612 13.
1044 4553 1104 4607 Cio.
1123 4559 1183 4607 tum
1202 4553 1242 4608 r'd.
1282 4562 1330 4613 ¹7.
1351 4552 1465 4609 Adbw

152 4644 177 4678 v.
191 4624 326 4677 Scholion
345 4627 441 4679 referri
462 4623 531 4679 vidit
551 4629 573 4681 l.
593 4630 620 4680 F.
641 4626 779 4692 Gronau,
809 4645 891 4698 quern
912 4644 1024 4682 securus
1049 4644 1091 4682 eat
1110 4628 1176 4683 Seb.
1204 4629 1238 4682 ln
1258 4630 1330 4686 cot.
1349 4628 1396 4699 (G.
1414 4618 1463 4690 or.)

151 4704 322 4773 praescripta
337 4716 401 4754 sunt
415 4717 555 4771 tamquam
570 4702 671 4754 lemma
685 4721 741 4756 vv.:
756 4701 872 4755 Patriae
888 4713 966 4757 certe
975 4721 1087 4775 parurn.
1107 4705 1153 4762 db.
1168 4706 1230 4758 lloc
1244 4704 1350 4759 lenma
1363 4700 1462 4758 launi!

151 4776 216 4830 seh.
255 4778 301 4834 55.
320 4803 357 4818 -
374 4776 506 4846 satorum
526 4776 561 4831 G.
600 4783 645 4838 58.
665 4777 740 4832 Fert.
760 4777 896 4836 oetendlt.
935 4781 982 4839 dl.
1003 4777 1071 4836 Sell.
1091 4779 1147 4834 boo
1166 4782 1295 4836 Intereat.
