3210 5280
223 216 284 281 itt
656 216 1095 285 Peenno-Asconius

222 356 315 433 dicit;
347 358 410 424 hoc
431 368 497 435 ests
519 360 646 443 quando
666 369 700 422 tu
727 359 852 442 teipso
877 358 1023 434 tentasti,
1045 359 1171 443 qusndo
1199 359 1252 424 rei
1277 358 1449 425 musonii
1475 362 1527 425 sei

224 451 410 535 protulisti?

250 542 255 549 ’
306 547 415 609 Vitam
435 546 578 611 ulterius
597 555 705 608 totam
723 542 914 628 explicare]
955 540 1133 607 Praestnsit
1146 545 1186 606 nd
1199 541 1292 619 itini,
1316 546 1403 629 qnod
1424 546 1528 610 dictu·

221 656 279 698 rns
300 647 365 713 est,
389 637 484 699 intrito
504 657 572 700 csse
593 634 721 699 crimina
740 636 769 698 in
787 636 906 712 Verre,
931 655 1011 718 quae
1026 634 1172 698 conscius
1186 635 1347 700 societatis
1369 635 1527 702 Caecilius

197 736 285 793 snon
310 731 422 792 audeat
443 730 607 815 attingere.
651 730 694 795 Et
717 729 780 791 hoc
804 727 1000 793 innocentiae
1022 737 1090 800 est,
1124 729 1228 790 vitam
1254 728 1395 793 alterins
1417 739 1528 795 totam

221 821 401 903 explicare
407 843 420 901 ,·
439 823 516 887 iliud
536 822 752 909 eloquentiae,
775 833 879 907 atque
897 842 973 886 eam
991 840 1061 883 non
1072 816 1173 882 modo
1190 820 1225 879 itt
1238 819 1359 881 animis
1373 821 1528 885 iudicum

222 921 255 975 et
276 916 362 996 quoti
384 915 538 1000 sequitur.

304 1005 488 1071 Sociorum
506 1009 669 1084 salntem,
690 1005 870 1071 commoda
889 995 1156 1085 provinciaram]
1213 999 1288 1064 Hoc
1320 1012 1370 1065 est
1400 1022 1527 1068 causans

221 1095 343 1179 patriae
364 1098 523 1180 suscipere
545 1110 576 1162 et
596 1100 755 1181 recepisse
776 1095 986 1179 singulorum.
1172 1168 1174 1173 ,

179 1200 212 1252 so
304 1191 475 1255 Rationem
495 1193 583 1258 sitae
602 1191 788 1274 reposcere]
830 1191 1058 1252 Accusatoresn
1079 1202 1169 1260 esset
1189 1204 1272 1250 setae
1292 1186 1441 1269 reddere]
1470 1191 1527 1254 de.

220 1281 392 1346 iensorem.

235 1416 238 1421 -
304 1376 348 1453 (§.
373 1376 440 1456 28.)
461 1374 540 1442 Nisi
556 1399 580 1441 a
600 1376 727 1440 Siculis
746 1376 895 1457 potuisse
915 1368 1092 1454 cognosci}
1136 1372 1204 1435 Aut
1226 1370 1298 1455 quie
1319 1371 1442 1437 Siculus
1457 1374 1526 1458 ipse

220 1476 288 1542 est,
319 1478 373 1530 aut
394 1468 466 1553 quis
489 1467 549 1531 nisi
569 1477 721 1550 quaestor
742 1465 774 1525 in
796 1463 902 1527 Sicilie
922 1462 997 1526 nihil
1017 1462 1101 1526 aliud
1120 1463 1182 1527 tuit
1204 1462 1383 1543 Caecilius,
1407 1466 1439 1530 in
1460 1491 1526 1553 quo

221 1571 424 1638 nosceretur,
448 1560 525 1647 quid
545 1558 680 1624 hominis
701 1568 796 1620 esset.
1177 1588 1181 1593 ·

179 1670 212 1723 se
304 1652 349 1718 Ut
365 1662 415 1716 est
433 1654 606 1716 nominum
625 1648 745 1735 gersus]
788 1644 957 1713 Ameriort
984 1645 1127 1712 dicturus
1153 1650 1193 1712 sd
1213 1647 1392 1713 Siculorum
1412 1672 1527 1734 perso.

221 1763 291 1807 narn
313 1743 446 1807 contulit
475 1741 570 1806 dicte.
1044 1768 1052 1778 ·

303 1837 488 1919 Deporiare
509 1833 638 1917 literas]
680 1838 858 1918 deportare
878 1831 1012 1919 aliquid,
1038 1843 1071 1895 ut
1095 1833 1245 1914 intereat,
1270 1840 1467 1917 departure,
1490 1859 1524 1912 ut

220 1937 318 1993 tnutet
341 1928 458 1993 locunt.
991 1966 993 1971 -

305 2022 350 2100 (ς.
373 2018 441 2100 29.)
460 2016 585 2086 Deinde
610 2027 848 2083 accusatorem
874 2014 1012 2091 firmam
1031 2040 1210 2104 verumque
1230 2017 1316 2106 esse]
1354 2024 1525 2102 Firmum,

177 2132 211 2185 oe
223 2121 258 2178 nt
276 2111 396 2197 possit,
421 2135 552 2196 cmm,
572 2120 607 2173 nt
628 2108 718 2173 velit.
963 2160 967 2166 .

289 2207 539 2284 -Potamonem,
564 2201 712 2268 tertiam
739 2198 1021 2284 eisarniiiarersr]
1071 2200 1162 2266 Hsec
1188 2203 1299 2268 omnis
1329 2205 1420 2292 signs
1450 2219 1523 2272 sunt

219 2299 293 2367 talei
314 2294 518 2363 accusatoris.
702 2365 704 2369 .

236 2438 241 2450 .
301 2393 533 2475 decanorum
550 2382 807 2466 adolescentem]
849 2385 1105 2452 Vera-laudatio.
1147 2387 1228 2453 vnis
1249 2389 1329 2454 eninr
1351 2391 1437 2456 illuto
1458 2415 1521 2460 non

218 2496 254 2548 ut
273 2484 428 2557 inimicust
447 2476 557 2543 scotris
578 2487 690 2541 contra
711 2476 924 2561 germanitatis
945 2479 1083 2544 officinm
1109 2500 1183 2546 esse
1200 2502 1276 2548 cnut
1310 2485 1433 2565 Verre,
1467 2489 1524 2551 sed

176 2577 306 2657 ntideo,
330 2574 417 2660 quod
437 2570 594 2637 Caecilius
615 2590 743 2655 quoqne
764 2570 863 2635 Vetti
883 2571 989 2638 carior
1009 2573 1064 2638 sit.
1164 2616 1166 2625 ·

300 2672 345 2748 (§.
369 2667 438 2745 30.)
458 2663 623 2748 Queritur
643 2663 765 2726 Sicilia
782 2666 869 2747 toto]
912 2667 1023 2751 Inepte
1041 2667 1165 2752 quidam
1180 2669 1350 2749 mirantur,
1374 2693 1432 2735 cur
1445 2674 1523 2737 haec

218 2762 340 2827 Tullius
362 2762 394 2839 in
415 2759 592 2823 accusando
613 2759 720 2821 Verre
741 2779 805 2822 non
827 2756 980 2824 obiecerit
1002 2758 1163 2839 Caecilio,
1194 2775 1224 2826 et
1254 2765 1350 2828 innita
1378 2767 1457 2841 alia3
1489 2779 1523 2830 et

148 2879 153 2891 ·
216 2876 279 2919 non
301 2853 497 2938 intelligunt,
520 2852 599 2958 irasc
619 2853 660 2914 ad
678 2860 803 2935 tempus
817 2855 981 2918 commode
1002 2854 1151 2940 adiungi,
1174 2877 1254 2943 quae
1275 2857 1362 2923 ricto
1377 2858 1520 2925 Caecilio

216 2970 280 3013 oon
301 2959 373 3013 suot
394 2965 581 3010 necessaris.

308 3199 337 3250 2.·
350 3192 504 3266 protulisti]
536 3191 601 3245 lios.
621 3205 648 3245 et
667 3207 742 3263 seqq.
772 3216 804 3232 -
830 3191 994 3262 praetulisti
1011 3195 1102 3248 Ptine.
1122 3190 1183 3247 tlt.
1205 3193 1289 3267 Lngd.
1315 3222 1350 3238 -
1375 3197 1520 3267 pertulisti

112 3314 115 3319 .
215 3266 323 3325 Bentld.
354 3266 419 3320 toi.
458 3269 593 3333 “Rectius
621 3270 729 3339 putati,
753 3266 911 3337 protulisti.
954 3266 1024 3321 Nem
1048 3267 1182 3340 prossrrs
1209 3286 1260 3342 pro
1283 3270 1462 3341 spectandam
1489 3279 1521 3324 et

215 3342 433 3414 eognoscendum
447 3341 600 3415 praebere,
631 3338 723 3393 dixere
747 3355 775 3394 et
800 3341 872 3395 Plio.
891 3345 1001 3410 iunior,
1032 3358 1060 3397 et
1078 3343 1195 3413 inhies,
1222 3360 1251 3399 et
1270 3345 1401 3399 csetmii'
1431 3344 1518 3402 HOT.

216 3416 312 3488 ..vide
331 3420 456 3473 Cortinm
475 3415 511 3469 ed
529 3416 630 3468 Lucan.
649 3415 827 3473 v1t1.702.”
853 3416 987 3472 usust.

308 3494 336 3551 it.
357 3495 493 3559 conscisse]
513 3495 655 3542 consocius
672 3488 738 3546 ilos.

307 3572 333 3625 5.
352 3567 468 3634 studeat]
488 3565 548 3620 sii.
556 3564 621 3618 Lod.
633 3564 716 3636 Lugd.
724 3565 801 3620 Men.
820 3592 858 3609 -
875 3564 997 3619 audebat
1009 3564 1168 3621 Pniiersid.
1186 3595 1224 3611 -
1241 3567 1352 3627 audebit
1364 3563 1518 3624 floucre'n.

309 3644 335 3699 6.
353 3651 436 3712 etque
454 3671 473 3684 ·
491 3656 511 3684 ··
529 3671 549 3684 -
565 3641 700 3712 sequitur]
726 3639 815 3700 ‚teus
839 3640 907 3695 hsce
931 3656 995 3694 cnm
1018 3641 1147 3696 lemensis
1171 3647 1309 3714 sequentis
1331 3643 1430 3697 scholii
1448 3649 1517 3698 iun-

215 3732 316 3793 pnntnr
335 3723 364 3770 io
383 3714 462 3769 editt.
482 3713 544 3768 sid.
561 3714 628 3769 Lod.
649 3715 713 3768 iios.
733 3714 818 3772 cren.

288 3791 449 3858 lisideam]
469 3790 552 3843 Creo.
572 3817 608 3830 -
627 3807 662 3841 eo
681 3793 782 3856 ceteri,
802 3805 829 3844 et
847 3794 968 3863 priores,
985 3805 1014 3844 et
1032 3805 1185 3862 sequentes.

306 3869 334 3926 9.
353 3872 381 3917 et
397 3864 544 3937 recepisse]
563 3866 655 3919 Ptine.
674 3863 779 3921 Bersid.
798 3893 836 3908 -
854 3872 884 3917 et
901 3871 1022 3935 resipere
1041 3867 1109 3918 Lod.
1128 3892 1166 3908 -
1183 3871 1216 3916 ut
1233 3870 1368 3936 recepisse
1385 3869 1479 3919 ceteri.

289 3944 406 4000 to-st.
425 3941 497 3992 ilnie
515 3939 620 3993 scholio
639 3944 793 4012 praeposita
811 3953 876 3993 sont
895 3938 956 3993 ilis:
975 3939 1084 3992 Deinde
1103 3948 1292 3992 accusatorem
1311 3953 1363 3994 cet.
1383 3955 1410 3994 et
1423 3941 1462 3992 tu
1474 3935 1525 3993 est'

213 4015 351 4070 homiuum
370 4031 459 4084 gersus
477 4028 532 4067 cet.
551 4019 580 4067 Ιιι
599 4011 679 4068 editt.
699 4015 791 4069 Prion.
811 4010 918 4068 uersu.
944 4012 1005 4070 sid.
1031 4011 1099 4068 Lod.
1120 4015 1205 4088 Lngd.
1235 4040 1270 4056 -
1295 4015 1355 4069 Hoc
1378 4019 1517 4088 posterius
1551 4059 1554 4063 .

214 4090 304 4146 solum
322 4104 417 4143 nostro
438 4094 593 4160 anteposuit
612 4091 707 4154 tien,
725 4089 814 4143 serbis
833 4088 943 4141 Deinde
961 4103 1013 4144 cet.
1031 4106 1080 4143 sno
1098 4089 1162 4143 loeo
1180 4093 1349 4146 constitutis.

288 4169 334 4224 12.
352 4176 370 4217 ts
390 4164 501 4233 Siculis]
521 4164 557 4214 ab
575 4160 677 4216 Siculis
693 4163 835 4237 pierssqne
854 4165 933 4219 editt.
954 4165 1107 4219 Ciceronis.

286 4239 358 4295 litt.
379 4241 438 4290 Aut
457 4244 521 4311 quie
539 4239 579 4306 S.]
607 4236 692 4312 Lugii.
712 4239 776 4292 flos.
797 4241 874 4294 usn.
893 4238 975 4292 Cten.
993 4267 1029 4280 -
1047 4243 1112 4307 quia
1129 4246 1180 4290 assi
1197 4238 1228 4293 S.
1245 4241 1361 4312 priores.

285 4320 333 4377 15.
349 4317 406 4366 nisi
423 4314 567 4385 qrsstestor]
582 4317 642 4369 uisi
650 4312 764 4383 suisset
780 4321 910 4385 quaestor
929 4313 1016 4387 Lugii.
1035 4313 1111 4366 Men.

285 4388 448 4459 litusens]
461 4386 540 4458 fecit
559 4386 642 4460 Lugii.
662 4394 738 4440 Men.

287 4469 331 4522 17.
351 4466 519 4535 Asportare]
546 4472 664 4532 portare
682 4463 775 4516 Prtnu
874 4460 1140 4528 subcinentium]
1161 4461 1448 4516 LetissimssntPrine·

285 4540 331 4598 26.
351 4538 496 4609 Queritur]
528 4537 595 4590 Lod.
622 4535 705 4611 Logd.
732 4537 811 4590 Man.
835 4558 871 4578 ·-
898 4536 1052 4607 Quaeritur
1070 4539 1171 4591 eeteri:
1199 4551 1268 4608 quse
1287 4534 1386 4589 tuende
1404 4539 1514 4610 irrepsit

211 4615 295 4668 etism
316 4617 344 4665 in
364 4612 461 4666 Oreilii
481 4609 640 4665 editionem.

286 4685 358 4739 ibid.
375 4690 435 4754 eur]
467 4686 528 4740 sid.
549 4701 576 4738 et
596 4703 669 4758 seqq.
689 4713 726 4731 -
744 4701 805 4740 usus
823 4685 915 4740 Prion.
933 4682 1045 4741 Bettid.

284 4764 330 4823 28.
347 4768 377 4813 et
393 4764 463 4830 nors]
481 4768 514 4813 et
530 4776 587 4814 stou
604 4760 676 4820 tot.
838 4776 841 4783 ·
