3210 5280
564 245 612 308 su
638 243 998 311 conunnmunu.
1051 195 1065 210 ’
1395 245 1435 307 oo

206 387 284 449 Hoc
302 385 484 449 factumest
499 385 638 447 secundo
652 384 816 448 consulatu
832 383 1008 464 Scipionis,
1031 392 1106 465 post
1120 382 1284 464 septimum
1299 404 1411 445 annmn
1423 427 1432 458 ,
1445 400 1507 457 [aso]

117 500 217 563 quasin
239 476 557 562 Carthaginiensibus
589 477 675 540 bello
698 463 841 539 'sectsndo
870 479 941 539 data
970 486 1017 538 est
1038 498 1115 558 pax.
1159 477 1291 540 Factum
1312 476 1343 538 id
1365 497 1434 539 esse

119 584 226 636 autem
250 570 364 635 Antias
395 568 524 633 tradidit
552 569 632 631 ludis
662 569 830 644 Romanis,
867 589 947 652 quos
980 569 1125 632 iecerunt
1160 570 1274 633 aediles
1310 569 1434 632 curules

117 664 162 731 C.
187 663 309 728 Atilius
331 663 571 739 Serranus,·L.
596 660 779 724 Scribonius
800 661 903 734 Libo,
936 672 967 723 et
988 660 1019 723 id
1042 682 1097 724 eos
1118 662 1232 725 fecisse
1255 665 1340 729 iussu
1362 684 1434 724 cen·

117 779 231 821 sorum
256 758 334 820 Sex.
357 755 441 819 Aelii
468 755 576 829 Paeti,
600 753 640 819 C.
658 752 801 818 Cornelii
823 752 971 838 Cethegi.
1015 755 1060 816 Et
1083 755 1206 818 videtur
1226 756 1256 819 in
1279 758 1338 819 hac
1360 767 1459 819 ora-s

119 849 211 912 bone
232 849 318 911 bunc
339 846 465 930 qtsidcm
487 857 647 909 auctorem
669 859 793 909 secutus
816 845 933 910 Cicero
955 845 1091 919 dixisse,
1125 869 1250 929 passum
1273 869 1342 911 esse
1364 848 1435 912 Sci·

116 941 270 1022 pionem,
292 939 446 1003 secernis
461 948 589 1002 caetero
605 959 754 1002 consessu
769 940 946 1021 spectacula
964 952 1156 1003 senatorum.
1201 942 1238 1003 in
1254 962 1289 1004 ea
1306 953 1429 1015 autem,

119 1054 217 1117 mam
239 1043 314 1113 post
336 1031 458 1114 aliquot
480 1052 579 1093 annos
605 1031 714 1093 babuit
743 1034 781 1095 de
804 1030 982 1112 aruspicum
1006 1053 1183 1112 responso,
1221 1055 1283 1097 non
1307 1055 1434 1114 passum

119 1144 191 1188 esse
213 1123 415 1206 Scipionem,
445 1125 500 1187 sed
520 1124 621 1206 ipsum
644 1137 804 1189 auctorem
825 1125 921 1188 iniisse
943 1126 1035 1189 dandi
1055 1148 1124 1188 etim
1148 1127 1253 1190 locum
1276 1125 1433 1189 senatori·

119 1221 199 1291 bus,
222 1216 353 1280 videtur
376 1215 568 1300 significare.
612 1217 722 1283 Verba
742 1219 809 1282 eius
837 1220 914 1280 baec
942 1230 1032 1281 sunt:
1068 1221 1157 1282 Nam
1188 1221 1273 1302 quid
1298 1241 1363 1301 ego
1393 1218 1475 1283 dett

118 1310 192 1372 tilis
209 1307 302 1371 ludis
321 1309 465 1390 loquar,
504 1329 590 1393 qnos
620 1309 654 1370 iu
685 1312 818 1373 Palatio
848 1311 956 1372 nostri
984 1313 1128 1373 maiores
1162 1318 1238 1373 astte
1268 1308 1432 1389 templum

119 1399 249 1463 mois
270 1397 426 1479 Magnae
444 1397 529 1474 fieri
547 1397 777 1486 celebrarique
800 1398 1000 1461 voluerunt?
1034 1397 1154 1482 quibus
1175 1400 1322 1476 primum
1343 1394 1431 1459 ludis

118 1498 198 1552 unte
227 1488 356 1569 populi
386 1507 576 1550 consessum
614 1490 747 1551 senatui
792 1487 909 1552 locum
936 1491 968 1556 P.
989 1489 1171 1568 Africanus
1198 1488 1239 1551 il.
1263 1508 1332 1551 cos.
1361 1492 1378 1526 ²³
1401 1496 1432 1547 ct

118 1579 245 1662 collega
266 1576 333 1639 cius
355 1576 546 1658 Sempronio
567 1577 687 1660 Longo
713 1578 776 1642 hoc
796 1577 947 1640 tributum
971 1599 1039 1640 esse
1069 1577 1189 1640 senatui
1211 1576 1337 1652 scribit,
1376 1580 1432 1640 sed

117 1671 185 1735 sine
206 1669 367 1734 mentione
390 1669 599 1752 Megalesium
629 1671 763 1750 (aediles
790 1669 871 1733 enim
894 1693 950 1735 cos
972 1672 1062 1732 bidos
1083 1671 1191 1734 facere
1213 1671 1297 1734 soliti
1320 1673 1473 1750 erant)ts

73 1750 79 1757 ’
117 1762 239 1827 rotisis
259 1762 341 1837 ludis
361 1761 479 1824 iactum
501 1762 614 1841 tradit,
649 1783 729 1847 quos
759 1763 867 1844 Scipio
890 1775 920 1826 et
944 1766 1076 1846 Longus
1105 1765 1252 1826 consules
1274 1761 1425 1825 feceriut.
1509 1824 1516 1859 t

117 1856 193 1919 iton
213 1853 392 1936 praeterire
415 1866 517 1918 autent
539 1877 599 1920 vos
624 1855 718 1931 volo,
755 1876 823 1919 esse
855 1854 1014 1918 oratoriae
1038 1856 1215 1917 calliditatis
1240 1856 1338 1937 [ius],
1375 1869 1428 1933 ut,

117 1969 189 2010 usin
209 1968 292 2029 opos
315 1959 382 2023 est,
414 1946 528 2011 eisdem
547 1950 641 2011 rebus
663 1950 702 2011 ab
724 1959 857 2033 utraque
879 1960 967 2031 parte
988 1949 1038 2010 vel
1061 1970 1077 2009 a
1100 1950 1267 2012 contrariis
1290 1962 1429 2012 utantur.

116 2042 199 2105 iiam
230 2061 303 2104 cum
330 2043 512 2132 secundum⁸
531 2041 695 2104 Ciceronis
731 2041 910 2123 opinionem
952 2053 1081 2105 auctore
1112 2043 1261 2124 Scipione
1300 2043 1429 2106 consule

210 2276 241 2327 2.
258 2267 549 2338 Carthaginiensibus]
570 2259 812 2337 cartaginensibus
829 2272 922 2324 Princ.

192 2342 268 2399 ibid.
288 2343 371 2412 data]
390 2343 467 2395 dicta
486 2343 548 2398 ild.
567 2344 637 2399 Lod.
657 2345 733 2397 Man.

210 2423 241 2478 le.
258 2418 292 2473 C.
312 2419 420 2471 Atilius
437 2420 592 2480 Serranus,
613 2419 644 2472 L.
664 2418 764 2487 Scrib]
785 2417 861 2475 Man.
881 2445 919 2458 —
937 2417 968 2470 C.
988 2417 1108 2483 Atilius,
1129 2417 1160 2470 L.
1176 2415 1265 2471 Scrib.
1287 2416 1381 2489 Sigon.
1394 2445 1431 2459 -

115 2495 227 2549 Atilius
244 2496 405 2560 Serranus,
426 2493 460 2547 T.
481 2493 569 2549 Scrib.
589 2498 685 2548 cereri.
706 2521 743 2536 -
762 2489 842 2546 Coni.
864 2494 954 2544 Livius
974 2493 1105 2546 xxxiv.
1126 2497 1170 2549 Sl·
1206 2489 1212 2500 ’

209 2566 284 2621 ibid.
303 2567 388 2637 Libo,
408 2576 438 2639 ᾳ
455 2567 564 2639 ideas]
595 2568 643 2622 Sic
663 2571 770 2641 scripsi.
789 2595 824 2609 -
843 2567 919 2620 libo.
935 2606 942 2621 .
957 2567 1049 2618 cidens
1067 2568 1161 2622 Prioc.
1179 2591 1216 2605 -
1234 2564 1323 2619 Libo:
1341 2565 1430 2616 ideas
1479 2614 1482 2623 ,

114 2647 214 2698 cssesi.

191 2714 267 2772 istd.
287 2713 390 2782 fecisse
407 2721 483 2768 iussu
500 2719 656 2784 censorum]
680 2714 748 2771 Lod.
767 2730 793 2769 ct
814 2732 889 2787 seqq.
917 2743 955 2757 -
984 2712 1095 2787 secisse
1112 2720 1157 2766 ius
1174 2731 1318 2768 censorum
1339 2715 1430 2768 Ptine.

116 2790 181 2848 Alei.
200 2820 240 2834 -
250 2788 360 2862 secisse
377 2795 421 2842 ius
438 2797 592 2843 censorium
611 2789 720 2844 Brrsid.

213 2871 241 2924 5.
259 2866 326 2918 Sex.
346 2867 421 2917 Aelii
439 2864 532 2937 Paeti]
552 2865 637 2938 Lugd.
656 2867 721 2921 iios.
741 2864 819 2918 Man.
832 2863 915 2918 Creu.
933 2893 969 2908 -
988 2880 1040 2915 sex
1057 2864 1112 2915 aeli
1131 2864 1180 2914 leti
1197 2865 1291 2919 Prisc.
1308 2891 1346 2905 -
1363 2862 1430 2916 Sea.

118 2946 172 2996 As.
190 2941 277 2994 laets·
291 2938 400 2995 Bersld.
418 2969 456 2982 -
475 2941 541 2993 Sex.
561 2942 636 2992 Aelii
653 2941 715 2993 leti
734 2939 796 2994 bid.
818 2968 848 2981 —
870 2939 936 3001 Sex.
952 2939 1027 2990 Aelii
1043 2938 1124 2991 Laeti
1142 2936 1208 2993 Lod.

191 3014 267 3070 ibid.
287 3014 416 3083 Cethegi]
436 3021 529 3083 cetegi
547 3016 639 3071 Prine.
770 3016 798 3071 6.
817 3018 939 3080 secutus]
959 3023 1081 3064 secutum
1100 3015 1192 3067 Priuc.
1212 3010 1273 3070 bid.

192 3096 241 3147 11.
259 3097 326 3141 ante
344 3090 474 3161 templum
492 3091 602 3142 Matris
620 3090 749 3157 Magnae
760 3087 844 3161 fieri]
874 3096 939 3138 ante
958 3090 1086 3158 templum
1114 3088 1224 3139 Matris
1247 3087 1375 3157 Magnae
1400 3093 1431 3139 irs

118 3170 178 3241 ipso
195 3174 344 3235 eampecsn
362 3164 572 3233 Megalensibus
581 3163 654 3238 fieri
672 3161 741 3218 Lod.
761 3192 799 3208 -··
816 3171 882 3214 ante
901 3164 1043 3237 templum,
1063 3168 1093 3214 in
1111 3168 1171 3237 ipso
1183 3164 1292 3214 Matris
1310 3178 1430 3232 magnae

118 3247 283 3312 compete,
303 3238 515 3307 Megalensibus
527 3237 599 3312 fieri
618 3239 695 3293 editt.
716 3239 868 3291 Ciceronis.
926 3279 928 3282 ,

192 3320 241 3371 12.
257 3314 431 3373 nouerant,
445 3314 541 3384 quibus
555 3319 677 3386 primurn
694 3312 778 3380 lesdis]
798 3312 965 3364 nubserunt?
996 3317 1042 3384 quei
1058 3321 1124 3365 sunt
1143 3330 1218 3364 more
1236 3316 1425 3383 institutisque

119 3395 243 3442 minse
260 3393 350 3454 cesti,
369 3389 529 3455 sollemnes,
549 3390 677 3457 religiosi
685 3410 695 3450 ‚·
713 3389 810 3458 qrubus
828 3387 900 3439 ludis
915 3392 1037 3459 primum
1055 3389 1114 3444 Cic.
1134 3389 1213 3442 editt.

192 3469 241 3524 13.
261 3466 427 3530 comessum]
448 3481 603 3516 concessum
624 3466 688 3518 Hot.
709 3464 790 3517 Creu.

193 3541 242 3597 ii·
259 3537 297 3590 ll.
317 3555 373 3591 eos.
391 3547 419 3589 et
438 3539 547 3607 collega
565 3544 624 3590 eius
641 3540 802 3610 Sempronio
828 3537 925 3605 Longo
950 3535 1001 3588 isac
1020 3534 1167 3608 tributum]
1196 3538 1287 3591 Prioc.
1307 3535 1355 3610 (in
1377 3552 1430 3607 qus

121 3627 213 3666 nmen
231 3611 364 3666 scribitur
382 3613 453 3664 colla
473 3629 522 3685 pro
542 3615 666 3681 collega)
687 3610 792 3666 Bersld.
813 3640 850 3656 -
875 3611 912 3663 11.
930 3629 986 3665 cos.
1005 3620 1032 3662 et
1051 3613 1160 3679 collega
1178 3618 1237 3662 eius
1254 3614 1431 3682 Sempronius

120 3688 252 3757 Longus,
279 3685 330 3738 boc
354 3687 487 3739 tributum
513 3687 573 3741 ald.
594 3688 678 3762 lugd.
698 3691 763 3742 iiot.
783 3687 864 3740 Creu.
901 3715 938 3729 -
974 3686 1013 3739 11.
1032 3705 1089 3741 cos.
1107 3689 1153 3738 ille
1172 3694 1262 3740 maior
1280 3686 1371 3749 dedit,
1400 3694 1429 3737 et

120 3764 230 3829 collega
248 3767 309 3813 eius
326 3762 504 3833 Sempronius
522 3763 645 3831 Longus.
682 3765 742 3815 Hoc
762 3761 897 3814 tributum
918 3760 984 3817 Lod.
1019 3790 1049 3802 -
1079 3763 1117 3819 li.
1137 3779 1191 3814 cos.
1211 3764 1257 3813 ille
1275 3766 1365 3811 mnior
1384 3760 1431 3810 sle-

120 3836 170 3891 lis.
188 3835 206 3868 ⁰
224 3835 276 3888 isac
294 3836 432 3888 tributum
451 3837 530 3893 Man.
551 3837 646 3907 Sigon.
670 3868 708 3884 -··
737 3839 862 3907 ,Locum
883 3850 1012 3888 mancum
1033 3854 1105 3904 esse,
1127 3835 1306 3890 Markisudns
1327 3833 1429 3909 (praei.

121 3910 154 3963 sd
172 3911 218 3966 iV.
237 3926 322 3965 orsis.
341 3913 402 3966 Cic.
424 3927 484 3984 pag.
504 3913 590 3966 Lxx.
610 3931 649 3985 sq.
668 3909 780 3984 Wolf.)
806 3915 946 3964 verissime
966 3910 1049 3977 vidit,
1073 3926 1101 3964 et
1120 3908 1254 3962 excidisse
1275 3911 1354 3963 linem
1375 3911 1428 3962 loci

121 3987 265 4039 Ciceronis
291 3983 326 4037 sb
346 3991 465 4041 Asconio
490 3984 607 4052 landari,
639 3986 727 4040 verbis
757 4002 848 4039 autem
874 3985 924 4037 lios
954 3986 1086 4039 tributum
1112 4003 1171 4036 esse
1196 3990 1304 4037 senatui
1323 4001 1375 4038 cet.
1396 3985 1429 4036 sb

121 4065 242 4115 nennio
265 4064 336 4114 alios
359 4065 504 4134 scriptoris
530 4067 694 4116 sententiam
720 4066 831 4135 exponi.
858 4088 894 4104 -·
926 4060 1065 4113 ablativus
1091 4065 1157 4113 satis
1177 4060 1302 4114 lacunam
1323 4058 1430 4133 prodit,

122 4150 209 4188 snam
228 4153 263 4188 es
281 4154 331 4199 eo,
361 4136 433 4208 qnod
461 4134 589 4190 librarius
619 4154 633 4189 s
658 4144 748 4210 priore
772 4141 1037 4189 commemoratione
1062 4137 1093 4192 P.
1116 4133 1235 4189 Africani
1262 4134 1295 4186 sd
1316 4140 1429 4188 aiteram

123 4209 265 4264 sbemsit.
305 4210 382 4265 Aliae
402 4215 430 4263 in
451 4212 494 4264 bis
512 4210 584 4264 ludis
604 4212 699 4266 turbae
719 4208 790 4284 sputi
808 4211 932 4272 Livium
958 4208 1013 4266 uid.
1032 4211 1104 4263 nui.
1124 4209 1158 4261 sd
1179 4212 1312 4266 xxxii.
1331 4214 1384 4277 5¹1,
1402 4214 1429 4269 ὅ.

123 4284 210 4357 lange
228 4284 339 4339 Vindio.
357 4284 490 4358 Tragoed.
511 4287 606 4340 Rom.”
635 4288 751 4342 Maov.

195 4365 239 4419 15.
255 4360 456 4429 Megalesium]
478 4362 683 4430 Megalensiuns
703 4359 808 4415 Bersld.
830 4359 896 4416 Lod.
918 4361 997 4411 Creo.

194 4437 238 4492 16.
249 4433 391 4505 fiurint]
403 4436 541 4506 jecerunt
557 4438 620 4490 ilos.
633 4442 713 4492 Creo.
754 4441 798 4493 17.
816 4433 991 4501 calliditatis]
1011 4432 1170 4485 caliditatis
1188 4436 1280 4489 Prius.

197 4514 240 4566 17.
258 4513 313 4577 iau]
335 4526 393 4564 om.
414 4510 500 4582 Lngd.
520 4514 584 4565 iios.
604 4512 682 4565 Man.
704 4512 785 4564 Creo.

194 4589 238 4642 18.
259 4603 321 4636 curn
339 4602 408 4655 apres
426 4590 481 4654 est]
502 4585 549 4639 Sic
566 4590 673 4659 scripsi.
706 4614 744 4629 -
770 4603 831 4638 cum
849 4600 919 4655 apres
935 4590 1007 4634 esset
1026 4585 1119 4637 l’rine.
1138 4581 1195 4639 stt.
1228 4600 1344 4635 -cum
1363 4599 1430 4653 opus

127 4662 162 4709 sit
180 4664 271 4712 seced.

196 4732 265 4787 ibid.
284 4734 335 4786 vel
350 4753 369 4784 a
386 4737 553 4803 contrariis]
572 4735 620 4786 nel
637 4741 790 4789 contrariis
810 4730 916 4788 Berald.
937 4730 1005 4786 Lod.
1037 4730 1044 4745 '

196 4807 263 4865 ibid.
283 4813 413 4878 mansus]
434 4818 532 4862 ntatrer
551 4809 657 4864 Berald.
