3210 5280
242 240 301 305 liti
684 230 1121 300 Psuuno-Ascottltts

242 384 302 445 bus
331 376 474 453 dimicat,
513 387 545 440 et
572 373 771 459 amplitudine
797 369 952 436 iudicum:
989 379 1061 431 stant
1092 365 1172 430 enim
1205 363 1368 430 clarissimi
1395 374 1428 428 et
1455 373 1546 427 actor

243 518 253 538 .
286 508 794 538 ...............
817 475 849 527 et
880 459 1144 543 contemplatione
1176 470 1208 521 et
1239 460 1405 521 multarum
1438 478 1545 521 rerum

241 563 430 630 instiusmodi.

324 661 368 736 (§.
392 656 460 735 ld.)
491 655 543 720 Tu
571 654 691 716 horum
718 651 803 713 nihil
831 648 970 722 metuis,
995 644 1081 706 nihil
1100 644 1255 724 cogitas,
1282 643 1366 704 nihil
1385 639 1540 719 laboras]

215 751 364 813 sMetum
387 749 426 808 ad
448 742 652 809 offensionem
673 739 869 804 inimieorum
897 733 1011 800 Verris
1032 734 1154 811 retulit,
1178 733 1402 816 cogitationem
1424 734 1464 795 ad
1487 754 1544 795 ex·

240 840 463 926 spectationem
485 833 662 908 hominum,
689 833 829 896 laborem
853 832 892 892 ad
914 824 1153 912 magnitudinem
1175 846 1293 889 rerum.

322 935 431 996 lavem
454 949 519 1010 ego
542 927 711 1006 Optimum
729 920 939 1000 Maximum]
983 922 1072 983 Haec
1093 917 1196 999 capita
1219 918 1321 980 solent
1341 916 1453 979 ttsitata
1473 939 1542 982 esse

239 1023 402 1091 causidicis
424 1015 594 1100 isuperilis:
616 1016 704 1098 quod
726 1034 824 1098 gentis
846 1014 911 1078 vitii
934 1015 966 1076 iu
982 1010 1155 1096 primordio
1171 1008 1201 1071 in
1216 1009 1384 1073 rhetoricis
1400 1012 1541 1091 vulgare

238 1116 391 1182 nominat.
435 1107 631 1190 incipiebant
652 1117 756 1169 autent
779 1119 926 1182 veteres,
949 1117 982 1168 ut
998 1102 1154 1188 Virgilius
1177 1104 1330 1179 ostendit,
1354 1115 1407 1165 aut
1433 1104 1473 1164 ab
1494 1103 1539 1163 in·

197 1209 407 1275 revocatione
429 1205 578 1275 deorum,
602 1200 692 1284 quale
715 1210 783 1262 est:

380 1293 571 1373 'Praefatur
592 1291 684 1355 divos
702 1290 792 1354 solio
812 1310 874 1353 rex
893 1287 967 1365 infit
987 1288 1029 1351 alt
1051 1289 1144 1365 alto,·

236 1401 289 1454 aut
311 1381 556 1468 reprehensione
577 1381 750 1465 superioris
773 1379 939 1461 temporis,
971 1390 1005 1442 nt
1026 1377 1068 1441 ait
1092 1376 1249 1441 Ltteilius:

389 1475 514 1541 Vellem
534 1492 614 1536 oum
632 1474 768 1554 primis,
780 1468 864 1545 fieri
881 1474 913 1533 si
921 1470 1021 1550 farte
1043 1475 1198 1552 petisset,

236 1566 352 1631 vitiose
374 1565 467 1626 antibo
490 1561 610 1643 capita3
633 1571 665 1624 et
685 1561 861 1644 Virgilius:

196 1671 226 1718 ts
392 1653 469 1719 sinte
490 1653 644 1737 equidem
667 1673 799 1717 summa
821 1652 860 1717 de
884 1671 919 1715 re
941 1653 1118 1730 statuisse,
1136 1652 1268 1728 Latini,

394 1744 434 1806 Et
455 1743 591 1822 vellem,
613 1753 646 1808 et
660 1742 785 1822 fuerat
804 1743 935 1806 melius.

320 1836 364 1914 (§.
390 1834 458 1911 ll.)
481 1833 580 1897 Cuius
603 1853 668 1915 ego
696 1834 869 1911 ingenium
888 1833 937 1892 ita
960 1827 1083 1908 laudo]
1127 1825 1195 1892 Cur
1210 1829 1273 1891 hoe
1288 1827 1412 1890 'Petilius
1439 1828 1536 1893 dicit?

236 1926 379 2000 Scilicet,
404 1946 441 1986 ue
462 1933 641 1986 terreantur
661 1921 759 1985 Siculi
780 1923 869 1983 laude
890 1920 1015 2003 patroni
1038 1920 1211 1984 adversarii
1232 1919 1292 1982 sui.

318 2022 363 2098 (§.
386 2019 455 2096 ts.)
475 2018 619 2080 Factum
639 2033 708 2080 esse
729 2014 846 2093 necne]
888 2013 1018 2076 Factum
1040 2025 1106 2090 est,
1131 2033 1194 2076 uon
1219 2022 1268 2076 est
1291 2012 1428 2089 iactum,
1452 2014 1536 2078 celu-

192 2111 415 2181 mmniatores.
459 2111 502 2173 Et
533 2110 596 2172 hoc
620 2124 719 2190 genus
743 2104 919 2188 argentemi
941 2104 1121 2186 complexio
1152 2103 1282 2186 dicitur,
1311 2127 1390 2188 qnae
1411 2105 1437 2168 si
1458 2126 1536 2188 pro·

234 2204 344 2266 babilis
366 2214 430 2277 est,
456 2200 609 2274 vincitur,
633 2198 661 2260 si
682 2196 873 2272 necessaria,
898 2195 980 2259 solvi
1002 2217 1065 2260 non
1086 2208 1204 2278 potest.

317 2295 429 2374 Quid?
455 2314 533 2356 eum
555 2291 784 2353 accusationis
808 2298 889 2351 tuae
916 2288 1064 2351 membra
1094 2288 1236 2353 dividere
1266 2289 1430 2370 eoeperit]
1471 2288 1536 2351 Hie

233 2383 343 2446 irridet
365 2381 527 2446 Hortensii
549 2380 821 2453 consuetudinem,
847 2372 993 2459 ut'saepe
1016 2379 1104 2441 alies.
1489 2372 1494 2383 '

329 2537 354 2587 1.
372 2529 552 2598 'amplitudine
571 2530 705 2601 iudicum]
738 2529 806 2581 Lod.
827 2545 853 2582 et
873 2548 947 2602 seqq.
968 2561 1004 2574 -
1023 2533 1231 2602 amplitudinem
1250 2533 1368 2585 indicam
1388 2536 1479 2588 Ptine.
1499 2563 1536 2576 -

233 2605 440 2678 amplitudinem
458 2603 587 2656 indicium
609 2604 718 2658 Beraid.
742 2633 776 2647 -
796 2606 1002 2674 ampliteulinetn
1021 2606 1141 2659 iudicum
1159 2609 1294 2676 intelligit
1314 2608 1375 2662 illd.

326 2687 352 2736 2.
372 2687 400 2731 et
419 2687 500 2729 aetor
519 2677 535 2710 ⁹
554 2687 582 2729 et
600 2678 831 2749 contemplatione
855 2689 884 2731 et
910 2683 1070 2749 multarum]
1105 2684 1194 2735 Ptine.
1223 2681 1331 2736 Beruld.
1345 2680 1417 2738 ΛΜ.
1447 2711 1485 2725 -
1507 2690 1537 2733 et

233 2753 404 2806 authoritate
423 2761 451 2805 et
469 2754 698 2822 contemplatione
717 2755 868 2806 multarum
886 2754 953 2808 Lod.
967 2784 1000 2798 -
1015 2765 1042 2808 et
1061 2762 1242 2809 atteteritatis
1259 2758 1490 2828 contemplatione
1508 2764 1537 2808 et

233 2831 382 2881 nasltarum
403 2827 487 2898 Lugd.
509 2827 573 2880 lint.
593 2827 670 2881 Man.
692 2831 772 2881 Creu.

325 2902 352 2958 li.
372 2901 497 2969 laboras]
518 2900 628 2954 labores
648 2902 740 2956 Princ.

320 2986 346 3036 8.
364 2981 394 3027 in
409 2975 564 3047 primordio
583 2981 612 3026 tn
631 2973 799 3047 Rhetoricis]
829 2978 920 3032 Prine.
946 2976 1052 3032 Bertid.
1078 3007 1116 3020 -
1146 2982 1176 3029 in
1196 2977 1352 3051 primordio
1371 2976 1536 3030 Rhetoricae

234 3045 296 3100 hid.
324 3079 360 3092 -
388 3056 525 3120 inprime
550 3049 583 3100 de
601 3049 755 3102 Rhetoricis
774 3049 840 3105 Lod.
868 3081 906 3093 —
933 3057 1070 3122 inprime
1088 3054 1159 3104 libra
1177 3051 1341 3104 thetoriedn
1361 3054 1446 3123 Lngd.
1472 3053 1536 3105 llot.

182 3141 188 3153 ·
233 3122 310 3177 Man.
330 3127 409 3178 Creu.
448 3124 633 3177 Primordium
661 3129 802 3197 interpreti
828 3142 923 3179 nostro
949 3128 1021 3180 idem
1048 3142 1104 3192 est,
1136 3127 1207 3197 quod
1228 3129 1355 3179 Ciceroni
1382 3126 1536 3179 exordium.

234 3202 338 3251 sector
363 3198 397 3250 ad
421 3199 540 3252 Hersen.
567 3199 627 3254 vti.
652 3206 693 3256 it.
731 3199 874 3252 Vitiosum
901 3201 1046 3251 exordium
1073 3211 1131 3265 est,
1163 3201 1236 3271 quad
1261 3207 1290 3252 in
1314 3201 1410 3270 piures
1438 3217 1555 3255 emesae,

229 3281 323 3341 potest
349 3273 569 3340 accommodari,
597 3272 670 3344 qnod
693 3272 841 3347 vulgare
860 3274 972 3328 elicitur.
1010 3274 1091 3329 Coni.
1110 3279 1168 3331 Cic.
1189 3275 1412 3330 deterrentur.
1433 3276 1454 3327 l.
1474 3291 1533 3348 cap.

326 3425 354 3477 9.
375 3421 526 3488 Virgilius]
546 3423 612 3476 heu.
631 3421 683 3474 Xl.
703 3423 765 3480 501.

308 3501 354 3550 te.
373 3503 423 3546 atet
442 3493 663 3564 reprehensione]
697 3497 789 3552 Petne.
816 3495 925 3552 iterata.
946 3525 982 3541 -
1001 3505 1052 3548 atet
1070 3495 1105 3548 ab
1125 3494 1333 3568 reprehensione
1353 3493 1413 3551 ild.
1433 3510 1536 3566 etseq.

310 3567 380 3623 ibid.
400 3571 455 3635 ait]
476 3585 531 3622 om.
553 3570 629 3622 Man.
648 3572 728 3633 cren.

309 3643 379 3697 ibid.
400 3643 531 3710 Laetitia]
553 3643 652 3695 Letaius
671 3631 778 3698 uersld.

310 3720 354 3775 13.
375 3723 400 3767 si
416 3719 497 3782 sorte
511 3718 645 3789 petisset]
676 3720 730 3774 los.
749 3721 900 3775 Merserat.
926 3747 963 3763 ·-
988 3725 1014 3771 si
1024 3718 1110 3791 sorte
1126 3725 1243 3790 petisset
1262 3719 1413 3791 (postrema
1433 3717 1536 3790 syllaba

233 3807 283 3916 pp:
302 3791 492 3917 τοὲιροηᾲἰυω
512 3791 627 3865 scriptu)
648 3794 740 3923 Pange.
760 3793 870 3899 ³⁶f⁸¹d2
883 3791 941 3846 hid.
957 3794 1023 3886 lod.
1043 3823 1081 3836 -
1099 3801 1123 3844 si
1133 3796 1357 3923 seg-{pgtvtdsssst
1371 3791 1536 3918 [υξᾶ.ἑῐὲῑῑ

235 3944 263 3990 s.
285 3883 557 3994 t..i‘¹t.·..‘.¹.f‘iit
586 3907 686 3995 ert.”st
702 3885 1177 4012 titittttitt‘itit..
1199 3945 1253 3994 ι...
1273 3884 1407 4004 iunii?
1440 3884 1492 4011 ,ii
1508 3886 1535 3991 i.

233 4010 311 4066 lusu
339 4018 436 4082 [isurun
464 4021 490 4066 in
518 4015 653 4068 veteribus
679 4015 774 4079 libris,
803 4023 822 4069 i.
848 4034 871 4070 e.
891 4017 1070 4084 editionibus]
1093 4033 1227 4089 repererat
1244 4021 1373 4085 petisset,
1403 4015 1536 4086 aquibus

233 4104 289 4140 nou
309 4088 388 4159 louge
409 4089 463 4142 nbit
485 4089 666 4143 Graeviauum
688 4091 740 4143 boc
757 4097 872 4160 perisse.
911 4092 963 4144 Sed
985 4109 1056 4145 recte
1076 4097 1130 4144 iatu
1152 4109 1241 4144 versus
1263 4096 1290 4142 iu
1311 4090 1381 4157 vulg.
1407 4089 1447 4160 [0
1466 4087 1537 4139 isci-

233 4161 286 4214 lem
316 4166 429 4232 altuini]
460 4164 507 4214 ilie
534 4171 617 4216 etiam
645 4166 847 4237 inexplicabilia
869 4166 931 4231 illa,
960 4173 1062 4219 vitiose
1080 4167 1159 4217 ambo
1184 4167 1261 4229 coia,
1295 4168 1405 4217 initium
1427 4165 1535 4214 alterius

234 4237 366 4292 tuciltsnt
390 4255 478 4289 tersus
498 4239 663 4291 existitunt.''
691 4241 824 4292 (iARl‘l'.

309 4317 351 4370 ll.
371 4317 476 4382 capite]
503 4314 550 4364 Sic
569 4319 676 4385 scripsi.
697 4343 734 4354 —
752 4333 820 4365 cara
841 4317 931 4370 Ptine.
954 4315 1059 4368 Berald.
1077 4345 1114 4358 -
1132 4315 1193 4365 coia
1215 4311 1271 4366 ald.
1291 4329 1318 4364 et
1338 4329 1415 4383 seqq.

307 4387 378 4439 thid.
398 4387 549 4454 Virgilius]
571 4394 637 4442 heu.
659 4387 708 4442 lli·
729 4391 783 4446 302
802 4406 857 4460 seq.

308 4466 352 4518 15.
375 4460 447 4513 Arete
466 4463 598 4532 equidem]
633 4467 705 4513 Arete
723 4462 829 4531 quidem
850 4467 941 4517 Ptine.

306 4542 351 4591 20.
372 4537 595 4604 calumniatores]
618 4541 704 4591 Ptine.
726 4538 831 4592 Bernid.
852 4538 919 4590 Lod.
941 4567 974 4580 -
993 4539 1220 4590 calumniationes
1239 4538 1330 4588 reteri.
1356 4562 1385 4574 -
1407 4535 1537 4604 ,eatam-

232 4611 478 4681 niateresreposui
499 4630 531 4662 cx
551 4612 609 4663 MS.
636 4614 740 4665 scilicet
760 4612 865 4664 dicunt.
904 4613 991 4683 Vulgo
1012 4613 1113 4665 insulse
1131 4609 1389 4664 enitemniationes.''
1409 4608 1537 4662 ouant.

309 4691 352 4737 tt.
373 4686 436 4754 Hie]
457 4684 522 4735 Lod.
543 4700 570 4737 et
591 4702 665 4755 seqq.
687 4715 721 4727 -
741 4685 803 4737 ltine
824 4694 938 4760 priores.

308 4765 352 4818 25.
372 4761 530 4827 Hortensii]
552 4758 676 4815 hortensi
696 4763 787 4813 Ptine.
