3210 5280
194 198 256 264 lto
523 194 821 262 SCHOLIASTA
844 196 1184 263 GRONOVIANUS

278 338 407 403 Medea
427 337 501 420 itta]
524 338 620 402 Iason
645 337 756 400 missus
773 350 820 402 est
836 359 963 402 aureum
980 339 1081 402 vellus
1098 337 1238 402 adferre.
1283 335 1382 401 Hune
1398 337 1523 401 Medea

196 433 353 498 adamavit
382 445 413 496 et
444 456 515 496 eum
548 431 682 509 adiuvit,
719 431 829 496 deinde
859 435 1044 496 redeuntem
1073 436 1112 495 ad
1142 431 1276 514 patriam
1307 443 1421 495 secuta
1454 442 1521 505 est;

196 531 317 592 Aeetes
343 541 435 610 pater
460 527 544 601 eius,
580 525 817 609 ubicognovit
847 549 923 591 suae
949 526 1032 590 filiae
1054 526 1162 610 lugam
1185 537 1217 588 et
1240 524 1326 588 illius
1354 524 1520 607 rapinam,

194 633 381 707 persecutus
408 632 468 684 est.
512 621 571 684 Illa
594 620 721 704 fugiens
751 642 839 684 suram
871 621 1002 684 fratrem
1030 620 1148 685 oceidit
1169 631 1201 684 et
1225 622 1367 682 membra
1392 619 1463 682 eiius
1487 641 1521 702 q.

171 731 245 786 ster
261 716 419 801 dispersit.
466 715 569 795 Quum
586 715 684 800 igitur
699 718 816 780 Aeetes
832 714 905 779 illos
921 724 1187 799 persequeretur,
1211 712 1291 777 vidit
1305 734 1398 776 ιιιιιιιιι
1421 713 1523 776 hlium

196 834 339 895 sparsum
361 811 393 873 in
415 809 465 874 via
487 821 518 872 ct
541 808 650 890 coepit
672 830 743 870 eum
766 806 938 894 colligere,
963 820 996 872 et
1016 829 1112 892 quum
1135 806 1259 892 colligit
1279 807 1403 890 ita-per
1424 806 1521 871 furnus

196 929 320 980 moras,
345 907 453 990 lugam
476 905 597 967 lucrata
619 903 679 966 luit
701 904 832 966 Medea.

280 1002 337 1068 Sic
358 998 598 1079 Mithridates]
635 999 721 1061 Bene
745 995 967 1059 Mithridatem
989 996 1128 1060 Medeae
1149 993 1369 1077 compararit3
1395 1016 1467 1057 nam
1490 1005 1523 1057 et

196 1097 263 1179 ipsa
286 1094 443 1201 parricida
468 1103 532 1168 est;
554 1090 658 1155 fertur
680 1089 762 1154 enim
787 1088 920 1153 fratrem
942 1112 1033 1154 surim
1056 1089 1208 1155 occidisse
1231 1101 1264 1154 et
1283 1099 1409 1172 patrem
1431 1088 1519 1152 bello

154 1189 364 1274 tusuperiore
388 1198 500 1251 contra
521 1187 654 1250 Sullam.

281 1284 334 1347 93.
358 1281 494 1346 Hunc
481 1302 517 1343 ιιι
540 1279 600 1343 illo
621 1279 760 1359 timore]
782 1278 988 1342 Mithridates
1009 1290 1177 1362 postquam
1204 1275 1305 1344 mtrlto
1328 1285 1478 1358 tempore
1503 1296 1520 1338 a

195 1378 337 1442 Lucullo
359 1375 511 1459 fatigatus
527 1385 576 1435 est
598 1383 629 1434 et
650 1370 694 1432 ibi
717 1373 757 1432 ab
779 1372 833 1436 illo
856 1383 1022 1454 susceptus
1047 1385 1108 1436 est.
1152 1371 1211 1436 Ille
1234 1367 1359 1452 accepit
1380 1368 1520 1433 timidum

196 1485 228 1537 et
248 1471 325 1537 fecit
349 1470 560 1533 confidentem
586 1477 617 1529 et
640 1465 771 1529 mutavit
791 1465 933 1548 hospitio
954 1465 1128 1530 fortunam.

281 1564 435 1629 Tametsi
470 1562 588 1625 audem
616 1582 667 1623 ex
697 1560 878 1643 Tigranis]
922 1561 1022 1626 Miles
1054 1563 1222 1627 Romanus
1254 1561 1331 1631 lieet
1362 1583 1519 1648 prospera

154 1678 304 1745 tspugna
329 1657 435 1720 luerat
458 1678 534 1719 usus
565 1664 598 1717 et
627 1675 771 1739 magnam
795 1651 965 1716 civitatem
985 1656 1102 1720 tulerat
1125 1656 1281 1740 Tigrani,
1307 1667 1414 1722 tamen
1443 1657 1518 1743 quia

195 1755 326 1818 multum
349 1750 471 1813 lecerat
492 1760 627 1830 tempus,
652 1768 755 1832 neque
775 1768 851 1812 suos
877 1747 1041 1827 videraut,
1067 1762 1099 1814 et
1123 1749 1343 1815 fortitudinem
1364 1750 1520 1836 cupiditas

195 1847 249 1932 pia
270 1846 451 1930 frangebat.

281 1941 333 2002 M.
359 1943 434 2004 Iam
454 1940 518 2001 hoc
527 1936 618 2028 fere
640 1937 689 2000 sic
704 1935 809 2016 ficri]
845 1937 978 2021 Regalis
1003 1938 1135 2002 fortuna
1164 1935 1314 2022 quamdiu
1338 1938 1437 2003 floret
1461 1937 1520 2002 im·

194 2033 306 2119 perio,
332 2034 457 2096 laborat
479 2032 614 2108 invidia,
640 2030 762 2095 delecta
786 2029 1020 2098 miserationem
1044 2045 1196 2096 meretur.

152 2148 184 2197 ιο
281 2129 333 2191 95.
357 2131 527 2209 Impetum
536 2124 648 2216 feeit.
693 2124 802 2190 Sinite
823 2126 886 2186 hor
908 2127 996 2208 loco]
1019 2127 1225 2191 Mithridates
1243 2139 1416 2212 postquam
1436 2128 1520 2216 fugit

196 2235 227 2288 et
251 2243 267 2284 a
294 2221 441 2326 Tigrane
463 2221 523 2285 fuit
544 2231 710 2303 receptus,
734 2215 826 2280 iussit
849 2218 961 2282 milites
987 2220 1133 2285 sedere
1123 2243 1156 2284 an
1179 2223 1253 2287 loco
1280 2222 1442 2301 obscuro,
1468 2237 1518 2299 ut,

195 2317 323 2423 quando
353 2314 459 2378 veniat
480 2316 605 2397 legatus
631 2313 758 2376 Luculli
785 2313 824 2373 ad
850 2313 970 2394 oppida
994 2314 1050 2377 illa
1079 2318 1244 2390 vastanda,
1280 2329 1395 2381 contra
1415 2317 1540 2401 ipsum¹

195 2409 332 2491 impetus
355 2409 423 2470 fiat.
468 2408 521 2471 Illi
543 2410 704 2471 sederunt.
748 2406 848 2469 Venit
867 2407 990 2491 legatus
1012 2410 1211 2493 adrapinam
1232 2410 1422 2475 faoiendam.
1468 2415 1521 2477 Fit

196 2514 308 2567 eontra
332 2524 402 2566 eum
430 2500 589 2583 impetus:
614 2501 657 2563 ita
679 2520 789 2564 omnes
812 2501 924 2580 deleti,
948 2513 984 2565 ut
1005 2523 1064 2567 nec
1087 2504 1213 2569 nuntius
1235 2505 1340 2588 possit
1362 2506 1518 2583 existere3

152 2616 185 2667 25
196 2597 238 2660 ita
261 2618 369 2684 omnes
393 2596 541 2660 exstincti
564 2608 651 2659 sunt.

280 2693 324 2754 Ut
343 2699 466 2774 poetae
487 2689 609 2772 solent]
645 2689 786 2766 Omnes,
821 2690 876 2775 qui
900 2689 1049 2756 historias
1078 2691 1222 2756 scrihere
1243 2692 1368 2768 solent,
1404 2695 1460 2760 ubi
1482 2700 1520 2761 ad

196 2786 401 2849 calamitatem
425 2785 558 2849 veniunt
582 2783 695 2865 populi
717 2784 873 2862 Romani,
907 2797 1114 2870 praetereunt
1142 2808 1245 2872 neque
1273 2786 1360 2853 illam
1390 2791 1517 2868 dieunt,

195 2903 234 2944 ue
259 2881 427 2943 videantur
449 2880 481 2942 in
507 2879 682 2942 calamitate
705 2877 863 2945 exultare.

281 2975 333 3036 96.
359 2973 517 3054 Dimisit]
541 2971 641 3054 Quasi
662 2971 835 3035 imbellem.

153 3085 185 3135 su
280 3070 444 3133 Multum·
453 3068 650 3150 praetereo]
679 3065 827 3130 Ostendit
855 3089 889 3132 se
912 3091 1045 3153 parcere
1071 3065 1210 3137 Lucullo
1240 3084 1273 3137 et
1306 3096 1371 3139 uon
1399 3088 1520 3142 tantum

197 3161 318 3238 dicere,
344 3172 495 3244 quantum
518 3173 657 3224 meretur
681 3161 802 3225 audire.

280 3259 404 3321 Nouus
426 3255 630 3338 imperator]
655 3254 804 3320 Glabrio.

283 3349 366 3431 Cap.
391 3350 435 3414 X.
458 3350 510 3412 97.
534 3349 761 3434 Antiquitatis
783 3352 998 3436 memorium]
1022 3351 1119 3437 Apud
1142 3354 1289 3441 antiquos
1311 3357 1419 3443 magui
1435 3372 1522 3424 erant

198 3445 260 3508 viri
282 3445 399 3508 sortes.

156 3554 186 3605 35
283 3539 336 3600 98.
361 3541 439 3620 Ego
460 3536 551 3600 enim
573 3536 620 3599 sie
641 3537 819 3618 existimo]
842 3539 949 3605 Prima
973 3541 1086 3606 divisio
1101 3542 1182 3606 suit:
1205 3541 1340 3626 primum
1357 3547 1520 3612 dicendum

198 3645 246 3697 est
267 3635 304 3694 de
329 3652 447 3715 genere
471 3630 564 3715 belli,
590 3642 665 3693 tunc
688 3635 726 3702 de
750 3634 986 3718 magnitudine,
1010 3639 1048 3700 de
1071 3635 1277 3720 imperatore.
1323 3641 1420 3704 Nune
1442 3643 1523 3706 diri·

198 3727 319 3791 sionem
342 3726 436 3800 saeit,
462 3725 537 3810 quid
564 3728 657 3788 debet
678 3727 827 3791 habere
818 3741 1007 3811 rmperator.
1053 3732 1172 3796 Omnes
1198 3732 1409 3816 imperatores
1433 3749 1524 3821 quat·

197 3835 273 3885 tuor
300 3822 414 3882 debent
437 3818 545 3882 ornari
573 3819 757 3883 virtutibus.
813 3823 955 3887 Primum
983 3826 1076 3888 dehet
1103 3847 1172 3890 esse
1206 3827 1236 3891 iu
1266 3828 1359 3893 hellis
1382 3832 1522 3912 peritus,

199 3927 234 3979 ut
256 3912 385 3976 scientia
409 3913 510 3977 oninia
535 3914 676 3996 pericula
699 3914 856 3978 venientia
881 3930 1029 3998 superet·
1062 3920 1173 3984 deinde
1195 3923 1289 3985 debet
1317 3943 1386 3987 esse
1410 3925 1524 4000 sortis3

157 4008 278 4071 tunihil
305 4008 385 4070 enim
408 4008 494 4069 valet
520 4009 650 4090 peritia,
675 4007 733 4070 nisi
760 4008 892 4071 accessit
917 4010 1035 4077 virtus:
1071 4014 1182 4078 deinde
1203 4028 1351 4080 strenuus
1379 4017 1412 4081 iu
1440 4021 1525 4084 bello

200 4105 294 4165 dehet
316 4122 404 4164 esse.
436 4099 547 4164 deiude
573 4101 783 4165 felicissimus.
829 4100 946 4168 Cicero
973 4106 1115 4170 ultimum
1139 4109 1263 4191 posuit,
1289 4114 1377 4195 quod
1399 4127 1447 4177 est
1472 4138 1525 4178 ue·

200 4195 384 4258 cessarium.
428 4194 615 4258 Lucullus
607 4195 725 4258 mistis
749 4195 892 4259 omnihus
913 4197 974 4261 suit
994 4200 1223 4283 peritissimus,
1247 4204 1308 4268 suit
1329 4205 1447 4287 fortis,
1473 4212 1527 4275 sed

198 4289 322 4353 infelix.

284 4383 400 4448 Patris
421 4383 627 4465 exercitum]
666 4383 753 4468 Sagii
787 4384 956 4470 aliquando
989 4387 1146 4454 civitatem
1180 4391 1302 4474 petiere
1332 4395 1526 4460 Romanam.

275 4527 300 4575 2.
327 4519 502 4589 redeuntem]
537 4520 642 4574 Gr.-
664 4521 851 4575 redeunteG.
901 4525 927 4582 5.
955 4525 983 4576 F.
1001 4544 1054 4594 per
1073 4531 1139 4578 iter.
1171 4527 1300 4580 Gaonov.
1347 4531 1376 4586 9.
1397 4531 1427 4584 F.
1459 4538 1528 4602 ipsc.

202 4601 246 4650 12
276 4593 421 4658 «uersat.
444 4595 483 4647 ad
502 4595 656 4664 Tigranem
676 4598 837 4667 confugam
865 4600 991 4655 Gaonov.
1031 4601 1072 4654 lh.
1099 4600 1241 4672 ta'ma'duml
1271 4603 1321 4658 Gr.
1341 4627 1379 4644 -
1400 4608 1530 4660 timidam

201 4669 237 4723 G.
277 4673 319 4726 16.
341 4671 411 4742 Lege
431 4670 553 4731 viderat.
575 4674 627 4727 On.
672 4678 717 4733 50.
738 4674 827 4727 moden
846 4674 907 4748 Cle.
957 4679 1002 4737 36.
1022 4675 1182 4751 deJG.-
1146 4677 1266 4735 -dat'n
1285 4678 1319 4732 ds
1340 4680 1393 4738 Gr.
1433 4681 1481 4745 qq,
1501 4684 1531 4740 F.

200 4745 284 4799 Socii.
305 4744 430 4831 (iseros.
