3210 5280
159 221 199 284 58
638 230 641 237 '
694 218 919 285 asconius

159 359 312 423 Cornelio
336 358 514 422 obsisteret.
558 361 609 434 le,
633 359 686 423 ubi
709 359 787 443 legis
808 359 959 421 ierttndae
981 357 1045 420 dies
1067 355 1152 418 venit
1173 367 1204 418 et
1224 375 1339 436 praeco
1360 350 1459 412 subii-

158 453 258 516 cieute
280 451 383 516 scriba
411 454 507 514 verba
535 452 615 535 legis
639 453 774 515 recitare
798 452 919 533 populo
941 451 1064 530 coepit,
1088 461 1119 512 et
1142 451 1273 511 scribam
1304 445 1460 509 subiicere

159 559 189 608 et
209 564 394 626 praeconem
417 544 626 626 pronunciare
648 566 756 626 passus
772 568 835 609 non
855 556 914 606 est.
960 545 1040 604 'sitm
1057 542 1224 607 Cornelius
1240 543 1305 621 ipse
1320 538 1461 602 codicem

163 637 319 700 recitavit.
363 630 459 715 Quod
478 657 548 699 cum
568 637 712 718 improbe
735 641 802 703 lieri
826 639 868 704 C.
893 635 968 702 Piso
991 637 1100 700 consul
1126 638 1324 698 vehetnenter
1346 651 1461 715 quere·

134 738 262 805 iretur,
292 732 316 804 †
338 729 531 793 tribuniciam
559 730 812 796 intercessionem
835 732 970 805 diceret,
1005 729 1096 814 grati
1121 726 1310 791 conviciet
1335 725 1460 807 populo

159 835 311 903 exceptus
332 834 395 895 est;
429 834 549 884 etcum
574 820 627 886 ille
649 844 723 903 eos,
754 825 809 909 qui
835 824 895 888 sibi
919 824 1124 887 intendebant
1146 842 1273 895 suanus,
1308 820 1460 901 prendia

160 917 270 982 lictore
292 914 452 989 iussisset,
481 914 575 979 fracti
603 915 669 980 eius
689 918 791 981 iasces
813 919 935 991 cuncti,
965 916 1148 1001 lapidesque
1176 916 1268 979 etiam
1290 936 1330 977 ex
1352 913 1461 975 ttltima

159 1008 310 1073 concione
331 1007 361 1071 iu
376 1008 536 1072 consulem
551 1007 641 1072 iacti:
664 1031 729 1094 quo
746 1012 876 1073 tumultu
893 1010 1060 1075 Cornelius
1076 1013 1275 1091 perturbatus
1291 1007 1459 1070 concilium

159 1101 285 1164 dimisit.
329 1102 445 1164 Actum
468 1100 578 1165 deinde
592 1106 695 1165 eadem
712 1106 750 1165 de
770 1124 806 1166 re
826 1103 858 1166 in
874 1117 983 1167 senatu
997 1115 1045 1166 cst
1060 1098 1179 1187 mng'nis
1195 1099 1461 1164 contentionibus.

119 1197 242 1256 tt'l'um
266 1192 434 1258 Cornelius
455 1193 497 1257 ita
521 1192 607 1256 ferre
632 1215 739 1258 rursus
761 1193 885 1276 coepit,
914 1197 1043 1281 nequis
1065 1196 1097 1259 in
1119 1208 1227 1259 senatu
1251 1193 1373 1277 legibus
1395 1191 1463 1254 sol·

160 1299 304 1358 veretur,
329 1285 387 1348 nisi
403 1284 475 1350 CC.
491 1286 669 1362 affuisseut3
691 1310 772 1352 neve
794 1289 880 1370 quis,
905 1309 973 1350 cum
986 1291 1106 1351 solutus
1122 1300 1221 1362 esset,
1239 1286 1459 1356 intercederet,

160 1403 229 1444 cum
252 1383 289 1442 tle
311 1400 345 1441 ea
368 1400 402 1440 re
428 1381 467 1441 ad
494 1379 643 1459 populum
668 1379 818 1445 serretur.
874 1381 962 1442 Hace
983 1381 1049 1443 sine
1075 1381 1208 1442 tumultu
1230 1401 1281 1441 res
1308 1391 1376 1440 acta
1398 1388 1460 1440 est.

160 1478 263 1538 Nemo
285 1473 366 1534 cuitu
394 1493 507 1556 negare
530 1485 669 1553 poterat,
707 1494 768 1553 pro
794 1474 980 1535 auctoritate
1009 1485 1134 1536 senatus
1155 1494 1224 1535 esse
1255 1494 1322 1535 etun
1342 1473 1460 1554 legem.

161 1570 223 1630 Sed
245 1579 347 1626 tamen
369 1585 435 1625 eam
458 1565 527 1625 tulit
548 1563 653 1626 invitis
682 1565 902 1646 optimatibus,
938 1566 994 1649 qui
1021 1567 1071 1628 vel
1096 1586 1215 1648 paucos
1239 1606 1460 1628 .......

120 1670 173 1724 15.
199 1702 208 1722 .
239 1657 411 1743 gratificari
439 1657 594 1720 solebant.
651 1659 752 1720 Aliam
782 1656 891 1720 deinde
921 1658 1021 1742 legem
1053 1657 1241 1732 Cornelius,
1279 1657 1340 1720 etsi
1367 1676 1462 1717 nemo

162 1772 340 1834 repugnare
363 1771 455 1812 ausus
476 1760 548 1825 est,
567 1751 669 1814 ntttltis
694 1762 795 1814 tamen
814 1751 921 1814 invitis
944 1752 1031 1827 tulit,
1056 1765 1089 1815 nt
1111 1763 1276 1834 praetores
1290 1772 1328 1812 ex
1352 1749 1462 1811 edictis

162 1847 225 1910 suis
247 1841 408 1924 perpetuis
429 1841 476 1904 ius
499 1842 657 1906 dicerent:
681 1865 759 1927 quac
783 1865 834 1907 res
856 1857 998 1908 cunctam
1021 1846 1152 1928 gratiam
1176 1843 1347 1915 ambitiosis
1369 1864 1464 1924 prae·

163 1938 304 2010 toribus,
340 1934 502 2020 quiveris
530 1935 577 1997 ins
606 1935 711 2000 dicere
736 1938 895 2013 solebant,
931 1939 1065 2001 sustulit.
1111 1936 1196 2002 Aliae
1219 1956 1346 2021 qunque
1374 1956 1465 1998 com-

163 2032 270 2114 plures
294 2031 378 2112 leges
403 2027 573 2093 Cornelius
595 2030 827 2114 promulgavit,
852 2030 965 2113 quibus
987 2032 1127 2113 plerique
1148 2031 1290 2114 collegae
1311 2029 1465 2092 interces-

120 2144 152 2193 20
163 2135 290 2186 serunt:
314 2144 372 2204 per
395 2144 471 2220 quas
495 2123 711 2186 contentiones
740 2135 824 2184 totus
848 2123 1021 2187 tribunatus
1044 2124 1110 2186 cius
1132 2136 1276 2220 peractus
1298 2135 1359 2185 est.

257 2244 282 2290 1.
302 2237 333 2289 C.
351 2235 489 2303 Cornelio]
509 2233 577 2288 iod
596 2235 673 2288 nass.
693 2237 788 2306 Sigon.
808 2263 842 2276 -
861 2235 893 2288 l..
913 2236 1040 2289 Cornelio
1060 2238 1151 2289 Ptine.
1173 2234 1277 2289 Berald.
1297 2234 1358 2290 nid.
1378 2231 1466 2305 Lugd.

163 2315 226 2368 llot.
250 2311 333 2364 Creo.

230 2385 301 2440 lbid.
313 2383 469 2453 ferundae]
482 2382 608 2453 jerunda
627 2384 718 2438 Ptine.
843 2389 867 2438 2.
886 2387 992 2456 coepit]
1013 2391 1083 2452 cepit
1106 2386 1195 2438 Prine.

254 2460 281 2515 li.
303 2460 333 2512 C.
354 2459 429 2526 Piso]
451 2458 518 2511 Lod.
538 2474 564 2510 et
585 2475 660 2528 seqq.
678 2487 715 2500 -
735 2455 766 2512 L.
785 2455 850 2510 Piso
870 2463 960 2514 l’rine.
980 2460 1085 2513 Bernld.
1107 2461 1167 2513 utu.

254 2540 279 2592 5.
299 2533 476 2585 tribuniciam
494 2539 717 2584 intercessionem
735 2532 851 2601 diceret]
881 2537 928 2589 sie
949 2551 1043 2587 mattea
1064 2537 1154 2589 Ptine.
1174 2532 1236 2587 Ald.
1256 2533 1332 2586 Man.
1352 2537 1465 2583 -tri-

161 2612 348 2678 buniciamqne
366 2613 588 2660 intercessionem
607 2607 709 2658 diceret
727 2606 834 2662 Betald.
856 2609 939 2681 Lugd.
952 2639 986 2653 -
999 2610 1223 2680 tribttnitismqtte
1239 2612 1465 2659 intercessionem

162 2685 300 2737 sublatam
321 2701 379 2734 esse
398 2683 501 2734 diceret
521 2683 590 2736 Lod.
615 2711 652 2723 -
680 2683 793 2752 tollique
817 2703 850 2734 ea
876 2701 906 2735 re
924 2684 1099 2737 tribunitiam
1117 2689 1340 2735 intercessionem
1358 2682 1465 2733 diceret

164 2762 227 2813 llot.
243 2764 322 2812 (iren.
343 2787 376 2799 -
397 2757 572 2809 tribuniciam
592 2762 812 2808 intercessionem
831 2759 892 2810 tottt
910 2760 1014 2811 diceret
1027 2761 1119 2832 Sigon.
1133 2762 1317 2812 cconlectura
1331 2757 1466 2822 Munatii,

163 2840 207 2888 cui
228 2848 273 2887 sut
294 2833 356 2885 tolli
374 2849 419 2885 snt
438 2838 561 2884 imminui
580 2832 672 2885 deesse
692 2831 842 2885 videbatur.

254 2911 282 2968 6.
302 2908 349 2958 ills
367 2908 428 2977 eas]
468 2907 552 2978 Lugd.
572 2908 637 2960 llot.
660 2907 736 2960 Mau.
758 2907 838 2961 Cren.
866 2936 903 2952 ·-
928 2907 975 2959 iiie
992 2925 1062 2961 cass.
1083 2908 1174 2961 Ptine.
1199 2935 1237 2950 ·-
1260 2907 1306 2957 itis
1325 2922 1381 2958 cas.
1401 2903 1464 2958 uid.

166 3012 197 3026 ·-
218 2984 281 3035 ilios
301 2999 370 3034 coss.
390 2978 496 3035 Rersld.
518 3011 554 3024 -
572 2983 635 3033 ilios
652 2999 708 3033 cos.
738 2979 804 3034 Lod.

238 3057 308 3112 lbitl.
330 3057 519 3124 intendebant]
547 3056 637 3110 Priuc.
649 3055 754 3109 Berald.
770 3057 994 3108 -intentabant
1008 3054 1068 3110 ald.
1081 3071 1108 3108 et
1121 3070 1195 3124 seqq.
1215 3052 1351 3122 „frustrat
1373 3061 1465 3125 potius

163 3132 312 3187 notandum
334 3133 386 3185 hoc
405 3137 434 3184 iu
453 3133 547 3184 lexicis
567 3150 599 3184 ex
618 3133 697 3184 buius
718 3137 815 3184 aetatis
829 3131 1025 3203 scriptoribus;
1045 3147 1108 3184 nem
1122 3124 1233 3184 Tsciins
1245 3146 1351 3201 quoque
1368 3147 1468 3182 tntttstts

163 3209 247 3261 atteret
265 3208 406 3259 intendere
425 3206 493 3259 dixit
516 3211 582 3258 Anu.
604 3209 646 3259 tv.
667 3206 712 3265 52⁹
741 3207 856 3261 main.

239 3283 307 3334 lbid.
324 3281 436 3352 prendi]
469 3279 603 3350 prehendi
628 3273 733 3334 Berald.
754 3279 822 3334 Lod.
842 3283 918 3334 Man.

258 3359 412 3425 7..tictore]
432 3356 529 3408 littoie
549 3359 641 3409 Ptine.
827 3366 870 3413 10.
890 3356 971 3423 Tam]
991 3350 1285 3408 temperassemus.

237 3439 282 3489 11.
303 3434 386 3499 esset]
416 3448 471 3483 om.
492 3433 582 3484 Ptine.
830 3436 872 3487 12.
891 3429 925 3482 de
944 3448 976 3480 ea
996 3429 1038 3500 re]
1057 3447 1091 3480 ea
1110 3428 1143 3479 dc
1162 3445 1193 3478 re
1214 3426 1298 3498 Lagei.

241 3510 284 3564 15.
302 3511 348 3577 qest
365 3507 413 3557 trel
426 3521 531 3576 pancos
551 3505 565 3536 ³*
584 3503 749 3577 gratificari
765 3504 907 3575 sotebant]
939 3496 1030 3558 Ptine.
1055 3503 1117 3556 uid.
1144 3504 1220 3556 Man.
1244 3530 1282 3543 -
1307 3507 1353 3570 qni
1368 3507 1467 3568 parteis

165 3579 330 3652 gratificari
347 3582 472 3633 solebant
492 3578 596 3633 Berald.
615 3610 652 3622 -
678 3586 725 3651 qni
742 3580 789 3631 vel
802 3585 901 3651 paucis
919 3577 1084 3648 gratificari
1104 3575 1284 3648 (gratificare
1299 3575 1395 3646 lugd.)
1414 3594 1465 3626 so-

165 3656 259 3707 lebant
279 3654 344 3710 Lod.
364 3655 448 3728 Lngd.
467 3683 502 3697 -
520 3659 566 3725 qni
584 3655 633 3706 vei
645 3661 728 3726 persei
745 3664 859 3706 senatus
877 3656 1030 3706 consultum
1040 3651 1144 3724 facere
1161 3653 1286 3703 sotebant
1305 3652 1368 3704 liat.
1382 3653 1465 3703 Creu.

165 3749 198 3782 ex
218 3731 336 3784 Maantii
355 3736 521 3784 coniectura.
557 3758 586 3772 -·
618 3735 663 3799 qtsi
687 3739 733 3783 vet
752 3735 836 3801 persei
861 3727 1025 3802 gratificari
1049 3727 1175 3779 sotebant
1195 3726 1337 3798 Sigonius,
1367 3730 1414 3796 qui
1437 3731 1465 3776 in

77 3832 80 3836 ¹
165 3806 279 3859 scholiis
299 3809 455 3878 praemissis
475 3807 541 3856 haer
561 3810 716 3858 annotavit:
742 3808 835 3873 „Satis
855 3821 959 3857 eertum
979 3820 1039 3868 est,
1057 3801 1218 3875 legendnm,
1238 3807 1283 3871 qui
1300 3801 1349 3851 vet
1361 3805 1465 3869 pauet,-

165 3897 228 3932 nam
242 3896 268 3933 et
283 3897 377 3934 sensus
397 3882 449 3933 hor.
469 3880 602 3951 postulet,
622 3895 649 3932 et
667 3878 795 3952 loquendi
816 3885 926 3950 antiqua
948 3883 1032 3936 satiat
1053 3893 1147 3930 sensns
1168 3895 1200 3929 ex
1219 3876 1355 3948 prioribus
1376 3875 1467 3926 serbis

166 3960 340 4026 exprimitur:
371 3954 463 4024 antte
483 3960 543 4023 ipsa
561 3964 674 4006 senatus
691 3955 818 4007 consalta
835 3973 886 4023 per
902 3954 1034 4023 parcentes
1052 3951 1197 4003 admodum
1210 3949 1332 4022 fiebant.
1372 3951 1467 4001 Locu-

166 4035 269 4083 tionent
289 4030 450 4100 comprobat
472 4031 561 4083 Livius
581 4028 631 4084 lib.
651 4033 686 4084 X.
724 4029 806 4099 Quod
812 4031 906 4101 popuii
918 4035 961 4080 ins
973 4034 1027 4090 sit,
1047 4028 1139 4078 iubeat
1150 4032 1258 4095 potins,
1278 4041 1359 4095 quam
1369 4032 1469 4094 patres

164 4103 393 4176 gratificentur.n
422 4131 458 4145 -
485 4101 625 4174 „Adparet
650 4108 826 4174 exquisitiore
852 4103 959 4157 dicendi
986 4121 1082 4173 genere
1109 4107 1257 4157 Asconiutn
1284 4116 1362 4152 usum
1391 4117 1466 4157 esse:

166 4185 276 4252 scripsit
296 4184 388 4235 enim:
414 4185 459 4249 φα·
478 4182 524 4230 sset
538 4184 622 4247 parret
640 4180 669 4232 S.
690 4179 720 4233 C.
738 4177 903 4250 gratificari
921 4179 1064 4241 sotebant,
1084 4175 1111 4229 id
1131 4193 1187 4241 est,
1208 4194 1255 4248 per
1273 4178 1388 4245 gratiam
1411 4175 1469 4223 lsr-

165 4259 235 4327 giri,
255 4254 481 4326 quemadmodum
502 4256 645 4307 Sisennam
666 4259 748 4305 nimis
766 4258 795 4304 in
814 4251 1008 4326 gratificando
1027 4258 1086 4304 inre
1105 4252 1219 4303 libertem
1233 4253 1330 4302 Cicero
1351 4248 1471 4321 appellet

165 4335 194 4384 in
214 4328 364 4402 fragmento
384 4330 464 4383 buius
485 4334 569 4400 ipsius
588 4345 657 4383 oret.
679 4327 750 4400 apnd
770 4331 918 4381 Ascanium
939 4347 965 4401 p.
986 4334 1048 4388 103.
1069 4326 1151 4380 llot.”
1171 4326 1285 4380 ΜΔΝ.

242 4410 286 4462 16.
305 4411 358 4457 etsi
375 4422 455 4456 nemo
473 4405 643 4482 repugnem]
661 4412 690 4456 et
708 4408 766 4455 sine
785 4421 863 4454 more
878 4421 1009 4475 pugnare
1028 4404 1119 4477 Prisc.

240 4485 285 4534 1⁷.
304 4497 350 4531 res
367 4487 494 4534 cunctam
512 4482 652 4548 gratiam]
690 4481 737 4534 Sic
756 4481 862 4549 scripsi.
892 4507 929 4520 -
957 4495 1003 4529 res
1022 4495 1082 4528 esem
1100 4483 1150 4526 ant
1168 4479 1294 4543 gratiam
1314 4474 1407 4526 Ptine.
1436 4500 1474 4516 -

166 4571 212 4605 res
231 4560 358 4623 gratiam
376 4552 485 4610 Beseld.
505 4553 571 4605 ted.
590 4582 628 4597 —
647 4571 692 4605 res
710 4562 769 4605 tam
787 4559 912 4619 gratiam
932 4557 1025 4605 ceteri.
1268 4592 1273 4600 .

242 4636 285 4688 tt.
303 4629 442 4697 solebant]
457 4637 640 4681 assrteverarst
654 4629 717 4680 ilat.
730 4628 812 4681 Creu.
857 4632 899 4686 19.
919 4622 1086 4698 comperies]
1105 4642 1166 4676 enm
1181 4623 1276 4694 plnres
1296 4623 1388 4674 Prine.

129 4699 131 4703 ’
240 4708 284 4759 20.
303 4713 380 4756 totns
397 4703 645 4772 trebentensem]
676 4700 783 4755 Bersld.
810 4701 875 4755 Lod.
906 4703 990 4775 Lugd.
1010 4703 1088 4754 Men.
1116 4700 1210 4769 Sigon.
1229 4726 1262 4741 -
1281 4706 1358 4748 totns
1377 4696 1473 4749 tribes·

167 4785 252 4829 nattes
270 4786 393 4850 tempore
411 4784 470 4831 eins
489 4779 581 4839 Ptine.
602 4779 663 4834 sid.
682 4806 718 4823 ··
737 4782 815 4831 tatus
830 4796 916 4849 prope
935 4779 1093 4832 tribsttattss
1110 4779 1169 4826 sites
1189 4776 1267 4842 lint„
1278 4774 1360 4829 Creu.
