3210 5280
579 236 627 299 IN
651 235 975 301 MILONIANAM.
1136 182 1142 197 Ι
1389 245 1429 305 55

121 402 210 466 vam
227 375 365 442 Milonis
383 375 515 451 luisset,
552 379 638 460 qnod
662 386 770 455 aperte
798 377 864 437 dux
892 374 996 436 luerat
1011 379 1246 460 ,expungnandae
1266 381 1428 443 tabernae.

121 473 289 555 Repetitus
311 470 511 552 deindepost
531 489 651 552 palleos
673 469 738 531 dies
760 471 845 548 apud
865 466 1047 532 Considium
1069 482 1267 553 quaestorem
1290 484 1337 533 est
1357 472 1430 556 lege

120 566 242 630 Plautia
262 569 303 629 ule
323 564 373 639 vi,
410 563 643 646 subscriptione
674 582 728 639 ea,
766 563 852 645 quod
875 562 945 623 loca
974 558 1167 644 [superiora]
1189 575 1376 645 occupasset
1398 576 1430 626 et

119 680 186 721 esu
216 659 283 724 telo
310 657 422 721 luisset
451 678 521 719 naun
546 697 780 720 .........
804 674 970 735 operarum
993 655 1140 718 Milonis.
1185 657 1429 722 Aeeuusaeernnt

119 750 158 816 C.
170 751 304 826 Fidius,
328 749 393 816 Cn.
409 750 577 832 Apponius
589 748 652 813 Cu.
666 749 724 819 F..
749 747 1322 820 M.,Seius..·...·.....sex.
1361 752 1454 816 Des

116 844 285 907 lesderunt
307 845 361 911 Μ.
385 842 519 920 Cicero,
543 845 593 907 M.
618 841 784 905 Terentius
804 843 914 903 Varro
930 840 1049 904 Gibba.
1088 841 1265 906 Absolutus
1287 855 1334 907 est
1354 866 1428 906 sen·

118 936 221 1001 tentiis
240 935 366 1019 plenius
387 957 478 1019 quam
500 935 609 1018 prius:
633 956 749 1018 graves
771 934 878 997 habuit
898 934 1074 1008 nullu..
1098 936 1309 999 absolutorias
1332 938 1378 1000 Il.
1396 949 1427 999 et

119 1030 257 1101 mn
281 1032 338 1093 sed
358 1050 376 1092 e
398 1027 558 1094 contrario
578 1030 641 1093 hon
659 1050 697 1090 ae
714 1026 823 1108 priore
842 1026 956 1090 iudicio
976 1026 1105 1089 accidit:
1141 1028 1261 1111 equites
1287 1031 1366 1091 enim
1389 1051 1426 1090 ae

118 1133 284 1187 seniores
303 1144 373 1185 eum
392 1123 616 1197 absolverunt,
639 1120 755 1184 trilunni
774 1119 888 1183 aerarii
906 1121 1144 1182 damnaverunt.

200 1216 283 1279 Sex.
304 1228 406 1278 autem
425 1215 579 1290 Clodius,
602 1235 667 1299 qno
689 1224 820 1276 auctore
841 1233 959 1294 eorpus
982 1212 1088 1277 Clodii
1111 1213 1143 1277 in
1165 1215 1282 1277 curiam
1308 1215 1425 1291 illatum
1441 1237 1470 1283 uo

120 1308 196 1382 luit,
233 1308 454 1372 aestuantibus
482 1309 524 1373 C.
546 1305 686 1372 Cesenio
715 1306 872 1382 Philone,
909 1307 961 1369 M.
991 1308 1118 1371 Aulidio
1155 1310 1178 1381 †
1208 1308 1502 1387 [detenderuntuut

123 1401 313 1483 Flaeeonio]
334 1403 794 1486 magno'conseusu‘damnatus
817 1410 882 1474 est,
906 1400 1064 1463 sententiis
1079 1402 1143 1463 VI.
1161 1413 1192 1462 et
1210 1403 1305 1474 xt..;
1336 1403 1430 1464 abso-

122 1494 255 1557 lutetias
277 1497 325 1559 V.
348 1495 476 1559 omniuo
498 1494 624 1567 habuit,
648 1496 723 1555 duas
745 1502 943 1567 senatorum,
967 1505 1030 1555 tres
1053 1494 1203 1576 equuituun.

206 1587 307 1651 Multi
341 1599 502 1668 praeterea
535 1600 566 1650 et
597 1597 778 1667 praesentes
804 1597 834 1646 et
862 1607 930 1648 ouum
967 1587 1053 1651 citati
1086 1609 1148 1649 non
1180 1587 1429 1668 respondissent,

123 1682 259 1744 &innati
279 1693 367 1743 sunt:
392 1702 432 1743 ex
454 1680 566 1763 quibus
591 1680 723 1762 maxima
743 1700 816 1761 pars
842 1679 1084 1745 Clodianorum.
1445 1723 1474 1773 ti

125 1812 240 1882 Aldinae
261 1822 342 1878 nobis
368 1840 425 1876 non
449 1839 574 1890 constet,
601 1840 684 1894 quum
709 1819 875 1892 exemplari,
907 1819 978 1890 quod
1007 1827 1198 1888 trucissimus,
1231 1838 1351 1875 extrema
1379 1840 1433 1896 pa-

123 1917 185 1974 sm
203 1899 348 2043 dpplqmq
364 1971 469 2026 Bersld.
492 1969 558 2023 Lod.
578 2000 613 2013 -
644 1969 752 2041 quidem
769 1970 863 2022 Prius.
886 1997 922 2011 -
947 1972 995 2039 qui
1013 1968 1097 2041 lugd.
1112 1970 1176 2024 llos.
1197 1971 1273 2024 Meu.
1293 1972 1373 2025 Creu.
1397 2001 1433 2016 -

163 2056 169 2066 '
202 2047 298 2105 Hadri
318 2052 371 2100 Ius.

124 2068 271 2177 Wlbid.
290 2067 434 2175 sistemate.
475 2121 615 2190 Repetitus
634 2118 742 2185 deinde]
763 2117 904 2171 tabernae.
940 2115 1082 2187 Repetitus
1094 2127 1137 2169 est
1156 2120 1253 2171 deinde
1271 2120 1432 2191 Madvigius.

127 2230 159 2244 -
180 2200 317 2250 tabernae
334 2205 468 2268 repertus.
506 2195 614 2248 Deinde
640 2198 735 2247 ceteri.
781 2192 873 2256 „Dua
885 2190 991 2261 fuerat
1012 2201 1139 2263 repertus
1155 2212 1210 2248 nou
1231 2194 1299 2247 bene
1317 2199 1434 2250 dicisum·

125 2271 311 2347 septeredo
328 2289 376 2325 reo
392 2275 492 2324 iterum
511 2268 662 2323 accusando
682 2267 810 2320 dicitur.’'
839 2266 954 2321 Melit.

216 2355 246 2404 2.
264 2349 447 2418 quaestorem]
467 2354 620 2414 quaestorem
638 2346 728 2397 Prior.

199 2422 273 2476 litut.
292 2431 338 2474 est
358 2420 432 2492 lege]
451 2439 466 2470 e
489 2420 551 2488 lege
573 2423 662 2474 Prior.
690 2419 795 2473 Bersld.
822 2419 886 2475 lod.
918 2422 968 2486 (In
995 2421 1086 2473 Ptine.
1108 2416 1220 2472 veritum
1249 2427 1292 2470 est
1316 2423 1432 2491 exprimi

128 2499 272 2553 salernus
291 2496 372 2549 liuere
390 2513 420 2558 e,
443 2495 543 2547 lineals
563 2493 759 2569 supraposita.)
776 2523 812 2536 -
831 2497 893 2563 lege
913 2500 1008 2548 ceteri.
1092 2480 1096 2490 ¹

219 2576 248 2631 3.
266 2572 467 2640 sudseriptione
485 2573 529 2637 ea]
561 2571 759 2640 subscriptivae
782 2570 878 2622 eadem
903 2577 1048 2623 aecusatus
1071 2575 1114 2619 est
1137 2569 1202 2621 ilos.
1219 2568 1300 2621 Creu.
1338 2567 1434 2633 ,sut-

129 2652 245 2717 uertptia
262 2664 305 2700 esu
326 2645 416 2698 brevis
436 2648 577 2709 criminis,
595 2661 648 2716 quo
670 2649 730 2716 quis
750 2661 909 2711 accusatur,
930 2643 1166 2718 comprehensio.”
1185 2643 1303 2697 MADV.

202 2721 277 2777 ibid.
296 2722 452 2790 superiore]
474 2717 642 2774 Adiecuivum
656 2719 728 2785 boe,
748 2737 797 2792 pro
813 2738 868 2790 quo
883 2724 912 2772 in
933 2722 1022 2773 Prius.
1042 2735 1083 2772 est
1100 2733 1213 2771 vaenum
1225 2722 1342 2790 spatium
1362 2720 1434 2770 totl-

128 2798 190 2851 den
207 2797 371 2858 llsersrum,
390 2793 542 2848 addidimus
562 2813 577 2847 e
599 2792 715 2847 formula
735 2795 819 2866 quls,
839 2811 920 2866 quam
937 2799 1069 2867 expressis
1087 2794 1198 2866 Pighius
1215 2793 1248 2846 T.
1265 2793 1315 2845 III.
1330 2810 1356 2863 p.
1371 2797 1434 2850 228·

130 2875 187 2927 uu.
200 2871 248 2925 de.
266 2876 335 2924 eius.
353 2876 452 2939 capite.
468 2878 655 2940 quaereretur.
674 2875 730 2941 quel.
745 2888 814 2924 eum.
831 2872 894 2922 telo.
914 2877 953 2924 in.
966 2871 1084 2941 publico.
1101 2867 1217 2937 fuisset.
1234 2876 1293 2920 aut.
1310 2884 1432 2936 pugnae.

128 2964 237 3001 um&
255 2946 328 2998 loca.
350 2949 503 3014 superiora.
522 2952 689 3013 occupasset.
710 2946 853 2998 alienisve.
873 2945 993 2998 aedibus.
1011 2945 1125 2996 cladem.
1138 2949 1227 2995 unis.
1247 2948 1322 3011 igne.
1334 2940 1434 3011 ferro.

128 3023 276 3075 intulisset.
298 3024 388 3090 quive.
406 3018 581 3073 sodalitates.
601 3024 751 3075 eurlamve.
769 3026 892 3073 comitia.
916 3019 1063 3073 iuudieiave.
1084 3018 1253 3071 turbassent.
1274 3044 1310 3058 ·-
1328 3021 1436 3068 munita

129 3095 265 3173 supplevit
284 3092 448 3166 Madvigius.

202 3170 231 3226 4,
243 3166 355 3240 suisset
373 3185 437 3219 nam
463 3173 482 3211 t
505 3171 667 3241 operarum]
692 3169 783 3238 Ptine.
799 3168 863 3220 lod.
902 3199 931 3211 -
953 3166 1140 3238 siuissetnam
1157 3169 1315 3237 operarium
1328 3161 1435 3216 Bereid.

133 3277 164 3291 ..
180 3244 291 3316 suisset
309 3248 512 3311 antesignanus
529 3261 675 3313 operarum
696 3241 780 3315 Luqd.
800 3244 864 3296 IIot.
886 3246 962 3296 Men.
978 3244 1060 3297 Creu.

222 3323 250 3376 5.
269 3320 426 3390 Appouu'us]
449 3321 539 3371 Prius.
561 3316 667 3371 Berald.
688 3318 755 3372 ted.
783 3347 813 3358 -
844 3321 970 3389 Aponius
989 3316 1075 3389 Lugd.
1096 3318 1162 3370 Ilot.
1183 3316 1266 3370 Creu.
1283 3342 1321 3355 -
1343 3316 1437 3383 Apro-

130 3402 191 3449 uuu'uus
208 3394 286 3448 Man.

204 3467 275 3522 thil.
296 3467 341 3522 Μ.
359 3467 438 3519 Seius
458 3468 475 3503 'l‘
501 3470 564 3535 sex]
586 3469 674 3523 Ptine.
695 3467 761 3522 Lod.
800 3498 829 3509 -
861 3468 899 3519 N.
920 3467 999 3519 Seius
1016 3484 1067 3517 sea
1087 3465 1195 3520 Bersld.
1225 3493 1262 3507 -
1294 3462 1339 3515 M.
1359 3461 1438 3513 Seius

129 3547 195 3599 Sea.
213 3544 245 3597 F.
266 3540 350 3615 lugd.
372 3543 434 3595 iios.
453 3542 530 3596 Man.
552 3543 633 3594 Cren.
781 3547 807 3598 7.
826 3540 931 3609 luuhuit]
953 3557 1009 3594 om.
1029 3538 1136 3594 Bersld.

221 3625 250 3679 8.
270 3618 319 3687 ae]
342 3636 360 3668 a
383 3619 473 3671 Prius.
494 3614 684 3669 instituted.
883 3614 887 3621 '

154 3700 165 3720 ’
205 3700 252 3750 tt.
272 3691 304 3745 C.
320 3692 433 3745 Cesenio
454 3691 578 3759 Philone]
601 3689 686 3762 Luqd.
703 3693 766 3744 llot.
779 3692 856 3746 Man.
872 3694 951 3745 Creu.
971 3717 1002 3731 -
1023 3692 1055 3743 C.
1070 3691 1211 3743 Classenu'a
1229 3687 1325 3737 Filone
1346 3687 1438 3739 Prius.

132 3765 242 3823 musti.
259 3764 326 3820 Lod.

206 3848 252 3898 ll.
269 3842 313 3895 M.
332 3837 445 3911 Aufidio
461 3839 648 3908 defenderunt
669 3840 813 3892 Flacconio
838 3857 941 3909 magno
957 3855 1090 3891 consensu
1109 3836 1259 3888 damnatus
1277 3836 1333 3905 est]
1352 3836 1438 3888 Locus

130 3930 294 4044 fflm'
316 3914 509 4057 iiiiii
526 3913 710 4059 iiiiii
713 3910 914 4059 ΗΜ*
917 3915 1000 4056 Ἓὲῗ
1004 3908 1397 4054 .2¹.⁸J.i.‘l‘”ii”.‘.i.ii⁰.,i‘.f
1391 3929 1440 4035 ²51}

233 4028 242 4043 ο
272 4020 301 4033 “““
371 4020 390 4042 ι·
518 4012 526 4038 l
744 4011 762 4041 a
910 4010 926 4040 fl
1014 4009 1019 4017 ’
1143 4004 1153 4035 ι’
1413 4022 1417 4029 ·

131 4070 223 4121 Ptine.
246 4089 283 4105 -
303 4066 347 4118 M.
371 4064 476 4132 Alfidio
497 4065 643 4115 FlacconIo
659 4081 763 4131 magno
784 4082 916 4116 consensu
936 4058 1133 4130 *sumusque
1155 4070 1198 4111 est
1218 4060 1325 4113 Beseld.
1340 4087 1375 4099 -
1399 4060 1439 4110 M.

131 4140 402 4215 Alfidlodlacuonio.
410 4138 594 4204 defenderunt
605 4158 855 4209 magnaeonsensu,
876 4138 1076 4208 damnatumque
1092 4144 1136 4189 est
1155 4133 1220 4188 Lod.
1243 4163 1282 4176 -
1302 4135 1344 4187 M.
1358 4132 1442 4205 Aufi-

131 4218 195 4281 dio,
219 4215 249 4269 L
269 4219 395 4286 Apronio
420 4217 549 4282 (Aponio
562 4213 675 4287 Lugii),
693 4215 862 4286 defendente
884 4214 928 4267 M.
950 4213 1029 4274 Seio,
1051 4211 1198 4263 damnatus
1211 4207 1347 4281 estLugd.
1363 4209 1441 4263 Man.

132 4320 166 4333 -
183 4291 229 4344 M.
247 4288 379 4357 Aufidio,
398 4289 429 4342 1..
448 4291 566 4357 Aponio.
605 4289 809 4359 Defenderuuut.
837 4291 947 4355 Magno
959 4303 1092 4353 consensu
1101 4285 1249 4337 damnatus
1267 4292 1308 4333 est
1322 4284 1386 4336 Ilot.
1405 4310 1442 4325 -

132 4366 176 4420 M.
198 4362 333 4437 Aufidio,
356 4364 386 4417 L.
413 4366 537 4433 Aponu'o,
558 4381 660 4433 magno
679 4383 813 4417 consensu
831 4357 1041 4416 damnatuus'est
1060 4364 1140 4413 Creu.

206 4446 251 4499 12.
267 4442 425 4510 sententiis]
445 4445 598 4491 sententias
616 4438 699 4512 Lugd.
716 4456 746 4493 ut
763 4439 877 4492 relatum
901 4443 937 4490 slt
956 4435 989 4489 sd
1009 4454 1032 4486 ν.
1054 4432 1160 4486 luabuuit.

204 4512 278 4570 ibid.
302 4514 353 4566 Vt.
365 4521 394 4564 et
405 4513 481 4585 XL]
502 4514 534 4565 lu
549 4516 630 4569 Cren.
651 4532 742 4568 errore
760 4515 955 4588 typographico
974 4510 1072 4581 legitur
1088 4509 1119 4561 V
1118 4508 1140 4560 1.
1153 4515 1181 4558 et
1192 4506 1251 4558 XI..
1271 4506 1342 4574 quod
1361 4523 1443 4559 men·

132 4587 326 4643 demissoriis
359 4592 387 4640 io
415 4589 525 4641 Graevii
552 4589 709 4642 editionem.
748 4590 893 4643 Selinusiae
913 4585 979 4639 illud
996 4584 1106 4655 quidem
1126 4581 1252 4644 sustulit,
1276 4580 1322 4631 sed
1342 4598 1443 4634 nouum

132 4669 287 4729 commisit,
311 4663 433 4716 scribent
451 4663 495 4716 VI
516 4672 545 4714 et
564 4665 638 4716 XLI.
758 4663 946 4735 15.parsCl.]
963 4677 1033 4730 pars
1043 4657 1110 4728 full
1128 4657 1169 4713 Cl.
1186 4656 1251 4709 Ilot.
1268 4653 1350 4708 Creu.

206 4744 252 4801 15.
270 4737 480 4809 ctutunoumn]
500 4738 717 4793 Claudianorum
737 4739 822 4811 lugd.
843 4741 908 4793 Ilot.
927 4737 1003 4791 Men.

609 4852 959 4874 Μ
