3210 5280
157 227 198 290 60
690 219 915 285 nscottttts

157 365 266 441 uilius,
302 364 354 449 qui
377 362 520 426 iudicium
550 381 608 443 per
630 365 798 440 operarum
824 363 918 422 duces
945 362 1144 433 turbaverat;
1179 360 1289 422 deinde
1312 363 1398 441 qutul
1420 382 1461 421 cx

160 461 194 521 S.
219 457 261 523 C.
284 479 365 521 anno
387 479 442 521 cns
446 497 592 520 .....
606 512 609 517 .
617 493 764 517 .....
786 453 1022 534 praesidebant,
1051 463 1082 515 ct
1102 453 1217 515 ituiicin
1240 474 1460 535 nnnprespon·

157 553 256 616 disset
279 591 601 615 ..........
625 558 719 629 atque
740 558 822 607 esset
841 548 1020 621 damnatus,
1043 545 1248 609 recreavisset
1271 588 1457 610 ......

159 688 309 710 .....
333 645 390 707 iam
412 654 540 725 accepta
554 637 685 724 pecunia
701 637 813 700 tollere
828 639 871 701 ait
895 682 904 702 .
930 684 939 703 .
964 683 973 702 .
999 683 1009 703 .
1034 682 1043 704 .
1067 682 1078 702 .
1105 683 1114 702 .
1138 682 1148 702 .
1173 684 1183 704 .
1207 684 1217 702 .
1242 684 1251 703 .
1275 639 1459 705 Cornelium

136 739 228 823 siege
250 736 427 801 maiestatis.
471 738 536 801 Res
557 744 626 797 acta
647 742 695 794 est
720 754 832 819 magna
856 732 1090 815 exspectatione
1111 754 1230 814 paitcos
1256 746 1328 798 ante
1355 756 1403 797 mc
1423 736 1460 818 g⁰

160 873 446 896 .........
470 829 657 903 Cornelius,
682 828 868 907 perterritus
891 826 1017 891 Manilii
1038 826 1142 902 exitu,
1169 870 1178 889 .
1203 869 1213 889 .
1237 869 1247 890 .
1273 869 1282 889 .
1308 871 1317 889 .
1342 871 1351 888 .
1376 870 1386 891 .
1413 870 1422 890 .
1448 871 1458 888 .

157 923 187 987 in
216 922 362 986 iudicium
392 923 549 1000 adhibuit,
588 938 622 989 nt
649 947 689 991 ne
717 921 837 986 clamor
866 923 989 1006 quidem
1022 921 1103 983 ullus
1133 923 1172 982 ab
1203 919 1364 984 advocatis
1393 920 1460 984 eius

159 1017 310 1083 oriretur.

240 1111 399 1176 Dixerunt
418 1110 448 1173 in
471 1131 540 1174 eum
560 1111 665 1176 iniesti
687 1110 867 1177 testimonia
882 1109 1039 1191 principes
1054 1107 1204 1183 civitatis,
1223 1107 1274 1190 qui
1289 1105 1460 1188 plurimum

117 1203 188 1272 toiu
210 1216 318 1268 senatu
344 1213 508 1285 poterant,
543 1205 586 1286 Q.
610 1206 818 1278 Hortensius,
854 1203 896 1284 Q.
928 1203 1077 1279 Catulus,
1112 1203 1153 1281 Q.
1183 1201 1330 1263 Meteilus
1358 1200 1458 1272 Pius,

158 1296 210 1359 Μ.
233 1297 403 1373 Lucullus,
434 1298 498 1360 Μ’.
528 1297 682 1379 Lepidus.
726 1298 883 1362 Dixeruut
911 1308 1010 1357 autem
1040 1297 1121 1358 boc:
1159 1294 1271 1357 vidisse
1300 1314 1353 1365 se,
1387 1316 1459 1355 curn

159 1388 326 1453 Cornelius
354 1390 386 1453 in
414 1390 572 1453 tribunatu
593 1392 733 1455 codicem
755 1411 817 1471 pro
842 1388 969 1453 Rostris
990 1387 1058 1469 ipse
1080 1387 1248 1463 recitaret,
1281 1390 1368 1471 qttod
1388 1398 1460 1450 ante

158 1481 343 1548 Cornelium
374 1503 465 1545 nemo
491 1483 603 1546 iecisse
628 1485 867 1548 existimaretur.
918 1482 1078 1545 Volabant
1106 1480 1222 1555 videri,
1259 1502 1293 1543 se
1321 1479 1460 1543 iudicare

157 1596 224 1638 eam
247 1596 312 1637 rem
331 1596 446 1659 magno
469 1596 567 1657 opere
590 1578 628 1637 ad
648 1577 764 1639 crimen
790 1574 966 1637 imminutae
990 1572 1156 1636 maiestatis
1178 1572 1360 1635 tribuniciae
1383 1594 1460 1654 per·

117 1690 148 1738 15
160 1668 277 1743 tinere,
300 1669 411 1731 etenim
435 1690 536 1751 prope
558 1671 727 1733 tollebatur
748 1669 949 1744 intercessio,
973 1667 999 1729 si
1014 1667 1044 1729 id
1059 1666 1191 1729 tribunis
1212 1667 1460 1748 permitteretur.

159 1763 233 1824 Non
255 1773 382 1844 poterat
401 1783 518 1845 negare
539 1762 571 1824 id
592 1763 708 1826 factum
732 1782 800 1824 esse
821 1762 839 1795 ὓ
859 1762 893 1823 Is
915 1781 954 1824 eo
976 1761 1137 1845 confugit,
1168 1773 1201 1822 ut
1227 1762 1362 1835 diceret,
1393 1781 1459 1824 non

157 1969 278 2022 uersibus
298 1967 393 2021 ditit.''
413 1968 555 2023 MANUT.
582 1968 676 2038 ,Setis
696 1983 823 2041 apparet,
852 1985 913 2020 cnm
933 1983 1004 2019 enno
1025 1983 1087 2020 ante
1106 1970 1204 2019 Cicero
1224 1982 1376 2038 praeturam
1395 1986 1462 2038 ges-

158 2048 224 2097 serit
246 2049 405 2114 praetoria,
435 2061 488 2097 nnn
505 2052 652 2114 praetore,
679 2060 737 2095 esse
756 2042 927 2112 legendum”
957 2041 1081 2096 SlGON.
1118 2041 1199 2096 Cani.
1219 2043 1343 2114 Pigitium
1363 2042 1462 2095 Annei.

160 2119 194 2173 Τ.
215 2119 267 2172 ttt.
288 2138 312 2190 p.
333 2123 399 2179 517.
416 2148 451 2162 -
471 2120 589 2172 Munatii
610 2123 773 2172 sententiam
793 2123 916 2190 seqnitur
933 2117 1097 2189 Madvigius.

231 2190 302 2246 tbtd.
321 2211 382 2245 cum
398 2197 490 2263 prima
505 2196 589 2264 pars]
617 2198 812 2266 cumprimum
831 2197 1007 2265 apparuisset
1025 2191 1162 2263 Sigonius.

251 2331 276 2380 1.
297 2323 340 2375 M.
359 2323 506 2390 Manilius]
527 2322 572 2376 M.
590 2324 718 2376 Manlius
737 2321 803 2376 Lod.
822 2350 856 2365 -
878 2322 908 2376 0.
927 2322 1066 2374 Manilius
1085 2321 1179 2395 Sigon.

178 2418 180 2423 ⁴
233 2396 304 2451 ibid.
322 2397 431 2465 deinde]
463 2414 518 2451 om.
537 2398 570 2450 Τ.
591 2400 693 2470 Popma
713 2399 823 2451 Frisios.

193 2502 198 2513 ·
251 2479 278 2527 2.
296 2490 331 2524 ex
349 2472 377 2523 S.
398 2472 428 2525 0.
448 2491 522 2524 anno
540 2489 596 2526 cos.
615 2471 633 2507 ἥ
647 2473 862 2544 praesidebant}
892 2473 983 2525 Princ.
1005 2470 1063 2524 bid.
1083 2473 1147 2526 ssot.
1168 2471 1246 2524 Man.
1266 2473 1345 2524 Creu.
1365 2502 1402 2515 -
1423 2491 1461 2523 ea

157 2551 186 2603 S.
207 2549 237 2603 C.
257 2564 383 2600 annom
402 2564 457 2599 cos.
474 2547 672 2616 praesidebant
692 2547 798 2605 Betaid.
821 2544 906 2619 bugd.
927 2575 961 2589 -
985 2565 1022 2598 ez
1040 2547 1069 2600 S.
1089 2548 1120 2599 C.
1140 2564 1267 2597 annonae
1285 2552 1369 2598 etiam
1388 2564 1459 2600 coss.

154 2622 351 2695 praesidebant
371 2622 438 2674 Lod.
460 2652 490 2663 -
512 2622 632 2691 ,Malim
654 2628 690 2675 ita
709 2623 799 2694 legere
820 2627 860 2691 [ιιι
881 2636 922 2674 ιιι
942 2624 970 2673 in
991 2621 1056 2675 edit.
1076 2620 1219 2692 Medici.]:
1240 2640 1276 2672 ea
1294 2622 1323 2675 S.
1343 2622 1373 2673 C.
1394 2640 1460 2673 com

156 2701 229 2753 ιιιΙιι
247 2700 358 2748 aerario
374 2696 584 2766 praesidebant,
605 2706 633 2748 et
651 2697 770 2754 irulr'cior
791 2697 842 2750 hoc
861 2700 934 2748 enim
955 2712 1016 2767 post
1037 2701 1120 2749 ctiam
1142 2694 1246 2748 facturn
1270 2711 1311 2748 est
1333 2711 1348 2748 t
1372 2697 1459 2749 Pom·

44 2764 50 2771 ⁸
157 2779 219 2904 prio
238 2771 350 2826 consule
377 2775 405 2825 in
430 2769 533 2825 Iudicio
553 2772 696 2826 Milonis.’'
717 2770 841 2827 SIGON.
860 2801 897 2814 —
916 2790 952 2822 ee
970 2772 1000 2824 S.
1020 2771 1050 2825 0.
1069 2770 1150 2823 ambo
1175 2789 1244 2824 coss.
1260 2770 1460 2843 praesidebant

180 2868 196 2902 ο
218 2864 271 2900 rna.
291 2849 388 2902 Graes.

198 2868 215 2922 P
250 2927 276 2982 5.
296 2919 518 2993 respondisset*
536 2921 630 2991 atque]
663 2919 849 2990 respondisset
873 2930 956 2992 atque
981 2918 1066 2994 (nulla
1092 2923 1190 2974 lacuna
1213 2927 1321 2987 notuta)
1351 2921 1460 2974 Betiti.

220 3036 228 3053 .
271 3002 278 3015 ‘
317 3015 344 3050 n.
368 2996 449 3050 Cen.

158 2997 218 3051 Lod
234 2998 315 3125 liiii.o
323 3016 561 3123 essetrdamnatus
578 3073 775 3137 recreavisset]
796 3086 854 3121 esse
872 3068 1021 3129 damnatus
1037 3075 1221 3122 recreavisset
1234 3068 1339 3123 Berald.
1352 3099 1388 3111 -
1401 3089 1461 3121 esse

158 3149 306 3200 damnatus
324 3154 476 3197 recusasset
496 3144 561 3197 Lod.
582 3163 614 3198 ex
633 3145 741 3198 Iieraid.
761 3149 893 3217 margine.
922 3175 953 3186 -
982 3152 1054 3197 esset
1072 3146 1233 3211 damnatus,
1261 3163 1336 3196 reum
1362 3145 1462 3196 decre-

157 3229 245 3277 visset
263 3224 302 3277 tro
323 3237 375 3274 ms.
645 3256 656 3279 ,

251 3300 277 3354 lt.
297 3240 340 3347 titt
357 3294 374 3326 ⁹
393 3295 565 3364 Cornelium]
596 3295 733 3346 Lacunam
753 3293 929 3366 neglexerunt
950 3292 1055 3348 Brraid.
1079 3293 1141 3348 Lod.
1163 3293 1247 3367 bugd.
1268 3295 1361 3366 Sigon.
1381 3297 1463 3348 Creu.

194 3364 197 3374 '
250 3375 277 3430 5.
297 3371 517 3442 exspectatione]
537 3374 729 3440 expectatione
749 3371 839 3423 Princ.
861 3369 970 3441 ubique.

250 3449 277 3504 6.
293 3462 397 3516 parecos
414 3453 480 3495 ants
499 3462 541 3495 me
559 3445 594 3513 3⁰
620 3443 635 3475 ⁹
655 3443 811 3515 Cornelius]
843 3445 936 3498 Ptine.
954 3462 1112 3508 -paucos
1130 3452 1194 3496 ante
1214 3461 1255 3494 me
1273 3440 1462 3510 ergoissor-

158 3523 246 3575 nelius
265 3518 325 3574 nid.
359 3549 389 3560 -
416 3537 521 3588 paucos
545 3527 611 3570 ante
636 3537 688 3572 ms.
713 3536 783 3587 ergo
807 3519 951 3570 Cornelius
977 3519 1081 3572 Berald.
1108 3518 1174 3573 Lod.
1197 3518 1280 3591 Lngd.
1299 3520 1363 3571 Hot.
1386 3522 1461 3573 Man.

159 3598 240 3650 Cren.
260 3599 399 3648 asteriscis
419 3598 448 3646 in
468 3598 589 3666 margine
618 3598 723 3666 positis.
752 3621 789 3636 -
810 3611 914 3664 paitcos
932 3602 1023 3646 aretem
1048 3611 1118 3662 ergo
1143 3595 1285 3647 Cornelius
1310 3593 1404 3664 Sigon.
1426 3623 1462 3637 -

158 3673 260 3726 Totum
282 3671 353 3722 buno
371 3669 463 3721 locum
481 3674 522 3722 sic
543 3667 628 3722 edidit
649 3672 768 3741 i’opntu:
796 3667 849 3720 Ites
866 3676 932 3720 acta
951 3676 994 3718 est
1012 3687 1116 3738 magna
1135 3674 1340 3735 expectatione.
1382 3667 1462 3737 Ergo

160 3746 303 3801 Cornelius
311 3749 480 3815 perterritus
496 3744 611 3796 Manilii
630 3749 708 3794 exitu
723 3760 829 3815 paitcos
846 3751 913 3793 ante
931 3744 1046 3808 milites,
1066 3751 1096 3796 in
1115 3745 1244 3796 iudicium
1263 3742 1389 3795 adhibuit
1408 3759 1462 3798 cet.

234 3817 305 3879 thid.
326 3820 451 3886 Manilii]
472 3821 564 3872 Ptine.
583 3817 689 3872 Berald.
711 3819 788 3873 Man.
807 3817 968 3869 -Manlii
991 3818 1048 3874 ttd.
1070 3818 1137 3873 Lod.
1159 3821 1244 3892 Lugd.
1265 3820 1327 3872 Ηοι.
1342 3818 1425 3873 Creu.

254 3902 279 3947 t.
301 3899 380 3946 exitu
397 3897 413 3930 *
432 3897 473 3962 in]
495 3894 631 3947 Lacunam
650 3892 825 3966 neglexerunt
847 3892 950 3946 berald.
972 3893 1036 3946 Lod.
1057 3893 1141 3967 Lugd.
1162 3896 1255 3966 Sigon.
1275 3895 1358 3947 Cren.

236 3967 307 4023 ibid.
327 3970 412 4039 adius]
433 3969 527 4040 Sigon.
546 3967 574 4041 (e
593 3974 752 4022 coniectura
772 3964 905 4040 Munatii)
926 3968 1016 4022 Madv.
1037 3971 1164 4020 -illius
1184 3973 1277 4022 ceteri.

235 4054 280 4102 11.
299 4044 343 4097 M.
363 4043 500 4111 bersellus]
535 4046 611 4098 Man.
630 4045 723 4116 Sigon.
749 4071 785 4085 —
805 4043 836 4096 L.
857 4042 983 4094 baccillus
1000 4048 1093 4098 ceteri.
1130 4042 1210 4098 cont.
1230 4059 1290 4116 pag.
1312 4046 1374 4100 10⁷.
1393 4043 1460 4096 Hot.

235 4118 306 4175 ibid.
326 4119 382 4170 Μ’.
401 4118 530 4190 Lepidus]
552 4120 627 4173 Man.
649 4119 742 4190 Signo.
762 4147 799 4160 —
816 4119 862 4172 M.
884 4117 1003 4184 Lepidus
1021 4123 1115 4173 ceteri.

236 4202 280 4254 15.
299 4197 524 4265 existimaretur]
554 4192 614 4249 ald.
633 4209 659 4246 ct
680 4212 752 4264 seqq.
772 4221 809 4235 -
827 4197 1005 4244 estimaretur
1024 4197 1114 4249 Princ.
1140 4198 1336 4246 aestimaretur
1355 4190 1464 4245 Berald.

235 4273 279 4327 111.
299 4272 466 4336 maiestatis]
499 4275 562 4339 „An
579 4267 771 4339 potestatis?”
798 4265 900 4321 Onett..

232 4344 303 4399 tbtd.
322 4343 498 4410 tribuniciae]
530 4345 674 4396 tribunitis
694 4344 769 4396 Prin.

229 4424 275 4477 15.
294 4420 410 4489 etenim]
432 4416 515 4488 bugd.
535 4418 599 4473 Hot.
619 4419 695 4472 Man.
709 4418 790 4472 Creo.
803 4425 879 4468 -et
890 4435 952 4469 curn
964 4419 1007 4471 Pr.
1024 4415 1082 4473 tlt.
1097 4444 1132 4459 -·
1144 4423 1173 4468 et
1187 4415 1261 4485 qtecd
1272 4414 1380 4470 Berald.
1396 4414 1465 4471 Lod.

233 4492 304 4547 tbtd.
323 4498 349 4544 sl
367 4493 398 4544 id
416 4492 534 4545 tribunis
548 4494 773 4566 permitteretur]
792 4510 844 4543 ιιια
863 4493 983 4544 tribunis
997 4497 1209 4564 promitteretur
1224 4492 1318 4547 Princ.

234 4572 277 4627 16.
296 4569 362 4620 Non
377 4575 492 4638 poterat
510 4598 529 4610 -
547 4567 695 4639 confugit]
717 4570 763 4622 Sic
783 4584 879 4621 mance
899 4569 990 4621 Princ.
1009 4567 1115 4622 Berald.
1136 4565 1195 4620 Ald.
1215 4565 1282 4620 Lod.
1303 4594 1337 4608 -
1356 4564 1466 4632 Cicera,

159 4648 223 4712 quia
241 4663 297 4696 non
312 4651 429 4713 poterat
446 4660 567 4710 negare,
587 4642 618 4695 id
633 4640 744 4709 saetttm
759 4659 834 4708 esse,
855 4661 887 4694 eo
905 4640 1037 4713 confregit
1057 4641 1142 4711 [ogd.
1161 4643 1224 4694 Hot.
1248 4641 1323 4698 Man.
1337 4641 1418 4691 Creu.
1433 4666 1466 4681 -

159 4719 301 4773 Ciceronis
322 4735 421 4770 nomen
441 4718 573 4772 excidisse
592 4733 699 4771 certum
718 4734 774 4778 est:
794 4735 847 4788 quo
866 4719 928 4771 loco
948 4717 1134 4791 reponendum
1154 4721 1210 4786 sit,
1230 4730 1320 4791 potest
1334 4712 1464 4771 dubitarit

159 4792 294 4864 Equidem
314 4796 477 4850 inseruerim
496 4807 559 4849 ante
576 4793 731 4850 simillimas
751 4790 928 4871 sinpliciter:
956 4793 987 4847 ls
1003 4813 1045 4848 eo.
1148 4788 1152 4793 ’
