3210 5280
235 193 298 260 trs
566 205 570 214 ’
631 194 835 264 scflonta
849 197 1105 264 'uonlnnsm

232 338 384 401 iudicasse
406 337 580 414 Flaccum,
593 339 719 422 qmndo
739 357 773 402 ee
794 357 858 401 nou
880 337 1040 402 absentem
1060 336 1159 402 lenisse
1179 340 1297 421 probet
1318 342 1358 404 eo
1380 350 1538 423 tempore,

232 431 566 586 ssllffllffillffm
578 430 645 506 sit,
663 429 869 514 sedprodire
889 431 1027 498 noluisse
1050 431 1188 499 letentur
1208 453 1244 497 se
1265 434 1304 498 de
1325 433 1539 500 condentia*

262 724 265 730 ,
308 642 345 720 3.
372 647 480 722 Mitto
506 647 603 747 qnod
631 647 769 742 aliena,
802 649 908 722 mitto
935 648 1032 748 qnod
1058 673 1232 747 possessa
1257 675 1326 748 per
1351 652 1437 724 vim.
1531 726 1533 731 ⁴

209 795 222 842 ς
317 757 628 852 Παρασιώπησις’,,
641 785 707 851 quo
729 785 846 849 genere
869 766 991 850 figurae
1013 765 1203 831 creberrime
1226 766 1342 831 utitur:
1365 778 1397 830 et
1423 767 1544 833 idcirco

233 858 330 922 semel
352 870 446 941 atque
457 857 579 922 iterum
601 860 847 925 demonstratum
863 858 925 927 iarn
938 857 971 923 iu
985 859 1099 924 ceteris
1114 859 1208 924 etiam
1230 880 1285 924 sue
1302 872 1416 945 sponte
1436 863 1542 941 lector

234 954 420 1035 adgnoscet.

307 1072 344 1150 4.
372 1073 592 1175 subsignari
618 1085 707 1174 aput
723 1078 906 1151 aerarium
924 1074 1009 1150 aut³
1036 1085 1124 1174 aput
1140 1101 1332 1152 censorem
1349 1076 1538 1176 possent⁴.

188 1205 189 1209 ’
315 1193 365 1256 De
387 1191 455 1256 iure
476 1192 618 1277 loquitur
639 1192 862 1275 praediorum,
896 1192 929 1256 in
957 1215 1038 1278 quae
1069 1215 1128 1276 per
1151 1193 1211 1258 mm
1233 1206 1266 1258 et
1286 1195 1430 1259 iniuriam
1451 1195 1540 1260 ride·

188 1287 325 1349 ttbatur
345 1285 496 1349 invasisse
517 1285 690 1350 Decianus.
733 1286 869 1351 Praedia
891 1297 1013 1363 autem,
1043 1307 1123 1372 qarae
1142 1285 1211 1350 inre
1232 1287 1377 1372 legitimo
1398 1311 1461 1354 uon
1482 1292 1538 1353 ha·

231 1380 362 1454 bentur,
386 1401 488 1464 neque
510 1389 585 1462 aput
608 1378 764 1443 aerarium
789 1379 967 1465 subsignari
988 1402 1090 1464 neque
1111 1393 1188 1462 aput
1210 1402 1372 1445 censorem
1392 1395 1537 1464 possiunt.

229 1471 287 1553 [P.
304 1472 394 1554 261]
409 1473 452 1535 Et
472 1472 674 1556 sarmiguandi
687 1473 782 1554 thaso
795 1471 919 1535 solebat
937 1474 1028 1536 eese⁵
1050 1492 1161 1550 causa,
1181 1485 1220 1536 ut
1233 1484 1287 1536 ant
1302 1473 1355 1558 qni
1371 1474 1537 1559 vectigalia

229 1563 416 1648 redimeret,
434 1574 487 1627 aut
501 1563 556 1648 qni
570 1585 631 1647 pro
646 1564 787 1648 mancipe
800 1563 999 1647 vectigalium
1013 1567 1104 1629 fidem
1119 1586 1205 1629 suam
1219 1564 1448 1649 interponeret,
1463 1567 1539 1632 loco

228 1655 371 1740 pigneris
392 1657 468 1738 (sic)
489 1659 616 1739 praedia
639 1680 695 1722 sna
721 1658 768 1722 rei
795 1680 830 1742 p.
853 1658 1055 1745 obligarent,
1090 1661 1197 1745 quoad
1222 1680 1345 1725 omnem
1371 1661 1536 1742 pecuniam

187 1750 445 1832 etrcdenrptoree
469 1750 669 1837 vectigalium
691 1762 907 1834 repensarent.

304 1872 485 1948 XXXIII.
514 1867 549 1949 1.
591 1875 639 1949 Ut
664 1877 817 1951 duceret
841 1872 1053 1950 iudicium⁶.

225 2016 229 2023 ·
314 1991 360 2056 Ut
380 1992 584 2074 protraheret
604 2013 717 2057 causae
738 1992 965 2079 cognitionem.

225 2106 229 2115 ’
304 2110 341 2190 2.
370 2110 539 2190 invidisti
563 2109 711 2218 ingenio
729 2112 997 2217 subscriptoris
1015 2119 1088 2214 tui,
1115 2118 1213 2217 qnod
1230 2120 1389 2193 ornabat
1404 2093 1533 2223 facile⁷

228 2226 373 2323 locum,
399 2254 507 2327 quem
532 2228 772 2329 prenderat⁸.

183 2367 216 2414 to
311 2344 373 2393 -⁹
395 2343 512 2409 Cicero
535 2345 626 2424 dicit,
648 2345 871 2412 infantissimus
893 2356 1038 2411 oratores
1059 2356 1092 2409 et
1116 2346 1198 2410 nulla
1223 2346 1420 2431 eloquentiae
1436 2354 1533 2429 'prae-

223 2435 311 2500 ditos
332 2437 482 2523 dignitate
505 2441 615 2504 voleus
633 2439 835 2524 'significare3
858 2450 939 2524 quos
954 2439 1155 2521 nec'pecunia
1171 2452 1342 2523 corruptos
1365 2444 1405 2504 ab'
1428 2441 1534 2526 aliquo

231 2529 387 2611 suspicari
407 2534 570 2620 qrrhqnam
593 2536 721 2612 debeat,
748 2554 883 2618 quorum
897 2533 1058 2619 ingenium
1073 2531 1190 2616 despici
1205 2531 1304 2618 magis
1318 2553 1410 2618 quam
1431 2527 1533 2598 timeri

232 2636 410 2706 oporteret.

301 2743 337 2824 3.
364 2731 412 2824 El
438 2775 518 2824 eum
544 2762 584 2825 tu
611 2775 761 2825 accusas
789 2753 990 2849 avaritiae,
1028 2776 1134 2850 quem
1160 2747 1293 2825 dicis¹⁰
1320 2754 1529 2827 sestertium

178 2885 213 2935 rs
225 2863 366 2935 viciens
391 2864 553 2937 voluisse
579 2858 811 2962 prodere¹¹i

309 2979 390 3044 Cum
414 2981 567 3045 stomachi
589 2980 757 3063 asperitate
779 2981 933 3064 proscidit
954 2981 1117 3056 Laelium,
1148 2980 1202 3066 qui
1231 2992 1293 3041 tarn
1322 2979 1436 3043 nullius
1463 2980 1529 3045 elo-

223 3073 367 3158 quentiae
386 3072 447 3150 sit,
472 3086 505 3138 ut
520 3075 652 3138 Flaccus
668 3076 771 3137 eam¹²
793 3073 956 3157 pecrruiam
970 3073 1069 3136 snserit
1083 3075 1281 3160 perditurus,
1304 3093 1344 3137 eo
1367 3086 1525 3154 parcente,

222 3167 277 3251 qui
298 3179 360 3229 tam
382 3168 467 3231 inani
497 3179 578 3232 esset
602 3165 748 3253 iugenio,
782 3179 818 3230 ut
845 3167 903 3230 etsi
937 3166 1070 3230 manime
1098 3179 1247 3262 cuperet,
1282 3177 1386 3228 tamen
1414 3187 1528 3231 nocere

223 3281 285 3324 non
309 3272 429 3342 posset.

178 3405 211 3457 a
295 3378 558 3465 xxx1nr,1.
597 3385 697 3461 niun
729 3394 854 3484 potest
879 3383 924 3457 ae
951 3345 1064 3457 rutena
1089 3329 1272 3483 regumn,
1308 3374 1421 3457 aare
1455 3409 1525 3457 om-

219 3497 319 3568 nium
347 3506 507 3570 tutorum
534 3500 753 3571 anctoritate
779 3496 950 3568 deminui.
1001 3547 1003 3551 ν

175 3696 177 3702 y
304 3643 346 3656 -
370 3615 443 3660 -¹⁴
464 3613 663 3697 Negotialern
686 3612 948 3698 quaestiunculam
970 3608 1063 3685 lacit,
1101 3623 1300 3694 proponente
1321 3612 1522 3686 adversario,

221 3706 276 3789 [P.
300 3706 390 3786 tos]
430 3704 599 3770 inciviliter
622 3707 742 3791 egislse
771 3707 938 3781 Flaccum,
969 3708 1055 3789 qarod
1084 3706 1168 3767 bona
1196 3704 1355 3767 cniusdam
1377 3706 1524 3769 Valeriae

219 3801 419 3882 possederit,
443 3821 522 3883 quiae
545 3801 692 3865 Androni
715 3800 867 3863 Sestnllio
876 3800 902 3839 ¹⁶
925 3798 1038 3863 marito
1060 3796 1165 3861 sucin
1182 3799 1521 3863 manumconveuerat.

177 3893 294 3961 talloc
322 3904 422 3957 autem
452 3892 527 3955 iuris
557 3894 804 3968 observabatur,
839 3903 873 3954 ut
895 3891 968 3955 loco
991 3891 1122 3955 tiliarum
1145 3893 1353 3967 haberentur,
1384 3912 1465 3976 qrrae
1492 3892 1523 3953 in

219 4006 341 4047 uranum
366 3985 441 4048 viris
463 3985 696 4049 convenissent.
741 3986 863 4048 Verum
884 3984 944 4046 latit
964 3987 1042 4047 baec
1056 3983 1184 4048 Valeria
1205 3987 1243 4047 de
1258 3983 1379 4047 libertis
1394 3984 1521 4056 Flacci3

219 4097 257 4140 ac
283 4089 456 4178 propterea
483 4079 675 4163 inlegitima
702 4079 801 4142 tutela
830 4077 918 4161 quasi
947 4088 1023 4159 aput
1044 4088 1211 4159 patronum
1239 4077 1433 4151 habebatur;
1469 4098 1524 4139 nec

285 4220 310 4265 t.
330 4203 389 4265 (lot.
418 4218 463 4265 aad
488 4219 520 4266 de
547 4220 709 4265 conscientie.
746 4219 838 4263 hlaine:
858 4241 890 4253 -·
900 4213 1033 4275 fetentur,
1053 4216 1214 4261 conscientie.
1262 4213 1286 4259 2.
1312 4215 1363 4259 lloc
1384 4215 1523 4260 vocabalum

353 4293 463 4346 suppleo.
513 4285 537 4333 ³.
555 4288 605 4334 Aut
627 4290 695 4334 deest
717 4288 741 4333 in
770 4288 830 4332 Μ.
868 4285 892 4331 l.
912 4286 972 4334 Edd.
989 4287 1097 4343 perstat.
1135 4285 1159 4330 5.
1178 4282 1242 4329 Esse
1262 4290 1285 4329 et
1302 4285 1522 4329 deinderetahsunt

352 4374 367 4402 a
384 4360 438 4407 cod.
475 4355 499 4403 6.
519 4357 579 4404 Cod.
599 4357 718 4402 iudicum.
756 4353 779 4406 l.
798 4357 860 4401 Mete
879 4356 1007 4400 Lambinus
1030 4354 1149 4400 scribebat
1163 4350 1268 4416 sue-ete,
1295 4358 1379 4397 coetu
1406 4357 1521 4413 vulgatam

354 4429 479 4472 lectionem
483 4424 580 4487 facile,
600 4442 670 4486 quern
683 4441 743 4472 nnnc
757 4427 813 4471 Vnt.
824 4427 898 4470 codex
911 4423 1042 4470 confirmet.
1079 4421 1104 4467 8.
1123 4424 1157 4467 lte
1170 4425 1240 4478 cod,
1261 4436 1320 4479 qnae
1334 4425 1430 4481 entique
1442 4426 1521 4467 ortho-

354 4499 452 4556 graphia
469 4501 514 4541 est.
552 4496 576 4543 9.
596 4499 703 4552 Spatium
725 4495 834 4541 vocabuli
861 4496 939 4539 unias.
977 4491 1017 4538 1⁰.
1044 4492 1104 4544 Cod,
1124 4493 1220 4538 diesne.
1258 4491 1298 4536 ll.
1324 4492 1384 4537 ΕΜ.
1407 4494 1521 4549 perdere.

356 4564 395 4611 12.
420 4567 479 4612 Ccd.
503 4579 567 4610 euru.
606 4564 647 4612 13.
671 4566 732 4612 Edi.
757 4565 821 4610 eine.
860 4561 900 4610 ll.
928 4565 1034 4620 Spatium
1052 4563 1162 4607 versiculi
1184 4564 1252 4606 anias
1273 4562 1318 4607 Gr.
1340 4575 1394 4606 cens
1416 4564 1520 4606 dimidie.

354 4633 395 4680 15.
413 4635 474 4680 Ede.
494 4634 610 4681 Sextilio.

287 4727 332 4784 δᾶ
353 4726 422 4796 Lege
441 4725 501 4779 cett
521 4725 709 4780 iurisconsulti
731 4724 917 4799 supplementa
936 4722 989 4801 liuh:
1006 4724 1059 4777 ΙΙΙ.
1079 4733 1126 4795 1.,
