3210 5280
343 703 804 872 SCHOLlASTA
849 703 1377 812 GRONOVIANUS
1490 738 1493 744 ·

773 935 946 994 ALTER

253 1073 1470 1232 Anucssoussrnluss

837 1298 950 1364 ru,

644 1447 686 1522 C.
743 1448 1073 1525 VERREM

696 1630 809 1690 curn.
831 1631 883 1690 vt.
905 1643 935 1689 u
953 1630 1022 1689 vu.

760 1822 982 1837 ψ

287 1987 371 2071 Cap.
394 1988 459 2053 VI.
491 1989 543 2053 16.
576 1989 675 2027 Μ*
695 1978 807 2076 postca
828 1988 903 2053 dicit
929 1986 1129 2051 sortitionem
1154 1987 1287 2063 factam
1319 1986 1394 2073 qrria
1420 1987 1525 2071 primo

201 2078 386 2144 reiiciuntur
408 2082 545 2160 iudices,
570 2085 617 2148 sic
642 2088 838 2161 sortiuntur;
871 2094 1072 2148 accusatores
1095 2093 1168 2146 ante
1192 2083 1386 2160 sortiuntur,
1420 2083 1526 2146 etsie

201 2175 374 2258 eliguntur.
641 2243 645 2254 Ι

159 2273 191 2323 ¹⁰
285 2271 386 2351 Spem
404 2270 528 2353 populi
549 2271 698 2335 Romani
704 2268 867 2363 fortuna
886 2267 1125 2360 perfregerat]
1148 2270 1186 2333 In
1202 2282 1320 2333 sortem
1336 2270 1522 2347 mittebant,

200 2361 255 2444 qui
276 2363 496 2443 praesentibus
511 2364 665 2427 iudicibus
688 2376 884 2429 accusarent.
929 2365 1060 2428 Curtius
1084 2361 1224 2437 exierat,
1250 2363 1369 2426 anticius
1393 2365 1523 2428 Verris.

202 2454 321 2520 Cicero
338 2457 424 2518 illum
448 2459 486 2519 de
507 2469 596 2521 sorte
610 2458 752 2536 reiecit,
776 2459 829 2524 vel
852 2457 924 2542 qnia
947 2458 999 2520 illa
1018 2456 1145 2525 ‹iectuia
1169 2457 1307 2534 exierat,
1332 2457 1363 2520 in
1380 2479 1444 2543 qua
1459 2459 1522 2522 non

129 2630 130 2637 ἵ
202 2559 291 2610 crant
314 2549 459 2628 corrupti
481 2550 539 2611 nisi
561 2551 666 2632 panici.

285 2644 370 2705 Mea
392 2641 586 2726 diligentia]
617 2645 700 2723 Quia
723 2645 822 2708 malos
843 2645 1004 2707 tenebant.

160 2752 192 2802 ts
286 2736 512 2817 Renuntiata]
544 2738 722 2818 Repudiata
745 2739 795 2802 rel
818 2751 944 2822 negata.

286 2829 489 2909 Conductio]
520 2831 724 2913 Redemptio.

289 2923 340 2982 ll.
364 2921 485 2984 Libelli
505 2923 682 2986 nominum
704 2925 909 3006 nestrorum]
940 2923 1077 2988 Nomina
1093 2923 1231 2989 iudicum
1253 2926 1283 2993 in
1304 2924 1379 2992 albo
1395 2936 1523 3013 publice

201 3013 442 3091 scribebantur,
480 3014 592 3099 quiin
625 3038 664 3079 co
690 3032 794 3082 csscnt
818 3019 934 3082 iudicio
959 3019 1056 3082 surturi
1090 3020 1222 3085 ituliccs.
1266 3027 1319 3088 Ex
1354 3048 1394 3089 eo
1425 3031 1515 3106 albo,

203 3107 318 3192 quibus
341 3120 408 3169 erat
433 3130 528 3172 curae
550 3112 588 3172 de
609 3110 792 3196 integritate
816 3111 942 3188 iudicii,
961 3113 1086 3175 nomina
1114 3116 1368 3182 transcribebant
1392 3137 1422 3186 et
1439 3128 1522 3205 apud

160 3219 237 3270 sose
260 3203 427 3278 tenebant,
452 3211 487 3264 nt
511 3216 643 3284 possent
666 3226 779 3280 nosse,
811 3204 865 3288 qtri
890 3208 1014 3288 dequo
1041 3207 1172 3288 negotio
1203 3209 1390 3277 iudicarent.
1436 3218 1523 3281 Dicit

202 3293 308 3377 itaque
332 3295 423 3357 husius
450 3295 574 3360 consilii
592 3297 728 3391 indicunt
752 3297 878 3362 norisius
906 3297 936 3360 in
967 3298 1106 3361 omniurn
1130 3300 1271 3365 manibus
1293 3318 1418 3372 retenta
1441 3314 1521 3376 bene

202 3387 373 3452 scientibus
400 3391 594 3472 adprobata,
619 3413 658 3453 ne
680 3391 804 3474 possint
828 3392 929 3474 aliqua
952 3390 1074 3453 ratione
1097 3395 1222 3456 inuitari.

231 3501 234 3506 ·
286 3485 414 3548 Nullus
435 3487 549 3561 color,
583 3489 697 3549 arillae
725 3483 858 3566 soraee]
897 3482 1048 3566 Figuram
1079 3487 1154 3548 fecit
1184 3487 1214 3551 in
1244 3490 1453 3561 Hortensium
1483 3504 1520 3566 de

201 3575 361 3640 Varronis
370 3576 498 3654 iudicio,
512 3579 695 3643 consobrini
703 3578 781 3653 ciris,
793 3581 879 3662 quod
892 3578 1102 3642 discoloribus
1111 3581 1192 3643 ceris
1204 3582 1349 3648 iudiciuin
1358 3597 1519 3676 corrupit.

159 3688 191 3738 25
286 3672 436 3753 Repente
456 3694 503 3733 ex
523 3672 645 3752 alacri]
680 3674 807 3756 Alacer
828 3683 892 3734 tatu
914 3671 1008 3734 fortis
1031 3695 1122 3753 quant
1145 3675 1261 3752 volox,
1288 3690 1321 3741 ut
1344 3683 1418 3749 ille:

412 3787 516 3850 equos
537 3768 671 3829 alacres
683 3766 806 3855 'media
826 3768 916 3830 inter
933 3765 1069 3849 proelia
1091 3769 1244 3831 Tarans.

197 3881 205 3891 ·
286 3861 373 3924 Ecce
401 3860 531 3940 arctam]
566 3861 649 3923 Post
686 3859 892 3923 reiectionem
930 3858 1068 3921 iudicum
1110 3873 1141 3921 et
1171 3864 1334 3928 consulum
1370 3869 1519 3948 consitis,

146 3946 149 3956 ’
201 3954 328 4036 quando
358 3960 503 4015 consules
535 3954 785 4042 declarabantur.
831 3953 875 4016 Et
907 3954 987 4015 bene
1009 3955 1264 4036 consularibus,
1300 3959 1372 4043 quia
1395 3977 1522 4029 suntet

201 4045 362 4128 praetoria
386 4048 522 4109 cornutis.
812 4126 814 4131 .

159 4155 191 4207 tt
289 4143 416 4205 Vetera
433 4141 594 4221 'consiliaJ
629 4137 871 4222 corruptionis.

274 4339 300 4392 7.
321 4333 437 4402 „Muta
457 4331 664 4394 desiderantum
697 4336 943 4387 videntur‘sntern
970 4333 1004 4386 ad
1024 4335 1092 4388 hacc
1112 4334 1193 4389 recha
1213 4340 1317 4393 indices
1337 4349 1439 4398 reiecti
1457 4358 1523 4402 sune

200 4410 368 4484 pcrtinerc.''
401 4413 507 4463 Gsssv.
570 4406 641 4464 lbid.
657 4412 762 4478 prs'mo]
792 4411 827 4465 G.
857 4409 907 4463 Gr.
936 4439 966 4450 -
991 4415 1073 4478 prius
1102 4412 1166 4466 sch.
1207 4421 1236 4474 8.
1261 4417 1291 4471 F.
1320 4427 1349 4470 et
1377 4427 1431 4474 sic.
1469 4426 1521 4479 01.

201 4495 247 4543 10·
267 4490 312 4540 sn
335 4486 384 4539 Gr.
405 4486 471 4539 Scb.
494 4515 524 4526 -
546 4485 627 4554 Spem
643 4502 703 4552 prs.
724 4485 760 4539 G.
810 4491 854 4545 18·
871 4509 907 4526 -
925 4487 1137 4556 srsstlnslnntur
1158 4489 1223 4542 Sch.
1272 4499 1315 4548 2η.
1336 4500 1384 4564 qut
1403 4496 1437 4547 de
1456 4501 1520 4568 qno]

201 4560 249 4613 Sic
269 4565 367 4630 scrtpst
389 4559 421 4612 de
442 4561 464 4616 l.
484 4561 513 4613 1³.
533 4562 667 4616 Gronortl
688 4563 763 4614 conl.
788 4588 827 4604 ·-
851 4558 918 4630 arsid
934 4579 968 4613 ns
987 4579 1040 4631 qno
1061 4563 1097 4616 G.
1124 4591 1162 4606 -
1190 4565 1257 4638 qnid
1273 4586 1361 4640 aequo
1380 4572 1432 4627 Gr,
1454 4574 1520 4629 εει),

200 4637 406 4693 26.1·'orcssse:
438 4644 488 4687 ut:
507 4637 582 4691 'salis
602 4652 686 4708 equos
707 4651 761 4688 cet.
780 4639 847 4690 Aen.
868 4639 917 4702 12,
938 4639 1003 4698 357.
1035 4636 1089 4693 Οι.
