3210 5280
244 209 308 276 890
575 209 873 279 SCHOLIASTA
896 212 1237 279 GRONOVIANUS

327 352 404 416 Hoc
426 362 547 435 erepto
565 352 758 436 praesidio]
788 355 819 419 Α
844 375 909 431 me,
934 352 1007 436 quia
1031 355 1130 418 malos
1157 353 1268 418 reieci.

330 443 412 526 Cap.
437 447 501 509 IV.
526 450 642 510 Tanta
651 446 833 540 facultas]
855 452 1012 514 Facultas
1034 451 1074 512 ad
1089 449 1300 524 celeritatem,
1324 449 1427 533 copia
1442 452 1482 513 ad
1496 450 1565 514 lon·

240 538 415 624 -gitudinem
438 541 604 605 orationis.

333 638 384 695 11.
409 634 515 698 Cuius
537 648 575 698 ut
596 637 846 702 adolescentiae
868 637 931 719 m.]
963 631 1171 728 Καταὸρομὴ
1194 636 1438 703 violentissima.

218 743 246 812 a,
327 729 550 792 Praeteream
571 733 620 815 9.]
644 731 816 796 Carbonis.

327 822 477 886 Pecunia
489 825 627 905 publiea
637 826 818 907 nudatum]
841 828 923 890 Nam
935 825 1074 908 spoliato
1087 824 1212 890 aerario
1221 825 1367 910 confugit
1379 826 1421 887 ad
1433 826 1563 889 Sullam.

244 914 307 994 Qui
332 915 522 997 spoliatur,
547 922 759 1004 qttodcunque
782 921 895 993 habet,
919 920 974 1004 qui
1000 921 1169 997 nudatur,
1194 919 1279 983 nihil·
1293 922 1423 986 retinet.

325 1009 492 1072 Relictam
511 1012 740 1092 prouinciam]
771 1011 920 1075 Galliam.

325 1106 438 1166 Sortts
461 1106 758 1187 necessitudinem]
782 1105 863 1184 Quia
888 1106 945 1168 filii
965 1106 1038 1170 loco
1062 1127 1131 1170 esse
1154 1108 1419 1192 debet·quaes·tor
1440 1107 1562 1173 consuli

198 1208 231 1258 tt
242 1197 296 1260 vel
317 1195 473 1278 praetori.
517 1197 602 1260 Vide
626 1195 761 1279 αὔξησιν
783 1221 841 1278 per
864 1197 980 1262 omnia.

326 1291 433 1355 Cuius
454 1292 583 1373 legatio
603 1290 845 1382 exitiumsuit
862 1293 982 1374 Asiae]
1004 1293 1087 1356 Post
1107 1305 1308 1378 quaesturam
1331 1292 1473 1378 legati03
1497 1298 1563 1358 Do·

240 1383 376 1447 labellae
398 1384 479 1447 enim
503 1384 562 1447 iuit
585 1386 729 1470 legatus,
754 1385 957 1466 imperatoris
980 1384 1124 1450 Ciliciae.

325 1482 367 1544 ln
378 1478 567 1561 prouinciis
583 1482 710 1543 multos
725 1480 862 1561 domus]
886 1481 972 1560 Quas
987 1481 1178 1564 transeundo
1194 1481 1232 1541 ad
1247 1477 1393 1544 Ciliciam
1411 1478 1561 1552 vesuvio

242 1566 377 1651 αὔξησις
405 1592 423 1634 a
450 1570 584 1652 privatis
614 1574 655 1635 ad
681 1593 786 1636 sacra.
836 1575 861 1649 †
889 1575 1049 1638 VITAM
1076 1595 1138 1657 pro
1166 1573 1282 1650 vitam,
1318 1586 1391 1636 ante
1425 1574 1562 1637 bonores

199 1661 476 1746 ttadipiscendos.

325 1762 420 1822 Fano
443 1757 662 1840 depeculatus
683 1758 748 1838 est]
772 1755 871 1840 Signa
893 1758 974 1822 enim
1001 1762 1040 1825 dc
1065 1758 1193 1842 templis
1216 1758 1358 1821 abstulit.

327 1854 435 1916 Suum
456 1855 567 1915 scelus
588 1852 676 1916 illud
692 1849 895 1936 pristinum]
933 1855 1008 1918 Non
1034 1853 1107 1940 quia
1136 1865 1167 1915 et
1193 1853 1257 1916 Gn.
1281 1850 1486 1916 Dolabellam
1511 1852 1561 1912 de·

242 1944 360 2020 seruit,
394 1944 485 2007 sicuti
509 1943 711 2027 Carbonem,
746 1953 802 2013 scd
830 1949 905 2031 quia
930 1959 962 2010 et
988 1949 1072 2012 hunc
1098 1944 1207 2021 laesit,
1240 1956 1353 2009 contra
1379 1965 1452 2007 eum
1478 1942 1562 2007 testi·

242 2037 380 2102 naoninm
408 2037 556 2103 dicendo.
990 2052 1005 2066 '·

199 2148 232 2198 tt
325 2133 396 2196 Pro
418 2143 600 2216 quaestore
616 2131 772 2219 ficisset]
805 2135 887 2200 Nam
918 2132 1106 2209 Dolabella,
1141 2143 1270 2195 mortua
1302 2140 1478 2215 quaestore
1507 2148 1561 2192 sno

242 2225 421 2296 Malleolo,
452 2225 528 2287 lecit
551 2229 690 2291 Verrem
716 2229 808 2292 etiam
831 2230 932 2292 vicem
956 2225 1135 2312 quaestoris
1159 2246 1267 2309 agere.
1499 2299 1501 2302 y

326 2322 409 2383 Non
434 2321 545 2381 solum
570 2319 737 2398 deseruit,
761 2322 823 2384 sel
846 2323 949 2385 etiam
977 2319 1203 2404 oppugnavit]
1227 2319 1367 2380 Scattrns
1398 2327 1561 2381 accusator

241 2412 431 2478 Dolabellae
453 2412 555 2474 onmia
573 2426 703 2492 peecata
726 2415 861 2489 Verris,
886 2435 1091 2499 quaeeunque
1107 2411 1307 2476 commiserat
1329 2411 1362 2473 in
1384 2410 1559 2494 legatione,

152 2564 156 2570 .
242 2518 354 2570 coacta
382 2503 414 2569 in
453 2527 546 2568 unum
571 2505 712 2569 libellum
741 2508 803 2590 ipsi
837 2508 954 2573 obtulit
987 2507 1104 2583 Verri,
1140 2506 1268 2568 dicens:
1306 2505 1430 2584 „Quod
1463 2505 1489 2566 si
1520 2503 1561 2564 ris

200 2598 292 2664 athis
314 2609 362 2663 tot
384 2598 566 2661 criminibus
589 2599 736 2678 libcrari,
768 2603 924 2667 confitere
947 2599 1020 2663 mihi
1046 2599 1149 2664 omnia
1175 2599 1316 2662 iateioora
1339 2595 1562 2661 Dolabellae.”

243 2693 318 2756 Huc
344 2694 467 2755 Verres
493 2693 682 2756 conscicntia
707 2694 886 2758 stimulatus
912 2693 1015 2759 otrtuia
1042 2693 1173 2759 cobsilia
1194 2691 1384 2757 Dolabellae
1416 2689 1563 2774 patefecit

244 2796 276 2848 et
298 2784 430 2861 delicta,
454 2797 485 2848 et
510 2786 722 2850 testimonium
746 2788 837 2850 etiam
860 2789 891 2850 iu
915 2809 985 2850 eum
1009 2791 1114 2851 dicere
1137 2798 1184 2849 est
1207 2805 1313 2863 ausus.
1411 2814 1418 2825 ·

328 2879 396 2944 Sed
419 2879 524 2943 etiam
548 2880 761 2962 oppugnauit
782 2903 823 2942 ac
841 2881 1012 2964 prodidit]
1036 2883 1080 2946 Ut
1105 2878 1336 2944 similitudinem
1367 2875 1562 2942 Carboniani

244 2970 383 3034 criminis
403 2972 542 3049 iaceret,
568 2975 753 3055 metaphora
781 2995 854 3037 usus
880 2987 928 3037 est
948 2975 1076 3058 proelii.
1129 2971 1360 3036 Testimonium
1384 2972 1467 3035 enim
1490 2969 1563 3032 dixit

202 3085 275 3136 torn
297 3087 412 3147 ipsum.
1246 3112 1250 3120 .

330 3159 382 3220 tt.
418 3157 570 3238 (Aedium
607 3158 780 3240 sacrarum]
818 3158 1005 3246 Significat
1040 3160 1216 3242 templum)
1249 3155 1398 3222 Castoris
1432 3167 1563 3241 propter

243 3261 447 3315 sartatecta.

327 3347 370 3411 In
391 3345 467 3408 iure
488 3346 646 3428 dicendo]
677 3346 716 3409 ld
738 3356 802 3421 est,
833 3345 1013 3408 iudicando.

329 3442 460 3505 Contra
479 3440 632 3504 omnium
657 3440 816 3504 instituta
836 3437 1001 3516 addictio]
1040 3436 1192 3501 Addietio
1224 3435 1379 3499 interdum
1413 3447 1521 3517 potest
1546 3455 1560 3496 e

203 3533 314 3604 ttiure
336 3535 423 3609 fieri3
453 3536 606 3618 ideoque,
629 3547 662 3596 nt
684 3534 880 3617 iniquitatem
906 3535 1111 3609 ostenderet,
1142 3529 1260 3594 addidit
1282 3541 1314 3592 et
1344 3528 1559 3593 condonatio.

245 3624 482 3718 Προςκύρωσις
504 3641 551 3691 est
572 3628 738 3691 addictitt.

320 3857 346 3906 ι.
365 3852 411 3918 qui
430 3846 494 3899 sth.
533 3850 560 3904 5.
580 3843 654 3913 Quid
675 3848 727 3898 itta
741 3843 794 3901 obt
808 3843 922 3898 volanti
942 3843 1113 3917 ignominiae
1126 3842 1219 3901 Verria
1232 3855 1327 3906 erant,
1348 3859 1406 3911 non
1422 3841 1559 3894 Carbonia.

246 3923 439 3977 commodiore
460 3938 524 3974 sane
539 3920 600 3974 loco
614 3935 675 3992 poet
689 3937 746 3991 seq.
759 3935 818 3974 not.
831 3918 1021 3972 exhiberetur.
1040 3918 1217 3984 Exercitum]
1239 3915 1382 3970 Carbonis.
1406 3947 1438 3959 -
1461 3919 1519 3972 use
1535 3929 1559 3967 et

134 3984 137 4002 ¹
245 3997 280 4050 ab
308 4001 399 4071 glossa
429 3998 553 4050 Galliam
584 3994 691 4048 suaderi
719 4012 746 4050 et
771 3999 853 4048 unice
880 3995 945 4047 buic
976 3993 1165 4066 depravationi
1190 3993 1295 4045 mederi
1324 4008 1406 4065 potae
1434 4007 1559 4065 putarem.

245 4075 357 4129 Gtatr.
394 4075 422 4131 6.
443 4075 532 4126 Verba
551 4072 628 4125 Nam
641 4101 657 4114 -
670 4101 688 4113 -
702 4070 809 4124 Sullam
830 4067 1035 4144 transponenda
1055 4066 1182 4121 ridentur
1194 4083 1264 4194 Xon
1284 4085 1308 4121 ι.
1329 4067 1465 4121 Galliam.
1485 4070 1559 4122 Βιιτ.

246 4154 272 4208 7.
306 4148 465 4219 Legendom
500 4165 555 4199 non
587 4149 694 4197 amittit
724 4144 900 4216 quodcunque
930 4143 1030 4207 leniet,
1062 4143 1105 4196 rel
1137 4143 1192 4195 altu
1243 4144 1391 4196 eiusmodi.
1432 4141 1558 4195 seneen.

246 4225 306 4278 lioe
325 4241 434 4294 quoque
461 4242 493 4277 ex
519 4226 621 4289 seriore
647 4220 812 4274 Latinitate:
845 4219 971 4290 „aliquid
998 4220 1096 4272 saltem
1119 4217 1229 4271 nabet.”
1258 4216 1311 4270 On.
1351 4223 1396 4275 aa.
1425 4218 1520 4286 ,Foro
1543 4233 1558 4266 e

241 4295 407 4372 profantt.¹'
428 4301 561 4352 Scuuara.
600 4294 673 4352 thid.
701 4295 748 4348 Sic
768 4299 890 4349 Gronov.
920 4325 956 4337 -
985 4294 1113 4349 VNAM
1126 4299 1271 4363 provitam
1291 4294 1391 4347 Graev.
1418 4322 1456 4335 -
1484 4306 1558 4342 mant

240 4381 386 4446 protritum
408 4372 471 4425 Scb.
498 4403 534 4414 -
560 4374 632 4426 tort.
649 4377 813 4441 priuatam,
839 4368 872 4422 ad
893 4367 961 4422 illud
981 4370 1040 4424 Cic.
1062 4367 1225 4442 praecedens
1246 4373 1331 4418 istius
1349 4373 1450 4421 vitam.
1472 4366 1554 4421 Gann.

244 4451 287 4507 26.
310 4449 383 4501 Hanc
402 4446 434 4500 de
454 4447 566 4503 Graevii
586 4451 660 4501 coni.
681 4446 745 4501 seb.
784 4449 829 4503 50.
850 4444 951 4498 Melius
972 4447 1067 4497 Garat.
1088 4443 1224 4516 supplevit
1238 4450 1267 4494 iu
1281 4458 1363 4514 quam
1380 4444 1444 4498 Sch.
1457 4451 1556 4495 eontra

244 4524 317 4594 Seqq
340 4521 403 4578 aed.
422 4541 495 4576 saer.
515 4527 590 4590 sign.
609 4521 745 4594 supplerit
766 4520 847 4584 stt„
868 4518 991 4575 indicato
1010 4518 1121 4573 deiectu
1139 4524 1194 4572 iam
1209 4535 1223 4569 a
1239 4518 1399 4578 Gronorio;
1419 4519 1556 4586 temptant,

244 4599 317 4671 qnod
337 4599 414 4655 abeat
434 4615 448 4651 a
469 4599 521 4665 G.,
555 4596 709 4652 babetGr.
749 4600 795 4658 34.
815 4594 856 4647 De
876 4595 988 4652 Graevii
1009 4600 1147 4649 sententia
1175 4595 1240 4648 Sela.
1260 4592 1361 4649 delevit
1380 4612 1405 4648 e.
1453 4593 1556 4652 &isit

244 4671 353 4747 tertpai.
381 4705 415 4718 -
447 4690 661 4750 προσκυρωιειι
684 4679 729 4723 est
753 4668 878 4723 addictio
906 4670 995 4726 Gran.
1024 4700 1061 4714 -
1088 4689 1254 4749 προσκυρω
1279 4686 1330 4723 eeu
1354 4677 1398 4724 ett
1417 4686 1445 4726 a.
1465 4669 1555 4723 Graan.

245 4775 280 4792 ···
299 4769 512 4830 ιιροσκυρωσις
530 4756 573 4800 est
592 4746 672 4800 verbi
690 4745 816 4802 addictio
833 4745 900 4802 aen.
