<?xml version="1.0" encoding="UTF-8"?>
<!DOCTYPE html PUBLIC "-//W3C//DTD XHTML 1.0 Transitional//EN"
    "http://www.w3.org/TR/xhtml1/DTD/xhtml1-transitional.dtd">
<html xmlns="http://www.w3.org/1999/xhtml" xml:lang="en" lang="en">
 <head>
  <title>
</title>
<meta http-equiv="Content-Type" content="text/html;charset=utf-8" />
  <meta name='ocr-system' content='tesseract 3.04.00' />
  <meta name='ocr-capabilities' content='ocr_page ocr_carea ocr_par ocr_line ocrx_word'/>
</head>
<body>
  <div class='ocr_page' id='page_1' title='image "./operaquaesupers03halmgoog/operaquaesupers03halmgoog_0442.png"; bbox 0 0 3210 5280; ppageno 0'>
   <div class='ocr_carea' id='block_1_1' title="bbox 482 196 1441 265">
    <p class='ocr_par' dir='ltr' id='par_1_1' title="bbox 482 196 1441 265">
     <span class='ocr_line' id='line_1_1' title="bbox 482 196 1441 265; baseline 0.003 -3"><span class='ocrx_word' id='word_1_1' title='bbox 482 196 532 262; x_wconf 91' lang='lat' dir='ltr'>IN</span> <span class='ocrx_word' id='word_1_2' title='bbox 555 196 701 263; x_wconf 68' lang='lat' dir='ltr'>ottae.</span> <span class='ocrx_word' id='word_1_3' title='bbox 724 196 1076 264; x_wconf 79' lang='lat' dir='ltr'>CATILINARIAS.</span> <span class='ocrx_word' id='word_1_4' title='bbox 1379 202 1441 265; x_wconf 91' lang='grc'>111</span> 
     </span>
    </p>
   </div>
   <div class='ocr_carea' id='block_1_2' title="bbox 117 335 1537 4353">
    <p class='ocr_par' dir='ltr' id='par_1_2' title="bbox 117 335 1486 1639">
     <span class='ocr_line' id='line_1_2' title="bbox 117 335 1441 419; baseline 0.004 -18"><span class='ocrx_word' id='word_1_5' title='bbox 117 335 168 401; x_wconf 87' lang='lat' dir='ltr'>rei</span> <span class='ocrx_word' id='word_1_6' title='bbox 190 335 378 418; x_wconf 70' lang='lat' dir='ltr'>deprehensi</span> <span class='ocrx_word' id='word_1_7' title='bbox 407 348 499 402; x_wconf 80' lang='lat' dir='ltr'>sunt:</span> <span class='ocrx_word' id='word_1_8' title='bbox 533 354 666 419; x_wconf 90' lang='lat' dir='ltr'>poenam</span> <span class='ocrx_word' id='word_1_9' title='bbox 700 337 839 403; x_wconf 85' lang='lat' dir='ltr'>statuite.</span> <span class='ocrx_word' id='word_1_10' title='bbox 894 338 985 402; x_wconf 78' lang='lat' dir='ltr'>Daue</span> <span class='ocrx_word' id='word_1_11' title='bbox 1017 338 1127 402; x_wconf 86' lang='lat' dir='ltr'>dictae.</span> <span class='ocrx_word' id='word_1_12' title='bbox 1149 338 1323 405; x_wconf 89' lang='lat' dir='ltr'>sententiae</span> <span class='ocrx_word' id='word_1_13' title='bbox 1350 354 1441 407; x_wconf 80' lang='lat' dir='ltr'>sunta</span> 
     </span>
     <span class='ocr_line' id='line_1_3' title="bbox 119 430 1440 518; baseline 0.002 -24"><span class='ocrx_word' id='word_1_14' title='bbox 119 451 256 513; x_wconf 87' lang='lat' dir='ltr'>poenam</span> <span class='ocrx_word' id='word_1_15' title='bbox 283 430 403 515; x_wconf 76' lang='lat' dir='ltr'>eligite.</span> <span class='ocrx_word' id='word_1_16' title='bbox 449 433 512 495; x_wconf 88' lang='lat' dir='ltr'>Sed</span> <span class='ocrx_word' id='word_1_17' title='bbox 538 431 664 499; x_wconf 88' lang='lat' dir='ltr'>laborat</span> <span class='ocrx_word' id='word_1_18' title='bbox 693 445 806 496; x_wconf 85' lang='lat' dir='ltr'>orator</span> <span class='ocrx_word' id='word_1_19' title='bbox 834 433 1026 497; x_wconf 87' lang='lat' dir='ltr'>occidendos</span> <span class='ocrx_word' id='word_1_20' title='bbox 1050 453 1120 496; x_wconf 87' lang='lat' dir='ltr'>esse</span> <span class='ocrx_word' id='word_1_21' title='bbox 1142 450 1290 516; x_wconf 76' lang='lat' dir='ltr'>orientum</span> <span class='ocrx_word' id='word_1_22' title='bbox 1316 447 1440 518; x_wconf 87' lang='lat' dir='ltr'>potest,</span> 
     </span>
     <span class='ocr_line' id='line_1_4' title="bbox 119 525 1444 611; baseline 0.003 -23"><span class='ocrx_word' id='word_1_23' title='bbox 119 534 154 588; x_wconf 88' lang='lat' dir='ltr'>et</span> <span class='ocrx_word' id='word_1_24' title='bbox 174 527 285 588; x_wconf 80' lang='lat' dir='ltr'>saradet</span> <span class='ocrx_word' id='word_1_25' title='bbox 306 525 390 587; x_wconf 87' lang='lat' dir='ltr'>aliud</span> <span class='ocrx_word' id='word_1_26' title='bbox 412 527 538 609; x_wconf 84' lang='lat' dir='ltr'>agendo</span> <span class='ocrx_word' id='word_1_27' title='bbox 559 539 709 611; x_wconf 89' lang='lat' dir='ltr'>quantum</span> <span class='ocrx_word' id='word_1_28' title='bbox 735 538 857 610; x_wconf 88' lang='lat' dir='ltr'>potest.</span> <span class='ocrx_word' id='word_1_29' title='bbox 901 528 1078 590; x_wconf 86' lang='lat' dir='ltr'>Laudando</span> <span class='ocrx_word' id='word_1_30' title='bbox 1100 527 1259 610; x_wconf 86' lang='lat' dir='ltr'>vituperat</span> <span class='ocrx_word' id='word_1_31' title='bbox 1280 531 1347 595; x_wconf 90' lang='lat' dir='ltr'>eius</span> <span class='ocrx_word' id='word_1_32' title='bbox 1369 553 1444 595; x_wconf 87' lang='lat' dir='ltr'>sen·</span> 
     </span>
     <span class='ocr_line' id='line_1_5' title="bbox 119 617 1440 703; baseline 0.002 -21"><span class='ocrx_word' id='word_1_33' title='bbox 119 617 265 682; x_wconf 87' lang='lat' dir='ltr'>tentiam.</span> <span class='ocrx_word' id='word_1_34' title='bbox 320 618 382 681; x_wconf 88' lang='lat' dir='ltr'>Sed</span> <span class='ocrx_word' id='word_1_35' title='bbox 416 622 564 703; x_wconf 91' lang='lat' dir='ltr'>quoniam</span> <span class='ocrx_word' id='word_1_36' title='bbox 603 621 655 684; x_wconf 88' lang='lat' dir='ltr'>illa</span> <span class='ocrx_word' id='word_1_37' title='bbox 688 620 841 685; x_wconf 87' lang='lat' dir='ltr'>sententia</span> <span class='ocrx_word' id='word_1_38' title='bbox 872 620 1034 684; x_wconf 80' lang='lat' dir='ltr'><strong>crudelior</strong></span> <span class='ocrx_word' id='word_1_39' title='bbox 1071 632 1121 683; x_wconf 91' lang='lat' dir='ltr'>est</span> <span class='ocrx_word' id='word_1_40' title='bbox 1158 635 1262 687; x_wconf 89' lang='lat' dir='ltr'>morte</span> <span class='ocrx_word' id='word_1_41' title='bbox 1296 622 1440 699; x_wconf 81' lang='lat' dir='ltr'>nrrrltari,</span> 
     </span>
     <span class='ocr_line' id='line_1_6' title="bbox 118 711 1468 799; baseline 0.002 -24"><span class='ocrx_word' id='word_1_42' title='bbox 118 711 248 775; x_wconf 86' lang='lat' dir='ltr'>laborat</span> <span class='ocrx_word' id='word_1_43' title='bbox 276 715 443 776; x_wconf 75' lang='lat' dir='ltr'>ostendere</span> <span class='ocrx_word' id='word_1_44' title='bbox 473 716 684 778; x_wconf 78' lang='lat' dir='ltr'><strong>crudeliorem</strong></span> <span class='ocrx_word' id='word_1_45' title='bbox 714 735 784 778; x_wconf 89' lang='lat' dir='ltr'>esse</span> <span class='ocrx_word' id='word_1_46' title='bbox 813 713 997 779; x_wconf 88' lang='lat' dir='ltr'>sententiam</span> <span class='ocrx_word' id='word_1_47' title='bbox 1026 713 1174 779; x_wconf 74' lang='lat' dir='ltr'>Caesaris</span> <span class='ocrx_word' id='word_1_48' title='bbox 1206 736 1299 799; x_wconf 76' lang='lat' dir='ltr'>quiam</span> <span class='ocrx_word' id='word_1_49' title='bbox 1329 715 1468 780; x_wconf 77' lang='lat' dir='ltr'>Silanit</span> 
     </span>
     <span class='ocr_line' id='line_1_7' title="bbox 118 803 1443 893; baseline 0.001 -23"><span class='ocrx_word' id='word_1_50' title='bbox 118 803 245 870; x_wconf 80' lang='lat' dir='ltr'>Deinde</span> <span class='ocrx_word' id='word_1_51' title='bbox 269 805 415 889; x_wconf 88' lang='lat' dir='ltr'>plerique</span> <span class='ocrx_word' id='word_1_52' title='bbox 443 807 596 872; x_wconf 78' lang='lat' dir='ltr'>timebant</span> <span class='ocrx_word' id='word_1_53' title='bbox 621 811 659 871; x_wconf 96' lang='lat' dir='ltr'>ad</span> <span class='ocrx_word' id='word_1_54' title='bbox 686 807 817 893; x_wconf 82' lang='lat' dir='ltr'>gratiam</span> <span class='ocrx_word' id='word_1_55' title='bbox 846 805 1013 870; x_wconf 73' lang='lat' dir='ltr'>Ciceronis</span> <span class='ocrx_word' id='word_1_56' title='bbox 1038 807 1192 884; x_wconf 87' lang='lat' dir='ltr'>iudicare,</span> <span class='ocrx_word' id='word_1_57' title='bbox 1228 829 1268 872; x_wconf 90' lang='lat' dir='ltr'>ue</span> <span class='ocrx_word' id='word_1_58' title='bbox 1288 807 1365 891; x_wconf 91' lang='lat' dir='ltr'>ipsis</span> <span class='ocrx_word' id='word_1_59' title='bbox 1386 829 1443 871; x_wconf 89' lang='lat' dir='ltr'>ne·</span> 
     </span>
     <span class='ocr_line' id='line_1_8' title="bbox 119 899 1443 985; baseline 0.004 -24"><span class='ocrx_word' id='word_1_60' title='bbox 119 900 242 983; x_wconf 83' lang='lat' dir='ltr'>gotium</span> <span class='ocrx_word' id='word_1_61' title='bbox 263 899 373 975; x_wconf 84' lang='lat' dir='ltr'>fieret,</span> <span class='ocrx_word' id='word_1_62' title='bbox 405 901 478 982; x_wconf 83' lang='lat' dir='ltr'>qttia</span> <span class='ocrx_word' id='word_1_63' title='bbox 506 914 618 965; x_wconf 91' lang='lat' dir='ltr'>contra</span> <span class='ocrx_word' id='word_1_64' title='bbox 643 902 732 985; x_wconf 86' lang='lat' dir='ltr'>leges</span> <span class='ocrx_word' id='word_1_65' title='bbox 758 901 987 964; x_wconf 80' lang='lat' dir='ltr'>occidebantur</span> <span class='ocrx_word' id='word_1_66' title='bbox 1007 900 1067 964; x_wconf 87' lang='lat' dir='ltr'>eei.</span> <span class='ocrx_word' id='word_1_67' title='bbox 1112 903 1184 964; x_wconf 85' lang='lat' dir='ltr'>Lex</span> <span class='ocrx_word' id='word_1_68' title='bbox 1205 902 1288 965; x_wconf 92' lang='lat' dir='ltr'>enim</span> <span class='ocrx_word' id='word_1_69' title='bbox 1313 903 1443 966; x_wconf 86' lang='lat' dir='ltr'>vetabat</span> 
     </span>
     <span class='ocr_line' id='line_1_9' title="bbox 120 992 1441 1084; baseline 0.002 -29"><span class='ocrx_word' id='word_1_70' title='bbox 120 992 321 1073; x_wconf 88' lang='lat' dir='ltr'>Sempronia.</span> <span class='ocrx_word' id='word_1_71' title='bbox 378 994 527 1059; x_wconf 82' lang='lat' dir='ltr'>Timebat</span> <span class='ocrx_word' id='word_1_72' title='bbox 553 1016 654 1080; x_wconf 88' lang='lat' dir='ltr'>ergo,</span> <span class='ocrx_word' id='word_1_73' title='bbox 691 1015 730 1056; x_wconf 94' lang='lat' dir='ltr'>ne</span> <span class='ocrx_word' id='word_1_74' title='bbox 763 996 801 1055; x_wconf 89' lang='lat' dir='ltr'>ad</span> <span class='ocrx_word' id='word_1_75' title='bbox 831 993 963 1077; x_wconf 86' lang='lat' dir='ltr'>gratiam</span> <span class='ocrx_word' id='word_1_76' title='bbox 993 1015 1081 1056; x_wconf 92' lang='lat' dir='ltr'>suam</span> <span class='ocrx_word' id='word_1_77' title='bbox 1112 1016 1175 1057; x_wconf 92' lang='lat' dir='ltr'>non</span> <span class='ocrx_word' id='word_1_78' title='bbox 1206 996 1441 1084; x_wconf 71' lang='lat' dir='ltr'>damnarentur.</span> 
     </span>
     <span class='ocr_line' id='line_1_10' title="bbox 118 1083 1441 1172; baseline -0.001 -23"><span class='ocrx_word' id='word_1_79' title='bbox 118 1083 279 1149; x_wconf 83' lang='lat' dir='ltr'>Dicebant</span> <span class='ocrx_word' id='word_1_80' title='bbox 301 1085 403 1149; x_wconf 79' lang='lat' dir='ltr'>enirn:</span> <span class='ocrx_word' id='word_1_81' title='bbox 427 1109 521 1172; x_wconf 88' lang='lat' dir='ltr'>quam</span> <span class='ocrx_word' id='word_1_82' title='bbox 545 1088 763 1151; x_wconf 89' lang='lat' dir='ltr'>necessitatem</span> <span class='ocrx_word' id='word_1_83' title='bbox 784 1089 878 1150; x_wconf 90' lang='lat' dir='ltr'>habet</span> <span class='ocrx_word' id='word_1_84' title='bbox 893 1086 1035 1152; x_wconf 73' lang='lat' dir='ltr'>Cicero?</span> <span class='ocrx_word' id='word_1_85' title='bbox 1056 1086 1134 1172; x_wconf 87' lang='lat' dir='ltr'>quid</span> <span class='ocrx_word' id='word_1_86' title='bbox 1155 1099 1203 1150; x_wconf 91' lang='lat' dir='ltr'>est</span> <span class='ocrx_word' id='word_1_87' title='bbox 1225 1087 1312 1151; x_wconf 83' lang='lat' dir='ltr'>hoe?</span> <span class='ocrx_word' id='word_1_88' title='bbox 1333 1088 1361 1151; x_wconf 94' lang='lat' dir='ltr'>si</span> <span class='ocrx_word' id='word_1_89' title='bbox 1377 1108 1441 1150; x_wconf 91' lang='lat' dir='ltr'>non</span> 
     </span>
     <span class='ocr_line' id='line_1_11' title="bbox 119 1178 1486 1266; baseline 0.004 -25"><span class='ocrx_word' id='word_1_90' title='bbox 119 1178 297 1255; x_wconf 87' lang='lat' dir='ltr'>occiderit,</span> <span class='ocrx_word' id='word_1_91' title='bbox 332 1181 545 1263; x_wconf 82' lang='lat' dir='ltr'>periculosum</span> <span class='ocrx_word' id='word_1_92' title='bbox 571 1193 620 1244; x_wconf 88' lang='lat' dir='ltr'>est</span> <span class='ocrx_word' id='word_1_93' title='bbox 649 1180 790 1244; x_wconf 78' lang='lat' dir='ltr'>civitati:</span> <span class='ocrx_word' id='word_1_94' title='bbox 822 1180 849 1244; x_wconf 91' lang='lat' dir='ltr'>si</span> <span class='ocrx_word' id='word_1_95' title='bbox 878 1180 1049 1257; x_wconf 86' lang='lat' dir='ltr'>occiderit,</span> <span class='ocrx_word' id='word_1_96' title='bbox 1085 1192 1196 1243; x_wconf 92' lang='lat' dir='ltr'>contra</span> <span class='ocrx_word' id='word_1_97' title='bbox 1231 1182 1321 1266; x_wconf 81' lang='lat' dir='ltr'>leges</span> <span class='ocrx_word' id='word_1_98' title='bbox 1352 1181 1441 1245; x_wconf 78' lang='lat' dir='ltr'>iacit.</span> <span class='ocrx_word' id='word_1_99' title='bbox 1455 1195 1486 1246; x_wconf 84' lang='lat' dir='ltr'>u</span> 
     </span>
     <span class='ocr_line' id='line_1_12' title="bbox 120 1271 1444 1358; baseline 0.002 -24"><span class='ocrx_word' id='word_1_100' title='bbox 120 1271 216 1353; x_wconf 84' lang='lat' dir='ltr'>Ergo</span> <span class='ocrx_word' id='word_1_101' title='bbox 240 1293 347 1337; x_wconf 87' lang='lat' dir='ltr'>omnes</span> <span class='ocrx_word' id='word_1_102' title='bbox 369 1275 438 1338; x_wconf 88' lang='lat' dir='ltr'>sive</span> <span class='ocrx_word' id='word_1_103' title='bbox 460 1278 619 1358; x_wconf 89' lang='lat' dir='ltr'>parcendo</span> <span class='ocrx_word' id='word_1_104' title='bbox 642 1273 795 1340; x_wconf 84' lang='lat' dir='ltr'>Ciceroni</span> <span class='ocrx_word' id='word_1_105' title='bbox 818 1277 991 1356; x_wconf 87' lang='lat' dir='ltr'>parcebant</span> <span class='ocrx_word' id='word_1_106' title='bbox 1012 1273 1203 1350; x_wconf 91' lang='lat' dir='ltr'>coniuratis,</span> <span class='ocrx_word' id='word_1_107' title='bbox 1227 1274 1295 1338; x_wconf 83' lang='lat' dir='ltr'>sive</span> <span class='ocrx_word' id='word_1_108' title='bbox 1319 1272 1444 1355; x_wconf 80' lang='lat' dir='ltr'>vitupe-</span> 
     </span>
     <span class='ocr_line' id='line_1_13' title="bbox 119 1366 1445 1452; baseline 0.004 -26"><span class='ocrx_word' id='word_1_109' title='bbox 119 1366 222 1429; x_wconf 88' lang='lat' dir='ltr'>rando</span> <span class='ocrx_word' id='word_1_110' title='bbox 244 1366 457 1431; x_wconf 88' lang='lat' dir='ltr'>crudeliorem</span> <span class='ocrx_word' id='word_1_111' title='bbox 479 1369 663 1431; x_wconf 87' lang='lat' dir='ltr'>sententiam</span> <span class='ocrx_word' id='word_1_112' title='bbox 680 1369 854 1451; x_wconf 85' lang='lat' dir='ltr'>parcebant</span> <span class='ocrx_word' id='word_1_113' title='bbox 869 1367 1057 1430; x_wconf 87' lang='lat' dir='ltr'>coniuratis.</span> <span class='ocrx_word' id='word_1_114' title='bbox 1101 1366 1208 1430; x_wconf 90' lang='lat' dir='ltr'>Debet</span> <span class='ocrx_word' id='word_1_115' title='bbox 1229 1387 1311 1452; x_wconf 86' lang='lat' dir='ltr'>ergo</span> <span class='ocrx_word' id='word_1_116' title='bbox 1330 1379 1445 1432; x_wconf 89' lang='lat' dir='ltr'>orator</span> 
     </span>
     <span class='ocr_line' id='line_1_14' title="bbox 121 1459 1444 1545; baseline 0.002 -25"><span class='ocrx_word' id='word_1_117' title='bbox 121 1459 291 1521; x_wconf 70' lang='lat' dir='ltr'>ostendere</span> <span class='ocrx_word' id='word_1_118' title='bbox 314 1480 348 1522; x_wconf 90' lang='lat' dir='ltr'>se</span> <span class='ocrx_word' id='word_1_119' title='bbox 373 1480 517 1523; x_wconf 88' lang='lat' dir='ltr'>securum</span> <span class='ocrx_word' id='word_1_120' title='bbox 533 1483 602 1526; x_wconf 88' lang='lat' dir='ltr'>esse</span> <span class='ocrx_word' id='word_1_121' title='bbox 617 1464 882 1529; x_wconf 14' lang='lat' dir='ltr'>adversusvomne</span> <span class='ocrx_word' id='word_1_122' title='bbox 897 1460 1092 1543; x_wconf 90' lang='lat' dir='ltr'>periculum,</span> <span class='ocrx_word' id='word_1_123' title='bbox 1115 1480 1154 1522; x_wconf 91' lang='lat' dir='ltr'>ne</span> <span class='ocrx_word' id='word_1_124' title='bbox 1176 1472 1287 1523; x_wconf 88' lang='lat' dir='ltr'>contra</span> <span class='ocrx_word' id='word_1_125' title='bbox 1311 1460 1444 1545; x_wconf 87' lang='lat' dir='ltr'>gratiam</span> 
     </span>
     <span class='ocr_line' id='line_1_15' title="bbox 119 1546 1326 1639; baseline 0.006 -28"><span class='ocrx_word' id='word_1_126' title='bbox 119 1546 221 1632; x_wconf 88' lang='lat' dir='ltr'>ipsius</span> <span class='ocrx_word' id='word_1_127' title='bbox 242 1564 391 1633; x_wconf 88' lang='lat' dir='ltr'>parcant,</span> <span class='ocrx_word' id='word_1_128' title='bbox 415 1564 448 1616; x_wconf 90' lang='lat' dir='ltr'>et</span> <span class='ocrx_word' id='word_1_129' title='bbox 469 1553 551 1617; x_wconf 86' lang='lat' dir='ltr'>iliam</span> <span class='ocrx_word' id='word_1_130' title='bbox 573 1556 676 1618; x_wconf 91' lang='lat' dir='ltr'>lenem</span> <span class='ocrx_word' id='word_1_131' title='bbox 699 1556 908 1628; x_wconf 86' lang='lat' dir='ltr'>sententiam,</span> <span class='ocrx_word' id='word_1_132' title='bbox 933 1575 1017 1639; x_wconf 89' lang='lat' dir='ltr'>quae</span> <span class='ocrx_word' id='word_1_133' title='bbox 1040 1565 1145 1618; x_wconf 90' lang='lat' dir='ltr'>morte</span> <span class='ocrx_word' id='word_1_134' title='bbox 1170 1554 1326 1618; x_wconf 87' lang='lat' dir='ltr'>multavit.</span> 
     </span>
    </p>

    <p class='ocr_par' dir='ltr' id='par_1_3' title="bbox 120 1643 1486 1825">
     <span class='ocr_line' id='line_1_16' title="bbox 208 1643 1486 1732; baseline 0.003 -23"><span class='ocrx_word' id='word_1_135' title='bbox 208 1643 404 1727; x_wconf 84' lang='lat' dir='ltr'>Cap.1.1.</span> <span class='ocrx_word' id='word_1_136' title='bbox 439 1648 569 1725; x_wconf 87' lang='lat' dir='ltr'>Video,</span> <span class='ocrx_word' id='word_1_137' title='bbox 596 1661 716 1732; x_wconf 87' lang='lat' dir='ltr'>patres</span> <span class='ocrx_word' id='word_1_138' title='bbox 737 1646 937 1731; x_wconf 81' lang='lat' dir='ltr'>conscripti]</span> <span class='ocrx_word' id='word_1_139' title='bbox 982 1648 1116 1712; x_wconf 83' lang='lat' dir='ltr'>Stabant</span> <span class='ocrx_word' id='word_1_140' title='bbox 1144 1667 1253 1712; x_wconf 89' lang='lat' dir='ltr'>omnes</span> <span class='ocrx_word' id='word_1_141' title='bbox 1278 1657 1311 1712; x_wconf 90' lang='lat' dir='ltr'>et</span> <span class='ocrx_word' id='word_1_142' title='bbox 1335 1648 1486 1721; x_wconf 66' lang='lat' dir='ltr'>adtente</span> 
     </span>
     <span class='ocr_line' id='line_1_17' title="bbox 120 1737 725 1825; baseline 0.013 -26"><span class='ocrx_word' id='word_1_143' title='bbox 120 1737 239 1801; x_wconf 84' lang='lat' dir='ltr'>debant</span> <span class='ocrx_word' id='word_1_144' title='bbox 261 1738 473 1818; x_wconf 89' lang='lat' dir='ltr'>Ciceronem,</span> <span class='ocrx_word' id='word_1_145' title='bbox 497 1741 572 1825; x_wconf 90' lang='lat' dir='ltr'>quid</span> <span class='ocrx_word' id='word_1_146' title='bbox 595 1743 725 1807; x_wconf 88' lang='lat' dir='ltr'>diceret.</span> 
     </span>
    </p>

    <p class='ocr_par' dir='ltr' id='par_1_4' title="bbox 120 1835 1445 2088">
     <span class='ocr_line' id='line_1_18' title="bbox 208 1835 728 1916; baseline 0.002 -18"><span class='ocrx_word' id='word_1_147' title='bbox 208 1835 298 1916; x_wconf 86' lang='lat' dir='ltr'>Ora]</span> <span class='ocrx_word' id='word_1_148' title='bbox 319 1835 382 1899; x_wconf 90' lang='lat' dir='ltr'>Sed</span> <span class='ocrx_word' id='word_1_149' title='bbox 407 1836 495 1900; x_wconf 75' lang='lat' dir='ltr'>forte</span> <span class='ocrx_word' id='word_1_150' title='bbox 516 1858 581 1901; x_wconf 90' lang='lat' dir='ltr'>non</span> <span class='ocrx_word' id='word_1_151' title='bbox 603 1835 728 1900; x_wconf 87' lang='lat' dir='ltr'>intenti.</span> 
     </span>
     <span class='ocr_line' id='line_1_19' title="bbox 121 1925 1445 2017; baseline 0.004 -26"><span class='ocrx_word' id='word_1_152' title='bbox 121 1968 127 1974; x_wconf 87' lang='lat'><em>-</em></span> <span class='ocrx_word' id='word_1_153' title='bbox 205 1930 319 2012; x_wconf 82' lang='lat' dir='ltr'>Atque</span> <span class='ocrx_word' id='word_1_154' title='bbox 350 1933 469 1995; x_wconf 83' lang='lat' dir='ltr'>oeulos</span> <span class='ocrx_word' id='word_1_155' title='bbox 499 1953 575 1996; x_wconf 86' lang='lat' dir='ltr'>ease</span> <span class='ocrx_word' id='word_1_156' title='bbox 604 1928 801 2012; x_wconf 83' lang='lat' dir='ltr'>conversos]</span> <span class='ocrx_word' id='word_1_157' title='bbox 840 1929 937 2010; x_wconf 91' lang='lat' dir='ltr'>Quod</span> <span class='ocrx_word' id='word_1_158' title='bbox 968 1925 1012 1991; x_wconf 87' lang='lat' dir='ltr'>ait</span> <span class='ocrx_word' id='word_1_159' title='bbox 1046 1925 1225 2014; x_wconf 81' lang='lat' dir='ltr'>Virgilius:</span> <span class='ocrx_word' id='word_1_160' title='bbox 1258 1928 1445 2017; x_wconf 67' lang='lat' dir='ltr'>intemimse</span> 
     </span>
     <span class='ocr_line' id='line_1_20' title="bbox 120 2023 378 2088; baseline 0.016 -4"><span class='ocrx_word' id='word_1_161' title='bbox 120 2040 188 2084; x_wconf 85' lang='lat' dir='ltr'>ora</span> <span class='ocrx_word' id='word_1_162' title='bbox 207 2023 378 2088; x_wconf 82' lang='lat' dir='ltr'>tenebant.</span> 
     </span>
    </p>

    <p class='ocr_par' dir='ltr' id='par_1_5' title="bbox 209 2113 1486 2201">
     <span class='ocr_line' id='line_1_21' title="bbox 209 2113 1486 2201; baseline -0.001 -20"><span class='ocrx_word' id='word_1_163' title='bbox 209 2117 356 2193; x_wconf 82' lang='lat' dir='ltr'>Verum,</span> <span class='ocrx_word' id='word_1_164' title='bbox 380 2117 412 2181; x_wconf 89' lang='lat' dir='ltr'>si</span> <span class='ocrx_word' id='word_1_165' title='bbox 433 2117 472 2180; x_wconf 87' lang='lat' dir='ltr'>id</span> <span class='ocrx_word' id='word_1_166' title='bbox 491 2118 671 2200; x_wconf 83' lang='lat' dir='ltr'>depulsum</span> <span class='ocrx_word' id='word_1_167' title='bbox 692 2116 753 2198; x_wconf 86' lang='lat' dir='ltr'>sit]</span> <span class='ocrx_word' id='word_1_168' title='bbox 785 2115 873 2178; x_wconf 89' lang='lat' dir='ltr'>Bene</span> <span class='ocrx_word' id='word_1_169' title='bbox 894 2113 1077 2191; x_wconf 86' lang='lat' dir='ltr'>dubitabat,</span> <span class='ocrx_word' id='word_1_170' title='bbox 1100 2115 1174 2201; x_wconf 85' lang='lat' dir='ltr'>quia</span> <span class='ocrx_word' id='word_1_171' title='bbox 1198 2118 1300 2180; x_wconf 88' lang='lat' dir='ltr'>adbuc</span> <span class='ocrx_word' id='word_1_172' title='bbox 1320 2117 1441 2182; x_wconf 73' lang='lat' dir='ltr'>mvunt.</span> <span class='ocrx_word' id='word_1_173' title='bbox 1453 2128 1486 2181; x_wconf 83' lang='lat' dir='ltr'>tt</span> 
     </span>
    </p>

    <p class='ocr_par' dir='ltr' id='par_1_6' title="bbox 206 2207 1440 2296">
     <span class='ocr_line' id='line_1_22' title="bbox 206 2207 1440 2296; baseline 0.002 -23"><span class='ocrx_word' id='word_1_174' title='bbox 206 2211 359 2274; x_wconf 83' lang='lat' dir='ltr'>Demea</span> <span class='ocrx_word' id='word_1_175' title='bbox 376 2211 546 2294; x_wconf 77' lang='lat' dir='ltr'>periendo]</span> <span class='ocrx_word' id='word_1_176' title='bbox 583 2212 617 2277; x_wconf 93' lang='lat' dir='ltr'>Si</span> <span class='ocrx_word' id='word_1_177' title='bbox 644 2213 734 2296; x_wconf 84' lang='lat' dir='ltr'>qtrod</span> <span class='ocrx_word' id='word_1_178' title='bbox 758 2209 832 2272; x_wconf 88' lang='lat' dir='ltr'>mihi</span> <span class='ocrx_word' id='word_1_179' title='bbox 853 2207 1015 2272; x_wconf 90' lang='lat' dir='ltr'>inminebit</span> <span class='ocrx_word' id='word_1_180' title='bbox 1036 2220 1112 2292; x_wconf 89' lang='lat' dir='ltr'>post</span> <span class='ocrx_word' id='word_1_181' title='bbox 1132 2231 1243 2275; x_wconf 88' lang='lat' dir='ltr'>eorum</span> <span class='ocrx_word' id='word_1_182' title='bbox 1266 2209 1440 2276; x_wconf 84' lang='lat' dir='ltr'>interitum.</span> 
     </span>
    </p>

    <p class='ocr_par' dir='ltr' id='par_1_7' title="bbox 123 2300 1446 2480">
     <span class='ocr_line' id='line_1_23' title="bbox 209 2300 1446 2394; baseline 0.004 -31"><span class='ocrx_word' id='word_1_183' title='bbox 209 2301 241 2363; x_wconf 77' lang='lat'>2.</span> <span class='ocrx_word' id='word_1_184' title='bbox 263 2305 343 2387; x_wconf 75' lang='lat' dir='ltr'>Ego</span> <span class='ocrx_word' id='word_1_185' title='bbox 372 2326 468 2378; x_wconf 83' lang='lat' dir='ltr'>sum,</span> <span class='ocrx_word' id='word_1_186' title='bbox 499 2317 621 2388; x_wconf 83' lang='lat' dir='ltr'>patres</span> <span class='ocrx_word' id='word_1_187' title='bbox 650 2301 855 2386; x_wconf 77' lang='lat' dir='ltr'>conscripti,</span> <span class='ocrx_word' id='word_1_188' title='bbox 888 2301 946 2366; x_wconf 85' lang='lat' dir='ltr'>cui</span> <span class='ocrx_word' id='word_1_189' title='bbox 973 2322 1042 2367; x_wconf 90' lang='lat' dir='ltr'>non</span> <span class='ocrx_word' id='word_1_190' title='bbox 1055 2300 1206 2394; x_wconf 83' lang='lat' dir='ltr'>sorum]</span> <span class='ocrx_word' id='word_1_191' title='bbox 1243 2306 1341 2388; x_wconf 92' lang='lat' dir='ltr'>Quod</span> <span class='ocrx_word' id='word_1_192' title='bbox 1366 2301 1446 2368; x_wconf 84' lang='lat' dir='ltr'>dixit</span> 
     </span>
     <span class='ocr_line' id='line_1_24' title="bbox 123 2390 814 2480; baseline 0.006 -24"><span class='ocrx_word' id='word_1_193' title='bbox 123 2390 332 2460; x_wconf 85' lang='lat' dir='ltr'>circumstare</span> <span class='ocrx_word' id='word_1_194' title='bbox 353 2397 490 2461; x_wconf 89' lang='lat' dir='ltr'>tribunal</span> <span class='ocrx_word' id='word_1_195' title='bbox 513 2397 668 2480; x_wconf 90' lang='lat' dir='ltr'>praetorii</span> <span class='ocrx_word' id='word_1_196' title='bbox 690 2396 814 2460; x_wconf 89' lang='lat' dir='ltr'>urbani.</span> 
     </span>
    </p>

    <p class='ocr_par' dir='ltr' id='par_1_8' title="bbox 206 2489 834 2575">
     <span class='ocr_line' id='line_1_25' title="bbox 206 2489 834 2575; baseline -0.002 -22"><span class='ocrx_word' id='word_1_197' title='bbox 206 2492 290 2553; x_wconf 89' lang='lat' dir='ltr'>Non</span> <span class='ocrx_word' id='word_1_198' title='bbox 311 2493 467 2575; x_wconf 86' lang='lat' dir='ltr'>campus]</span> <span class='ocrx_word' id='word_1_199' title='bbox 495 2491 660 2556; x_wconf 84' lang='lat' dir='ltr'>Proximis</span> <span class='ocrx_word' id='word_1_200' title='bbox 682 2489 834 2556; x_wconf 90' lang='lat' dir='ltr'>comitiis.</span> 
     </span>
    </p>

    <p class='ocr_par' dir='ltr' id='par_1_9' title="bbox 207 2581 1488 2667">
     <span class='ocr_line' id='line_1_26' title="bbox 207 2581 1488 2667; baseline 0.003 -22"><span class='ocrx_word' id='word_1_201' title='bbox 207 2584 417 2664; x_wconf 77' lang='lat' dir='ltr'>Nonacria]</span> <span class='ocrx_word' id='word_1_202' title='bbox 441 2585 526 2667; x_wconf 83' lang='lat' dir='ltr'>Quid</span> <span class='ocrx_word' id='word_1_203' title='bbox 540 2597 588 2648; x_wconf 90' lang='lat' dir='ltr'>est</span> <span class='ocrx_word' id='word_1_204' title='bbox 600 2583 712 2648; x_wconf 85' lang='lat' dir='ltr'>curia?</span> <span class='ocrx_word' id='word_1_205' title='bbox 726 2587 905 2649; x_wconf 83' lang='lat' dir='ltr'>Summum</span> <span class='ocrx_word' id='word_1_206' title='bbox 918 2582 1096 2647; x_wconf 68' lang='lat' dir='ltr'>aemilium</span> <span class='ocrx_word' id='word_1_207' title='bbox 1110 2581 1264 2647; x_wconf 84' lang='lat' dir='ltr'>omnium</span> <span class='ocrx_word' id='word_1_208' title='bbox 1277 2582 1444 2665; x_wconf 80' lang='lat' dir='ltr'>gentium.</span> <span class='ocrx_word' id='word_1_209' title='bbox 1455 2598 1488 2649; x_wconf 77' lang='lat' dir='ltr'>tt</span> 
     </span>
    </p>

    <p class='ocr_par' dir='ltr' id='par_1_10' title="bbox 124 2675 1446 2854">
     <span class='ocr_line' id='line_1_27' title="bbox 207 2675 1446 2761; baseline -0.001 -20"><span class='ocrx_word' id='word_1_210' title='bbox 207 2678 287 2760; x_wconf 75' lang='lat' dir='ltr'>Ego</span> <span class='ocrx_word' id='word_1_211' title='bbox 301 2700 394 2754; x_wconf 85' lang='lat' dir='ltr'>sum,</span> <span class='ocrx_word' id='word_1_212' title='bbox 417 2691 537 2761; x_wconf 78' lang='lat' dir='ltr'>patrea</span> <span class='ocrx_word' id='word_1_213' title='bbox 554 2677 755 2760; x_wconf 87' lang='lat' dir='ltr'>conscripti]</span> <span class='ocrx_word' id='word_1_214' title='bbox 777 2675 889 2740; x_wconf 79' lang='lat' dir='ltr'>Mariti</span> <span class='ocrx_word' id='word_1_215' title='bbox 903 2675 952 2739; x_wconf 89' lang='lat' dir='ltr'>sui</span> <span class='ocrx_word' id='word_1_216' title='bbox 968 2676 1100 2760; x_wconf 82' lang='lat' dir='ltr'>gratiam</span> <span class='ocrx_word' id='word_1_217' title='bbox 1116 2676 1260 2761; x_wconf 79' lang='lat' dir='ltr'>quaerit3</span> <span class='ocrx_word' id='word_1_218' title='bbox 1283 2688 1446 2742; x_wconf 86' lang='lat' dir='ltr'>enumerat</span> 
     </span>
     <span class='ocr_line' id='line_1_28' title="bbox 124 2768 1170 2854; baseline 0.003 -24"><span class='ocrx_word' id='word_1_219' title='bbox 124 2786 208 2852; x_wconf 82' lang='lat' dir='ltr'>quos</span> <span class='ocrx_word' id='word_1_220' title='bbox 232 2769 265 2831; x_wconf 94' lang='lat' dir='ltr'>in</span> <span class='ocrx_word' id='word_1_221' title='bbox 288 2773 455 2835; x_wconf 83' lang='lat' dir='ltr'>consulatu</span> <span class='ocrx_word' id='word_1_222' title='bbox 477 2773 607 2837; x_wconf 88' lang='lat' dir='ltr'>labores</span> <span class='ocrx_word' id='word_1_223' title='bbox 628 2770 675 2835; x_wconf 89' lang='lat' dir='ltr'>rei</span> <span class='ocrx_word' id='word_1_224' title='bbox 696 2768 842 2854; x_wconf 90' lang='lat' dir='ltr'>publicae</span> <span class='ocrx_word' id='word_1_225' title='bbox 864 2789 958 2833; x_wconf 90' lang='lat' dir='ltr'>causa</span> <span class='ocrx_word' id='word_1_226' title='bbox 981 2770 1170 2852; x_wconf 83' lang='lat' dir='ltr'>susceperit.</span> 
     </span>
    </p>

    <p class='ocr_par' dir='ltr' id='par_1_11' title="bbox 208 2861 1189 2941">
     <span class='ocr_line' id='line_1_29' title="bbox 208 2861 1189 2941; baseline -0.002 -13"><span class='ocrx_word' id='word_1_227' title='bbox 208 2864 293 2940; x_wconf 79' lang='lat' dir='ltr'>Hic,</span> <span class='ocrx_word' id='word_1_228' title='bbox 317 2865 371 2928; x_wconf 79' lang='lat' dir='ltr'>tte</span> <span class='ocrx_word' id='word_1_229' title='bbox 392 2878 473 2929; x_wconf 84' lang='lat' dir='ltr'>sunt</span> <span class='ocrx_word' id='word_1_230' title='bbox 494 2879 615 2931; x_wconf 85' lang='lat' dir='ltr'>nostro</span> <span class='ocrx_word' id='word_1_231' title='bbox 636 2865 672 2928; x_wconf 86' lang='lat' dir='ltr'>in</span> <span class='ocrx_word' id='word_1_232' title='bbox 693 2861 852 2941; x_wconf 82' lang='lat' dir='ltr'>numero]</span> <span class='ocrx_word' id='word_1_233' title='bbox 890 2864 929 2926; x_wconf 93' lang='lat' dir='ltr'>ld</span> <span class='ocrx_word' id='word_1_234' title='bbox 951 2875 1015 2937; x_wconf 87' lang='lat' dir='ltr'>est,</span> <span class='ocrx_word' id='word_1_235' title='bbox 1038 2863 1067 2926; x_wconf 91' lang='lat' dir='ltr'>in</span> <span class='ocrx_word' id='word_1_236' title='bbox 1091 2863 1189 2928; x_wconf 81' lang='lat' dir='ltr'>catria.</span> 
     </span>
    </p>

    <p class='ocr_par' dir='ltr' id='par_1_12' title="bbox 210 2955 1443 3043">
     <span class='ocr_line' id='line_1_30' title="bbox 210 2955 1443 3043; baseline -0.001 -20"><span class='ocrx_word' id='word_1_237' title='bbox 210 2961 331 3023; x_wconf 85' lang='lat' dir='ltr'>Vacua</span> <span class='ocrx_word' id='word_1_238' title='bbox 352 2960 489 3041; x_wconf 81' lang='lat' dir='ltr'>mortis]</span> <span class='ocrx_word' id='word_1_239' title='bbox 527 2959 561 3023; x_wconf 92' lang='lat' dir='ltr'>Si</span> <span class='ocrx_word' id='word_1_240' title='bbox 590 2980 670 3043; x_wconf 87' lang='lat' dir='ltr'>ergo</span> <span class='ocrx_word' id='word_1_241' title='bbox 696 2968 831 3020; x_wconf 88' lang='lat' dir='ltr'>mortem</span> <span class='ocrx_word' id='word_1_242' title='bbox 857 2976 957 3019; x_wconf 88' lang='lat' dir='ltr'>meam</span> <span class='ocrx_word' id='word_1_243' title='bbox 983 2955 1186 3038; x_wconf 83' lang='lat' dir='ltr'>petiverunt,</span> <span class='ocrx_word' id='word_1_244' title='bbox 1211 2958 1327 3023; x_wconf 90' lang='lat' dir='ltr'>debent</span> <span class='ocrx_word' id='word_1_245' title='bbox 1348 2955 1443 3022; x_wconf 91' lang='lat' dir='ltr'>mori.</span> 
     </span>
    </p>

    <p class='ocr_par' dir='ltr' id='par_1_13' title="bbox 124 3049 1537 3234">
     <span class='ocr_line' id='line_1_31' title="bbox 207 3049 1537 3135; baseline 0.002 -19"><span class='ocrx_word' id='word_1_246' title='bbox 207 3054 328 3116; x_wconf 85' lang='lat' dir='ltr'>Multa</span> <span class='ocrx_word' id='word_1_247' title='bbox 342 3053 450 3133; x_wconf 79' lang='lat' dir='ltr'>tactu]</span> <span class='ocrx_word' id='word_1_248' title='bbox 474 3053 641 3129; x_wconf 85' lang='lat' dir='ltr'>Ostendit,</span> <span class='ocrx_word' id='word_1_249' title='bbox 666 3050 737 3133; x_wconf 88' lang='lat' dir='ltr'>quia</span> <span class='ocrx_word' id='word_1_250' title='bbox 756 3051 828 3133; x_wconf 91' lang='lat' dir='ltr'>plus</span> <span class='ocrx_word' id='word_1_251' title='bbox 844 3063 1024 3126; x_wconf 88' lang='lat' dir='ltr'>merentur,</span> <span class='ocrx_word' id='word_1_252' title='bbox 1049 3071 1142 3135; x_wconf 90' lang='lat' dir='ltr'>quam</span> <span class='ocrx_word' id='word_1_253' title='bbox 1160 3055 1248 3135; x_wconf 91' lang='lat' dir='ltr'>quod</span> <span class='ocrx_word' id='word_1_254' title='bbox 1266 3049 1341 3115; x_wconf 87' lang='lat' dir='ltr'>victi</span> <span class='ocrx_word' id='word_1_255' title='bbox 1354 3061 1444 3125; x_wconf 81' lang='lat' dir='ltr'>sunt3</span> <span class='ocrx_word' id='word_1_256' title='bbox 1456 3068 1488 3119; x_wconf 78' lang='lat' dir='ltr'>tt</span> <span class='ocrx_word' id='word_1_257' title='bbox 1532 3070 1537 3083; x_wconf 89' lang='grc'>·</span> 
     </span>
     <span class='ocr_line' id='line_1_32' title="bbox 124 3143 1004 3234; baseline 0.005 -28"><span class='ocrx_word' id='word_1_258' title='bbox 124 3143 198 3234; x_wconf 84' lang='lat' dir='ltr'>quia</span> <span class='ocrx_word' id='word_1_259' title='bbox 221 3155 252 3207; x_wconf 93' lang='lat' dir='ltr'>et</span> <span class='ocrx_word' id='word_1_260' title='bbox 274 3144 333 3227; x_wconf 95' lang='lat' dir='ltr'>ipsi</span> <span class='ocrx_word' id='word_1_261' title='bbox 356 3145 526 3209; x_wconf 81' lang='lat' dir='ltr'>voluerunt</span> <span class='ocrx_word' id='word_1_262' title='bbox 549 3144 695 3210; x_wconf 86' lang='lat' dir='ltr'>occidere</span> <span class='ocrx_word' id='word_1_263' title='bbox 717 3145 803 3207; x_wconf 84' lang='lat' dir='ltr'>cives</span> <span class='ocrx_word' id='word_1_264' title='bbox 826 3146 1004 3209; x_wconf 84' lang='lat' dir='ltr'>Romanos.</span> 
     </span>
    </p>

    <p class='ocr_par' dir='ltr' id='par_1_14' title="bbox 124 3237 1503 3416">
     <span class='ocr_line' id='line_1_33' title="bbox 206 3237 1503 3324; baseline 0 -21"><span class='ocrx_word' id='word_1_265' title='bbox 206 3241 268 3303; x_wconf 80' lang='lat' dir='ltr'>Ex</span> <span class='ocrx_word' id='word_1_266' title='bbox 288 3239 390 3302; x_wconf 85' lang='lat' dir='ltr'>caede</span> <span class='ocrx_word' id='word_1_267' title='bbox 413 3239 623 3320; x_wconf 83' lang='lat' dir='ltr'>miserrima]</span> <span class='ocrx_word' id='word_1_268' title='bbox 658 3241 803 3322; x_wconf 88' lang='lat' dir='ltr'>Propter</span> <span class='ocrx_word' id='word_1_269' title='bbox 829 3237 984 3324; x_wconf 81' lang='lat' dir='ltr'>virginem</span> <span class='ocrx_word' id='word_1_270' title='bbox 1010 3237 1195 3316; x_wconf 83' lang='lat' dir='ltr'>Vestalem,</span> <span class='ocrx_word' id='word_1_271' title='bbox 1219 3259 1312 3322; x_wconf 88' lang='lat' dir='ltr'>quam</span> <span class='ocrx_word' id='word_1_272' title='bbox 1332 3257 1447 3303; x_wconf 82' lang='lat' dir='ltr'>corru-</span> <span class='ocrx_word' id='word_1_273' title='bbox 1501 3275 1503 3279; x_wconf 32' lang='grc' dir='ltr'><em>ν</em></span> 
     </span>
     <span class='ocr_line' id='line_1_34' title="bbox 124 3332 1455 3416; baseline 0.006 -24"><span class='ocrx_word' id='word_1_274' title='bbox 124 3341 216 3414; x_wconf 90' lang='lat' dir='ltr'>perat</span> <span class='ocrx_word' id='word_1_275' title='bbox 238 3332 420 3416; x_wconf 78' lang='lat' dir='ltr'>aliquando.</span> <span class='ocrx_word' id='word_1_276' title='bbox 1454 3396 1455 3400; x_wconf 75' lang='grc'><strong>,</strong></span> 
     </span>
    </p>

    <p class='ocr_par' dir='ltr' id='par_1_15' title="bbox 125 3422 1488 3600">
     <span class='ocr_line' id='line_1_35' title="bbox 210 3422 1445 3509; baseline -0.001 -20"><span class='ocrx_word' id='word_1_277' title='bbox 210 3426 375 3490; x_wconf 77' lang='lat' dir='ltr'>Inductus</span> <span class='ocrx_word' id='word_1_278' title='bbox 394 3449 418 3489; x_wconf 89' lang='lat' dir='ltr'>a</span> <span class='ocrx_word' id='word_1_279' title='bbox 438 3427 586 3509; x_wconf 84' lang='lat' dir='ltr'>vatibus]</span> <span class='ocrx_word' id='word_1_280' title='bbox 620 3425 731 3492; x_wconf 88' lang='lat' dir='ltr'>Noluit</span> <span class='ocrx_word' id='word_1_281' title='bbox 761 3422 868 3490; x_wconf 88' lang='lat' dir='ltr'>dicere</span> <span class='ocrx_word' id='word_1_282' title='bbox 897 3444 915 3487; x_wconf 91' lang='lat' dir='ltr'>a</span> <span class='ocrx_word' id='word_1_283' title='bbox 938 3424 1026 3488; x_wconf 88' lang='lat' dir='ltr'>libris</span> <span class='ocrx_word' id='word_1_284' title='bbox 1052 3425 1231 3502; x_wconf 92' lang='lat' dir='ltr'>Sibullinis,</span> <span class='ocrx_word' id='word_1_285' title='bbox 1261 3428 1317 3490; x_wconf 90' lang='lat' dir='ltr'>sed</span> <span class='ocrx_word' id='word_1_286' title='bbox 1339 3437 1445 3490; x_wconf 84' lang='lat' dir='ltr'>vatum</span> 
     </span>
     <span class='ocr_line' id='line_1_36' title="bbox 125 3515 1488 3600; baseline 0.006 -20"><span class='ocrx_word' id='word_1_287' title='bbox 125 3515 279 3580; x_wconf 88' lang='lat' dir='ltr'>insaniam</span> <span class='ocrx_word' id='word_1_288' title='bbox 302 3520 422 3600; x_wconf 90' lang='lat' dir='ltr'>posuit.</span> <span class='ocrx_word' id='word_1_289' title='bbox 1457 3537 1488 3588; x_wconf 75' lang='lat' dir='ltr'>tt</span> 
     </span>
    </p>

    <p class='ocr_par' dir='ltr' id='par_1_16' title="bbox 122 3611 1447 3880">
     <span class='ocr_line' id='line_1_37' title="bbox 211 3611 1447 3702; baseline 0.004 -26"><span class='ocrx_word' id='word_1_290' title='bbox 211 3611 295 3693; x_wconf 88' lang='lat' dir='ltr'>Cap.</span> <span class='ocrx_word' id='word_1_291' title='bbox 310 3613 359 3676; x_wconf 91' lang='lat' dir='ltr'>lt.</span> <span class='ocrx_word' id='word_1_292' title='bbox 372 3614 405 3677; x_wconf 84' lang='grc'>3.</span> <span class='ocrx_word' id='word_1_293' title='bbox 428 3617 564 3698; x_wconf 85' lang='lat' dir='ltr'>Quare,</span> <span class='ocrx_word' id='word_1_294' title='bbox 580 3619 619 3680; x_wconf 89' lang='lat' dir='ltr'>P.</span> <span class='ocrx_word' id='word_1_295' title='bbox 636 3617 695 3689; x_wconf 89' lang='lat' dir='ltr'>C.,</span> <span class='ocrx_word' id='word_1_296' title='bbox 710 3613 877 3677; x_wconf 77' lang='lat' dir='ltr'>considite</span> <span class='ocrx_word' id='word_1_297' title='bbox 890 3611 999 3691; x_wconf 81' lang='lat' dir='ltr'>vobis]</span> <span class='ocrx_word' id='word_1_298' title='bbox 1016 3654 1138 3678; x_wconf 89' lang='grc'><strong>.....</strong></span> <span class='ocrx_word' id='word_1_299' title='bbox 1155 3613 1304 3692; x_wconf 83' lang='lat' dir='ltr'>Deinde,</span> <span class='ocrx_word' id='word_1_300' title='bbox 1319 3615 1350 3680; x_wconf 86' lang='lat' dir='ltr'>si</span> <span class='ocrx_word' id='word_1_301' title='bbox 1364 3616 1447 3702; x_wconf 83' lang='lat' dir='ltr'>quid</span> 
     </span>
     <span class='ocr_line' id='line_1_38' title="bbox 123 3705 1447 3790; baseline 0.002 -19"><span class='ocrx_word' id='word_1_302' title='bbox 123 3706 300 3790; x_wconf 83' lang='lat' dir='ltr'>obtigerit.</span> <span class='ocrx_word' id='word_1_303' title='bbox 318 3705 491 3785; x_wconf 82' lang='lat' dir='ltr'>Quomodo</span> <span class='ocrx_word' id='word_1_304' title='bbox 504 3708 640 3771; x_wconf 89' lang='lat' dir='ltr'>ostendit</span> <span class='ocrx_word' id='word_1_305' title='bbox 655 3719 788 3771; x_wconf 92' lang='lat' dir='ltr'>mortem</span> <span class='ocrx_word' id='word_1_306' title='bbox 806 3730 870 3771; x_wconf 96' lang='lat' dir='ltr'>non</span> <span class='ocrx_word' id='word_1_307' title='bbox 885 3728 953 3770; x_wconf 89' lang='lat' dir='ltr'>esse</span> <span class='ocrx_word' id='word_1_308' title='bbox 971 3707 1131 3790; x_wconf 85' lang='lat' dir='ltr'>poenam?</span> <span class='ocrx_word' id='word_1_309' title='bbox 1154 3710 1228 3772; x_wconf 89' lang='lat' dir='ltr'>Non</span> <span class='ocrx_word' id='word_1_310' title='bbox 1250 3731 1319 3772; x_wconf 89' lang='lat' dir='ltr'>esse</span> <span class='ocrx_word' id='word_1_311' title='bbox 1334 3713 1447 3773; x_wconf 80' lang='lat' dir='ltr'>erarde-</span> 
     </span>
     <span class='ocr_line' id='line_1_39' title="bbox 122 3799 1396 3880; baseline 0.002 -16"><span class='ocrx_word' id='word_1_312' title='bbox 122 3799 204 3875; x_wconf 90' lang='lat' dir='ltr'>lem,</span> <span class='ocrx_word' id='word_1_313' title='bbox 229 3801 253 3873; x_wconf 91' lang='lat'>†</span> <span class='ocrx_word' id='word_1_314' title='bbox 276 3802 539 3880; x_wconf 88' lang='lat' dir='ltr'>quemadmodum</span> <span class='ocrx_word' id='word_1_315' title='bbox 562 3802 649 3864; x_wconf 88' lang='lat' dir='ltr'>venit</span> <span class='ocrx_word' id='word_1_316' title='bbox 672 3823 735 3865; x_wconf 95' lang='lat' dir='ltr'>non</span> <span class='ocrx_word' id='word_1_317' title='bbox 757 3822 826 3864; x_wconf 88' lang='lat' dir='ltr'>esse</span> <span class='ocrx_word' id='word_1_318' title='bbox 848 3801 1006 3863; x_wconf 89' lang='lat' dir='ltr'>crudelem</span> <span class='ocrx_word' id='word_1_319' title='bbox 1028 3801 1211 3864; x_wconf 88' lang='lat' dir='ltr'>sententiam</span> <span class='ocrx_word' id='word_1_320' title='bbox 1234 3800 1396 3867; x_wconf 89' lang='lat' dir='ltr'>Caesaris.</span> 
     </span>
    </p>

    <p class='ocr_par' dir='ltr' id='par_1_17' title="bbox 122 3888 1490 4144">
     <span class='ocr_line' id='line_1_40' title="bbox 207 3888 1443 3978; baseline 0.002 -21"><span class='ocrx_word' id='word_1_321' title='bbox 207 3895 307 3957; x_wconf 82' lang='lat' dir='ltr'>Stant</span> <span class='ocrx_word' id='word_1_322' title='bbox 328 3893 365 3956; x_wconf 89' lang='lat' dir='ltr'>in</span> <span class='ocrx_word' id='word_1_323' title='bbox 386 3896 582 3977; x_wconf 87' lang='lat' dir='ltr'>conspectu]</span> <span class='ocrx_word' id='word_1_324' title='bbox 619 3896 751 3956; x_wconf 90' lang='lat' dir='ltr'>Stabant</span> <span class='ocrx_word' id='word_1_325' title='bbox 773 3888 883 3959; x_wconf 88' lang='lat' dir='ltr'>omnes</span> <span class='ocrx_word' id='word_1_326' title='bbox 906 3906 978 3957; x_wconf 90' lang='lat' dir='ltr'>ante</span> <span class='ocrx_word' id='word_1_327' title='bbox 1000 3896 1113 3959; x_wconf 91' lang='lat' dir='ltr'>oculos</span> <span class='ocrx_word' id='word_1_328' title='bbox 1135 3894 1234 3978; x_wconf 90' lang='lat' dir='ltr'>ipsius</span> <span class='ocrx_word' id='word_1_329' title='bbox 1255 3908 1288 3959; x_wconf 92' lang='lat' dir='ltr'>et</span> <span class='ocrx_word' id='word_1_330' title='bbox 1309 3897 1443 3972; x_wconf 85' lang='lat' dir='ltr'>flebant,</span> 
     </span>
     <span class='ocr_line' id='line_1_41' title="bbox 125 3986 1490 4071; baseline 0.002 -22"><span class='ocrx_word' id='word_1_331' title='bbox 125 4007 226 4071; x_wconf 84' lang='lat' dir='ltr'>gener</span> <span class='ocrx_word' id='word_1_332' title='bbox 262 3988 361 4063; x_wconf 88' lang='lat' dir='ltr'>Piso,</span> <span class='ocrx_word' id='word_1_333' title='bbox 402 3987 505 4051; x_wconf 81' lang='lat' dir='ltr'>irater</span> <span class='ocrx_word' id='word_1_334' title='bbox 537 3988 674 4068; x_wconf 83' lang='lat' dir='ltr'>Quintus</span> <span class='ocrx_word' id='word_1_335' title='bbox 706 3987 843 4065; x_wconf 86' lang='lat' dir='ltr'>Cicero,</span> <span class='ocrx_word' id='word_1_336' title='bbox 879 3986 1032 4052; x_wconf 84' lang='lat' dir='ltr'>Terentia</span> <span class='ocrx_word' id='word_1_337' title='bbox 1068 4009 1172 4066; x_wconf 86' lang='lat' dir='ltr'>uxor,</span> <span class='ocrx_word' id='word_1_338' title='bbox 1213 3988 1278 4053; x_wconf 83' lang='lat' dir='ltr'>filia</span> <span class='ocrx_word' id='word_1_339' title='bbox 1311 3989 1490 4069; x_wconf 77' lang='lat' dir='ltr'>Tullia,a0</span> 
     </span>
     <span class='ocr_line' id='line_1_42' title="bbox 122 4078 362 4144; baseline 0.008 -2"><span class='ocrx_word' id='word_1_340' title='bbox 122 4079 209 4143; x_wconf 79' lang='lat' dir='ltr'>illius</span> <span class='ocrx_word' id='word_1_341' title='bbox 231 4078 362 4144; x_wconf 89' lang='lat' dir='ltr'>Cicero.</span> 
     </span>
    </p>

    <p class='ocr_par' dir='ltr' id='par_1_18' title="bbox 209 4173 1256 4258">
     <span class='ocr_line' id='line_1_43' title="bbox 209 4173 1256 4258; baseline 0.001 -22"><span class='ocrx_word' id='word_1_342' title='bbox 209 4176 241 4237; x_wconf 92' lang='grc'><strong>1.</strong></span> <span class='ocrx_word' id='word_1_343' title='bbox 263 4177 395 4258; x_wconf 86' lang='lat' dir='ltr'>Quare,</span> <span class='ocrx_word' id='word_1_344' title='bbox 419 4178 458 4239; x_wconf 89' lang='lat' dir='ltr'>P.</span> <span class='ocrx_word' id='word_1_345' title='bbox 482 4177 539 4250; x_wconf 89' lang='lat' dir='ltr'>C.‚</span> <span class='ocrx_word' id='word_1_346' title='bbox 563 4174 760 4254; x_wconf 83' lang='lat' dir='ltr'>incumbite]</span> <span class='ocrx_word' id='word_1_347' title='bbox 784 4173 967 4237; x_wconf 88' lang='lat' dir='ltr'>Translatio</span> <span class='ocrx_word' id='word_1_348' title='bbox 990 4174 1256 4256; x_wconf 78' lang='lat' dir='ltr'>gubernatorum.</span> 
     </span>
    </p>

    <p class='ocr_par' dir='ltr' id='par_1_19' title="bbox 206 4265 1442 4353">
     <span class='ocr_line' id='line_1_44' title="bbox 206 4265 1442 4353; baseline -0.005 -16"><span class='ocrx_word' id='word_1_349' title='bbox 206 4273 290 4337; x_wconf 88' lang='lat' dir='ltr'>Non</span> <span class='ocrx_word' id='word_1_350' title='bbox 314 4270 476 4334; x_wconf 79' lang='lat' dir='ltr'>Tiberius</span> <span class='ocrx_word' id='word_1_351' title='bbox 497 4267 687 4350; x_wconf 80' lang='lat' dir='ltr'>Graecinus]</span> <span class='ocrx_word' id='word_1_352' title='bbox 725 4267 861 4332; x_wconf 87' lang='lat' dir='ltr'>Nomina</span> <span class='ocrx_word' id='word_1_353' title='bbox 890 4267 1035 4342; x_wconf 90' lang='lat' dir='ltr'>illorum,</span> <span class='ocrx_word' id='word_1_354' title='bbox 1068 4267 1123 4353; x_wconf 80' lang='lat' dir='ltr'>qrri</span> <span class='ocrx_word' id='word_1_355' title='bbox 1145 4268 1214 4332; x_wconf 91' lang='lat' dir='ltr'>iure</span> <span class='ocrx_word' id='word_1_356' title='bbox 1236 4265 1336 4332; x_wconf 88' lang='lat' dir='ltr'>occisi</span> <span class='ocrx_word' id='word_1_357' title='bbox 1357 4278 1442 4331; x_wconf 76' lang='lat' dir='ltr'>stent.</span> 
     </span>
    </p>
   </div>
   <div class='ocr_carea' id='block_1_3' title="bbox 121 4509 1449 4737">
    <p class='ocr_par' dir='ltr' id='par_1_20' title="bbox 121 4509 1449 4737">
     <span class='ocr_line' id='line_1_45' title="bbox 198 4509 1449 4586; baseline -0.002 -18"><span class='ocrx_word' id='word_1_358' title='bbox 198 4518 224 4573; x_wconf 74' lang='grc'>5.</span> <span class='ocrx_word' id='word_1_359' title='bbox 244 4515 398 4568; x_wconf 75' lang='lat' dir='ltr'>Caesaris?</span> <span class='ocrx_word' id='word_1_360' title='bbox 437 4517 482 4572; x_wconf 76' lang='lat'>23.</span> <span class='ocrx_word' id='word_1_361' title='bbox 498 4512 664 4586; x_wconf 76' lang='lat' dir='ltr'>praetoria?</span> <span class='ocrx_word' id='word_1_362' title='bbox 702 4517 747 4572; x_wconf 79' lang='grc'>28.</span> <span class='ocrx_word' id='word_1_363' title='bbox 767 4513 918 4578; x_wconf 72' lang='lat' dir='ltr'>,Pertinet</span> <span class='ocrx_word' id='word_1_364' title='bbox 936 4511 1008 4566; x_wconf 89' lang='lat' dir='ltr'>baec</span> <span class='ocrx_word' id='word_1_365' title='bbox 1029 4509 1174 4565; x_wconf 82' lang='lat' dir='ltr'>adnotatio</span> <span class='ocrx_word' id='word_1_366' title='bbox 1187 4512 1221 4564; x_wconf 90' lang='lat' dir='ltr'>ad</span> <span class='ocrx_word' id='word_1_367' title='bbox 1236 4513 1257 4565; x_wconf 92' lang='lat' dir='ltr'>l.</span> <span class='ocrx_word' id='word_1_368' title='bbox 1271 4509 1317 4570; x_wconf 81' lang='grc'><strong>1.”</strong></span> <span class='ocrx_word' id='word_1_369' title='bbox 1337 4513 1449 4568; x_wconf 78' lang='lat' dir='ltr'>Gener.</span> 
     </span>
     <span class='ocr_line' id='line_1_46' title="bbox 121 4585 1448 4661; baseline -0.001 -20"><span class='ocrx_word' id='word_1_370' title='bbox 121 4595 169 4651; x_wconf 73' lang='lat'>50.</span> <span class='ocrx_word' id='word_1_371' title='bbox 185 4591 264 4661; x_wconf 76' lang='lat' dir='ltr'>pleae]</span> <span class='ocrx_word' id='word_1_372' title='bbox 284 4592 321 4646; x_wconf 88' lang='lat' dir='ltr'>G.</span> <span class='ocrx_word' id='word_1_373' title='bbox 351 4619 389 4635; x_wconf 89' lang='lat'><em>-</em></span> <span class='ocrx_word' id='word_1_374' title='bbox 414 4590 510 4661; x_wconf 73' lang='lat' dir='ltr'>pierres</span> <span class='ocrx_word' id='word_1_375' title='bbox 536 4604 667 4661; x_wconf 86' lang='lat' dir='ltr'>corrupte</span> <span class='ocrx_word' id='word_1_376' title='bbox 694 4589 745 4643; x_wconf 87' lang='lat' dir='ltr'>Gr.</span> <span class='ocrx_word' id='word_1_377' title='bbox 783 4590 829 4646; x_wconf 75' lang='lat'>56.</span> <span class='ocrx_word' id='word_1_378' title='bbox 850 4585 977 4652; x_wconf 69' lang='lat' dir='ltr'>,Conier</span> <span class='ocrx_word' id='word_1_379' title='bbox 997 4585 1030 4638; x_wconf 91' lang='lat' dir='ltr'>ad</span> <span class='ocrx_word' id='word_1_380' title='bbox 1053 4587 1107 4640; x_wconf 90' lang='lat' dir='ltr'>lll.</span> <span class='ocrx_word' id='word_1_381' title='bbox 1129 4590 1155 4643; x_wconf 88' lang='grc'><strong>1.</strong></span> <span class='ocrx_word' id='word_1_382' title='bbox 1175 4603 1243 4658; x_wconf 86' lang='lat' dir='ltr'>qaae</span> <span class='ocrx_word' id='word_1_383' title='bbox 1264 4586 1448 4640; x_wconf 75' lang='lat' dir='ltr'>noraatmua.”</span> 
     </span>
     <span class='ocr_line' id='line_1_47' title="bbox 122 4661 1449 4737; baseline -0.005 -15"><span class='ocrx_word' id='word_1_384' title='bbox 122 4665 237 4722; x_wconf 76' lang='lat' dir='ltr'>Gener.</span> <span class='ocrx_word' id='word_1_385' title='bbox 274 4669 320 4726; x_wconf 77' lang='lat'>59.</span> <span class='ocrx_word' id='word_1_386' title='bbox 340 4667 400 4719; x_wconf 84' lang='lat' dir='ltr'>Hoc</span> <span class='ocrx_word' id='word_1_387' title='bbox 417 4663 475 4718; x_wconf 86' lang='lat' dir='ltr'>lere</span> <span class='ocrx_word' id='word_1_388' title='bbox 496 4663 566 4718; x_wconf 78' lang='lat' dir='ltr'>vult:</span> <span class='ocrx_word' id='word_1_389' title='bbox 587 4682 643 4716; x_wconf 83' lang='lat' dir='ltr'>non</span> <span class='ocrx_word' id='word_1_390' title='bbox 662 4680 721 4715; x_wconf 86' lang='lat' dir='ltr'>esse</span> <span class='ocrx_word' id='word_1_391' title='bbox 740 4661 878 4715; x_wconf 80' lang='lat' dir='ltr'>crudelem</span> <span class='ocrx_word' id='word_1_392' title='bbox 898 4661 1126 4732; x_wconf 74' lang='lat' dir='ltr'>quaemadmodum</span> <span class='ocrx_word' id='word_1_393' title='bbox 1145 4661 1296 4723; x_wconf 68' lang='lat' dir='ltr'>videatur,</span> <span class='ocrx_word' id='word_1_394' title='bbox 1315 4679 1373 4714; x_wconf 84' lang='lat' dir='ltr'>ease</span> <span class='ocrx_word' id='word_1_395' title='bbox 1385 4667 1449 4737; x_wconf 82' lang='lat' dir='ltr'>(po-</span> 
     </span>
    </p>
   </div>
   <div class='ocr_carea' id='block_1_4' title="bbox 124 4737 1095 4809">
    <p class='ocr_par' dir='ltr' id='par_1_21' title="bbox 124 4737 1095 4809">
     <span class='ocr_line' id='line_1_48' title="bbox 124 4737 1095 4809; baseline 0 -17"><span class='ocrx_word' id='word_1_396' title='bbox 124 4744 193 4809; x_wconf 85' lang='lat' dir='ltr'>stne)</span> <span class='ocrx_word' id='word_1_397' title='bbox 212 4741 352 4794; x_wconf 80' lang='lat' dir='ltr'>crudelem</span> <span class='ocrx_word' id='word_1_398' title='bbox 370 4745 541 4795; x_wconf 75' lang='lat' dir='ltr'>assumtam</span> <span class='ocrx_word' id='word_1_399' title='bbox 559 4742 701 4795; x_wconf 65' lang='lat' dir='ltr'>Comaru.</span> <span class='ocrx_word' id='word_1_400' title='bbox 739 4741 787 4798; x_wconf 86' lang='grc'><strong>10.</strong></span> <span class='ocrx_word' id='word_1_401' title='bbox 809 4737 886 4792; x_wconf 79' lang='lat' dir='ltr'>Cic:</span> <span class='ocrx_word' id='word_1_402' title='bbox 902 4741 1002 4792; x_wconf 85' lang='lat' dir='ltr'>adstat</span> <span class='ocrx_word' id='word_1_403' title='bbox 1021 4741 1053 4792; x_wconf 85' lang='lat' dir='ltr'>a&#39;n</span> <span class='ocrx_word' id='word_1_404' title='bbox 1071 4754 1095 4792; x_wconf 86' lang='lat' dir='ltr'>a.</span> 
     </span>
    </p>
   </div>
   <div class='ocr_carea' id='block_1_5' title="bbox 0 0 1614 5280">
    <p class='ocr_par' dir='ltr' id='par_1_22' title="bbox 0 0 1614 5280">
     <span class='ocr_line' id='line_1_49' title="bbox 0 0 1614 5280; baseline 0 0"><span class='ocrx_word' id='word_1_405' title='bbox 0 0 1614 5280; x_wconf 95' lang='lat' dir='ltr'> </span> 
     </span>
    </p>
   </div>
  </div>
 </body>
</html>
