3210 5280
560 240 607 303 tn
631 238 992 305 conunctsttatt.
1030 215 1034 222 ’
1387 243 1428 306 at

206 375 360 460 Sequenti
384 375 494 443 uiuae
516 399 618 451 anuo,
649 381 710 443 Μ’.
736 379 876 459 Lepido,
905 381 945 442 t..
965 378 1117 443 Volcatio
1139 379 1338 455 consulibus,
1363 401 1428 464 qtto

117 492 204 534 anno
227 482 360 551 praetor
381 471 499 535 Cicero
524 472 601 544 l'uit,
639 493 726 535 reum
760 471 943 536 Cornelium
967 476 1030 536 duo
1056 475 1168 536 iratres
1198 474 1333 538 Cominii
1357 475 1427 553 lege

118 564 274 629 Cornelia
304 564 343 626 de
368 563 527 627 tttaiestate
554 564 711 628 iecerunt.
765 567 887 630 Detulit
920 587 1032 630 uotuen
1057 567 1207 642 Pt'tblius,
1242 568 1428 648 subscripsit

118 659 233 724 Caius.
278 659 321 722 Et
344 681 413 722 curu
436 659 477 723 Ρ.
505 658 634 724 Cassius
659 671 791 741 praetor
819 659 939 720 decituo
962 659 1030 735 die,
1064 671 1098 722 ut
1128 682 1196 724 tuus
1221 672 1288 736 est,
1323 665 1485 730 adessem]

116 753 282 827 ittssisset,
315 773 419 834 eoque
451 752 500 815 die
524 752 591 834 ipse
620 774 683 816 nou
709 751 868 824 alittisset,
899 772 955 814 sett
985 765 1136 816 avocatus
1157 765 1291 834 propter
1311 752 1454 834 pttblici⁶

116 846 269 911 lrutnenti
292 866 416 920 otnant,
440 866 494 909 seu
514 846 695 929 gratificans
717 865 793 917 reo,
815 843 1020 907 circtuuveuti
1041 858 1113 907 sunt
1129 858 1198 909 aute
1214 848 1348 911 tribunal
1363 849 1428 910 eius

118 951 324 1001 accusatores
347 958 365 999 a
388 937 470 1003 notis
492 959 661 1019 operarum
684 937 832 1012 ducibus,
858 939 897 999 ita
922 949 954 1001 ut
970 957 1055 1001 mors
1070 938 1292 1014 intentaretur,
1315 941 1341 1003 si
1356 962 1431 1003 mox

120 1053 187 1095 stou
210 1033 409 1094 desisterent.
453 1032 556 1111 Quam
582 1030 750 1112 perniciem
774 1031 828 1092 vix
852 1032 1029 1113 effugerunt
1052 1030 1227 1093 interventu
1253 1033 1427 1108 consulunt,

118 1128 176 1208 qui
203 1127 352 1188 advocati
383 1146 438 1188 reo
472 1127 708 1187 descenderant.
760 1126 803 1188 Et
832 1145 901 1187 curu
932 1122 964 1185 iu
991 1123 1090 1207 scalas
1116 1127 1264 1207 quasdam
1293 1125 1430 1189 Cominii

117 1219 297 1301 fugissent,
321 1219 416 1281 clausi
439 1219 469 1281 itt
491 1231 615 1280 noctem
636 1216 680 1280 ibi
701 1239 735 1280 se
757 1219 1012 1292 occultaverttut;
1035 1218 1144 1283 deinde
1168 1242 1223 1300 per
1246 1231 1326 1283 tecta
1353 1220 1471 1284 vici-tt

119 1335 230 1375 narum
253 1313 374 1376 aedium
398 1313 611 1394 profugerunt
640 1333 680 1373 eu
710 1315 800 1373 ttrlse.
852 1313 990 1375 Postero
1020 1312 1089 1385 die,
1127 1335 1194 1374 cttttt
1230 1315 1271 1377 P.
1301 1312 1429 1377 Cassius

118 1406 307 1478 assedisset,
332 1417 365 1468 et
385 1405 470 1467 citati
492 1416 690 1469 accusatores
704 1426 779 1477 ¹nou
801 1408 959 1479 adessent,
982 1416 1159 1486 exernptum
1183 1427 1294 1470 numen
1320 1420 1366 1469 est
1388 1410 1427 1469 de

119 1497 185 1559 reis
208 1496 365 1561 Cornelii.
423 1497 558 1563 Cominii
587 1510 688 1560 autern
718 1519 828 1583 magua
862 1498 987 1561 infantia
1015 1498 1231 1580 flagraverunt
1253 1500 1428 1562 vendidisse

119 1590 276 1653 silentium
301 1612 410 1674 taragna
432 1590 576 1671 pecunia.

207 1684 369 1767 Sequente
390 1686 499 1747 deinde
524 1705 623 1757 anuo,
655 1684 698 1745 1..
722 1681 837 1756 Cotta,
872 1685 914 1746 L.
939 1686 1106 1769 Torquato
1128 1687 1324 1761 consulibus,
1366 1704 1471 1766 quoti

120 1775 201 1837 haec
224 1776 329 1842 oratio
351 1797 369 1838 a
393 1776 550 1840 Cicerone
571 1775 733 1858 praetorio
756 1778 836 1839 dicta
852 1773 932 1854 est,
967 1800 1035 1842 cuut
1059 1781 1160 1861 prima
1181 1801 1254 1861 pars
1278 1783 1330 1843 M.
1354 1783 1427 1843 Ma·

215 2032 241 2081 1.
261 2028 316 2080 Μ’.
337 2027 450 2097 Lepido]
485 2028 561 2082 Man.
582 2027 675 2101 Sigon.
694 2058 731 2071 -
750 2033 793 2087 M.
814 2030 916 2103 Lepido
935 2035 1031 2087 ceteri.

215 2105 243 2160 5.
262 2102 436 2173 subscripsit]
462 2108 575 2174 scripsit
595 2105 684 2158 Ptine.

217 2178 245 2232 4.
264 2179 363 2247 Gaius]
398 2179 444 2230 Sic
471 2177 502 2251 (i.
522 2197 546 2233 e.
566 2176 609 2251 C.)
629 2181 707 2232 editt.
730 2182 840 2231 Asconii
871 2197 976 2233 omnes.
1015 2178 1067 2234 sei
1094 2177 1162 2253 apud
1190 2179 1351 2233 Ciceronem
1379 2199 1429 2253 pro

121 2255 156 2307 Δ.
176 2252 306 2306 Cluentio
326 2254 350 2319 i.
375 2260 432 2310 too.
453 2251 554 2306 dicitnr
572 2253 687 2314 Lucius,·
706 2253 777 2322 qnod
798 2251 921 2308 fortassis
935 2271 991 2308 erat
1007 2255 1203 2327 recipiendum,
1224 2274 1305 2326 quum
1320 2261 1347 2308 in
1363 2256 1429 2310 edit.

120 2330 217 2381 i’rine.
238 2327 309 2380 ltaud
330 2345 390 2380 raro
410 2329 478 2381 haee
496 2334 672 2401 praenomina
691 2327 737 2454 50.
756 2344 782 2381 et
801 2328 846 2394 L.)
866 2339 920 2383 siut
941 2329 1067 2383 conluta:
1098 2348 1127 2383 ut
1148 2338 1174 2381 in
1196 2333 1247 2382 troc
1267 2332 1362 2383 eodetn
1382 2346 1429 2382 ar-

120 2417 255 2472 gumento
284 2418 366 2473 supra
395 2401 517 2456 exhibuit
545 2403 577 2456 L.
603 2405 690 2456 Corne
702 2409 745 2453 ius
770 2419 797 2456 et
817 2403 849 2458 L.
876 2405 939 2456 Piso
965 2422 1013 2477 pro
1038 2405 1069 2458 C.
1090 2405 1231 2457 Cornelius
1249 2421 1276 2457 et
1297 2405 1327 2458 C.
1349 2405 1423 2458 Piso.

122 2475 250 2531 similem
270 2475 460 2530 confusionem
486 2484 692 2550 praenominum
719 2479 818 2539 Lucius
845 2495 871 2532 et
900 2481 1000 2532 Curius
1029 2481 1173 2551 aliquoties
1201 2478 1427 2551 deprehendimus

121 2557 153 2605 in
173 2557 374 2606 commentario
394 2552 426 2603 sd
447 2552 644 2619 Miloniauam,
666 2571 691 2608 et
713 2559 743 2607 in
761 2555 815 2606 hoc
835 2558 895 2627 ipso
915 2571 1091 2626 argumento,
1111 2575 1138 2627 p.
1157 2555 1203 2612 91.
1223 2555 1287 2608 llot.

201 2626 272 2681 ibid.
292 2627 330 2679 Et
348 2646 407 2679 eum
428 2627 473 2697 P.]
503 2636 540 2680 et.
561 2628 591 2684 Ρ.
613 2633 704 2683 Ptine.
722 2652 759 2668 -
777 2638 805 2679 et
823 2647 883 2682 ctam
902 2630 933 2683 1..
953 2632 1030 2684 Man.
1051 2631 1145 2703 Sigon.

202 2700 272 2756 ibid.
288 2706 418 2773 praetor]
438 2703 573 2757 Ferrarius
592 2704 679 2776 Epist.
700 2705 721 2758 l.
742 2711 768 2762 7.
786 2702 930 2773 legendum
970 2709 1092 2775 reposuit
1111 2701 1261 2775 quaesitor.

217 2782 245 2834 8.
261 2783 410 2849 perniciem
429 2785 481 2830 aix
500 2774 673 2850 effugerunt]
689 2783 837 2850 pernitiem
855 2785 907 2830 vis:
926 2725 1095 2849 effugierunt
1114 2781 1206 2833 Ptine.

215 2856 242 2911 9.
262 2854 322 2920 reo]
343 2858 384 2903 rei
404 2853 484 2906 Creu.
504 2855 603 2908 Graes.
789 2861 832 2908 to.
852 2857 948 2922 clarui]
969 2857 1063 2907 clattso
1082 2857 1126 2908 Pri
1134 2871 1178 2908 ac.
1201 2854 1261 2909 did.

200 2934 231 2983 11
264 2928 373 2979 aedium
389 2930 594 3000 profugerunt]
623 2929 712 2980 edium
729 2927 930 2998 projisgt‘eruut
949 2930 1042 2984 Ptine.

199 3000 273 3055 ibid.
293 3001 324 3054 P.
348 3003 473 3071 Cassius]
496 3004 526 3056 L.
546 3006 660 3056 Cassius
679 3005 754 3055 Man.
775 3010 867 3075 algon.

200 3077 245 3132 14.
263 3094 371 3145 magna
395 3077 518 3148 infamia
535 3080 739 3149 flagraverunt
762 3078 920 3131 vendidisse
944 3080 1098 3149 silentium]
1127 3081 1245 3147 „ilarius
1275 3082 1359 3132 uisum
1388 3095 1429 3133 est

123 3149 256 3222 loquendi
277 3169 377 3224 genus,
390 3172 450 3227 ⁸quo
470 3171 533 3206 usus
552 3170 591 3207 est
613 3153 740 3207 lentulus
760 3152 803 3226 (in
822 3154 881 3207 Cic.
901 3155 969 3226 Epp.
990 3154 1022 3206 ad
1043 3155 1428 3226 Fam.)lll.15·postmed.)

124 3233 314 3295 magistratus
331 3230 479 3279 veniebant
497 3233 526 3278 in
545 3234 722 3298 suspicionem
740 3227 891 3280 detinuisse
908 3247 927 3280 u
947 3248 958 3280 s
977 3238 1005 3281 et
1017 3230 1156 3281 demorati
1168 3247 1226 3280 esse
1232 3249 1243 3289 ,·
1262 3245 1429 3300 quamquam

124 3301 291 3355 infinitivum
317 3316 408 3355 tuetur
435 3303 577 3356 Ciceronis
603 3308 678 3356 locus
707 3309 748 3366 (in
768 3304 842 3356 Vetr.
865 3305 910 3357 lV.
928 3247 979 3362 15.
1000 3310 1058 3370 to.)
1087 3322 1167 3374 qrttsm
1196 3310 1225 3354 in
1250 3310 1429 3373 stupicionem

123 3383 266 3428 venissent
284 3382 343 3426 suis
360 3377 466 3428 civibus
476 3376 583 3447 fanum
602 3378 740 3449 expilasse
766 3379 919 3450 Apollinis,
947 3384 1146 3432 nominativum
1173 3385 1243 3432 ratio
1266 3378 1429 3439 locutionis;

124 3467 166 3503 est
187 3456 262 3502 enim
282 3451 389 3509 crerier.
428 3453 480 3505 Sed
499 3452 594 3505 eodem
623 3453 705 3505 modo
733 3458 863 3506 Asconius
884 3458 911 3506 in
931 3469 1035 3525 argum.
1057 3455 1118 3507 Mil.
1139 3473 1166 3527 p.
1188 3453 1249 3512 146.
1287 3454 1431 3525 Pompeius

126 3534 153 3576 et
171 3527 321 3577 Sallustius
337 3532 368 3577 in
385 3534 542 3597 suspicione
553 3526 678 3597 fuerunt
695 3533 726 3579 iu
743 3534 870 3596 gratiam
882 3528 984 3580 redisse
996 3547 1056 3580 cum
1067 3530 1184 3583 Milone.
1223 3527 1298 3583 Adde
1317 3533 1429 3584 Sueten.

126 3599 176 3652 lul.
197 3604 226 3656 9.
245 3600 337 3654 Tiber.
364 3610 405 3658 12.
452 3602 504 3655 Sed
524 3603 602 3675 plane
621 3603 741 3656 eiusdem
761 3608 875 3656 rationis
895 3619 935 3656 est
955 3604 1058 3656 locutio
1076 3602 1199 3674 iufamia
1210 3605 1311 3674 flagro
1321 3604 1431 3673 jecisse

125 3690 153 3728 st
171 3673 292 3744 infamis
308 3694 368 3726 sum
378 3675 503 3747 fecisse,·
525 3678 591 3730 illud
612 3683 744 3732 Asconius
763 3679 831 3731 dixit
851 3684 879 3730 in
899 3694 1005 3750 argum.
1026 3679 1109 3733 Corn.
1130 3698 1154 3750 ρ.
1174 3683 1219 3738 93·
1241 3683 1272 3745 [i.
1291 3697 1315 3732 e.
1336 3694 1430 3732 nostro

127 3748 220 3818 loeo],
250 3752 303 3803 hoc
331 3757 387 3822 ipse
408 3753 527 3807 Asconio
554 3757 633 3806 unius
661 3754 755 3806 literne
774 3753 943 3811 detractione
964 3759 1069 3807 restitut
1091 3758 1129 3826 [p.
1151 3753 1225 3825 119]
1263 3756 1430 3807 Coniunctis

127 3824 195 3893 haee
215 3824 343 3878 infinitivi
364 3845 427 3879 curn
447 3828 632 3882 locutionibus
654 3833 765 3901 passivis
786 3830 946 3882 brevitatem
966 3829 1061 3889 haben
1087 3834 1178 3900 itaque
1197 3827 1267 3900 apud
1287 3844 1429 3898 argenteae

128 3906 224 3953 aetatis
243 3906 392 3972 scriptores
413 3908 440 3955 iu
460 3909 494 3956 iit
513 3909 596 3957 etiarn
617 3905 705 3956 serbis
726 3908 754 3956 in
773 3922 824 3957 nstt
843 3921 901 3968 est,
933 3921 1001 3974 quae
1020 3905 1089 3976 apud
1111 3909 1278 3975 antiquiores
1298 3921 1351 3956 non
1372 3901 1428 3956 lere

128 3981 233 4047 passive
252 3975 424 4048 ponebantur
442 3983 495 4031 nisi
517 3979 750 4045 impersonaliter:
770 3983 811 4031 sic
830 3979 901 4049 apud
921 3980 1009 4033 Tacit.
1028 3989 1168 4049 stupratus
1186 3981 1302 4031 consilia
1320 3977 1429 4045 fovisse

129 4051 197 4102 illst.
220 4049 308 4106 1.46.
328 4067 354 4104 et
375 4053 423 4110 lli.
446 4058 489 4111 55.
514 4063 655 4124 suspectus
673 4056 771 4105 betleem
791 4056 893 4114 mallee
920 4053 991 4127 sputi
1010 4054 1126 4107 eundem
1147 4056 1218 4109 llist.
1240 4058 1261 4108 Ι.
1281 4059 1325 4111 tt.
1351 4072 1429 4107 cour-

123 4134 223 4193 pertus
240 4133 395 4184 avertisses
424 4127 517 4180 durius
544 4147 571 4182 et
596 4129 674 4199 plane
699 4147 731 4182 es
757 4128 847 4181 Taciti
867 4148 943 4183 more
963 4134 1034 4184 dnn.
1057 4128 1138 4184 xiii.
1156 4134 1201 4188 35.
1227 4128 1429 4199 adnotatusque

128 4202 204 4250 miles
222 4228 259 4241 —
278 4206 321 4251 ita
335 4208 528 4271 praeriguisse
548 4223 645 4256 manus
664 4221 718 4258 cet.
740 4202 788 4256 sed
806 4223 839 4256 ne
853 4204 1039 4276 illudquitlem
1054 4206 1152 4257 Cicero
1166 4208 1336 4277 scripsisset,
1357 4202 1429 4275 quod

127 4291 167 4327 est
187 4274 258 4326 Hist.
280 4275 325 4327 lV.
345 4283 390 4331 «10.
406 4286 553 4348 postquam
571 4286 700 4349 cognitus
712 4289 755 4330 est
775 4308 810 4322 -
829 4278 1003 4349 confugisse,
1026 4284 1077 4332 etsi
1092 4280 1184 4333 Ovidii
1200 4296 1226 4333 et
1241 4281 1309 4331 Liuii
1323 4279 1428 4331 similia

127 4365 197 4401 sunt.
238 4349 337 4401 lisdem
350 4369 389 4403 est
405 4359 502 4425 passivi
523 4356 702 4425 personaliter
721 4358 804 4427 positi
825 4360 895 4408 ratio
915 4354 984 4426 apud
1004 4354 1133 4409 Ovidium
1154 4359 1183 4408 itt
1202 4352 1363 4426 dtrbit0(au
1377 4353 1429 4404 dea

127 4430 194 4487 3141.
212 4423 351 4491 debitor),
384 4428 491 4500 longius
517 4445 609 4482 tamen
629 4447 784 4502 progressus
804 4431 892 4483 Tacit.
912 4435 984 4484 dnn.
1007 4431 1076 4483 xit.
1099 4437 1125 4489 7.
1144 4450 1176 4482 ne
1195 4439 1293 4482 auctor
1313 4429 1430 4479 ‹liabita-

128 4508 221 4559 retur,
240 4502 336 4553 eodem
358 4502 440 4555 modo
461 4504 533 4558 idem
546 4505 615 4558 dixit
629 4510 710 4571 (Anu.
726 4505 775 4559 Xl.
788 4509 844 4570 29.)
883 4507 1032 4567 Callistus,
1050 4505 1116 4558 attii
1127 4514 1277 4569 narratus,
1297 4520 1324 4557 et
1345 4508 1426 4569 (Aua.

128 4575 193 4628 itti.
214 4573 272 4641 49.)
291 4594 325 4626 na
344 4584 449 4630 caeteri
467 4598 504 4632 ea
523 4578 638 4647 Peligna
657 4581 906 4634 coniectarentur.'¹
934 4579 1053 4635 MADV.

202 4654 245 4709 16.
264 4668 284 4702 a
311 4652 441 4706 Cicerone
463 4660 621 4726 praetorio]
662 4656 799 4727 Sigonius.
832 4686 870 4701 -
902 4678 920 4710 a
949 4658 1083 4710 Cicerone
1106 4665 1239 4728 praetore
1269 4659 1364 4710 ceteri.
1393 4682 1430 4701 -ι

128 4722 294 4794 ,abundare
314 4729 419 4782 ridetur
434 4739 564 4800 praetore
575 4752 585 4789 ,·
604 4747 665 4783 natu
686 4732 783 4784 Cicero
804 4748 911 4804 praetor
930 4732 983 4787 fuit
1004 4732 1105 4803 Lepido
1125 4748 1152 4786 et
1172 4731 1254 4787 Tullo
1266 4748 1337 4786 coss.
1357 4744 1430 4783 anno

130 4804 254 4873 prostare
273 4816 336 4856 ante
356 4805 452 4860 Cottae
472 4821 498 4860 et
517 4806 649 4880 Terquati
669 4807 858 4877 consulatum,
876 4827 905 4867 ιιι
924 4814 1009 4867 etism
1026 4806 1159 4865 Pedianus
1173 4814 1231 4882 ipss
1243 4812 1336 4883 paucis
1349 4819 1430 4879 snpra
