3210 5280
372 192 422 258 iii
444 192 553 259 Act.
578 193 626 260 ii.
649 192 698 257 tu
721 188 771 256 C.
786 189 990 254 VERREM
1010 189 1103 254 LIB.
1124 189 1155 253 1.
1333 191 1395 257 tiu

180 336 273 414 Quos
303 335 337 395 in
367 351 484 396 eorum
515 333 631 397 locum
663 329 826 409 subditos]
895 328 1005 411 Captis
1039 331 1231 411 praedonum
1263 329 1394 392 ducibus

88 425 212 488 Verres
237 425 309 486 ilios
331 423 456 506 quidem
482 424 602 486 remisit
623 433 756 503 accepto
778 421 936 504 praemio;
970 443 1029 503 pro
1059 422 1119 485 illis
1147 433 1249 484 autem
1276 440 1395 482 merca.

88 533 176 581 tores
208 518 481 583 innocentissimos
513 517 627 599 partim
659 515 844 590 trucidavit,
881 514 994 595 partim
1025 514 1108 576 dorni
1144 533 1216 576 suae
1249 514 1393 594 privatim

88 614 285 685 reservavit,
309 614 395 694 quod
417 611 533 672 diceret
556 608 694 672 timuisse
717 629 769 683 se,
786 609 845 670 sibi
866 628 905 670 ue
928 605 1049 669 crimini
1074 609 1218 680 daretur,
1243 627 1299 670 eos
1321 627 1338 669 a
1360 628 1394 668 sc

88 705 221 785 pecunia
243 706 394 766 liberatos
416 725 497 766 esse.
1130 723 1134 731 ·
1403 711 1417 760 s

174 799 285 880 Usque
314 795 394 858 dum
413 816 475 876 per
494 817 544 860 me
567 793 715 872 licuerit]
769 795 926 873 Quantum
952 793 982 854 in
1015 793 1085 874 ipso
1117 791 1230 867 suerit,
1265 796 1303 855 ad
1332 794 1394 856 hoe
1420 852 1422 857 .

90 891 176 952 domi
201 909 276 950 strae
298 886 458 967 privatus,
483 890 570 970 quod
585 900 631 948 cst
655 889 820 950 maiestatis
835 889 970 961 crimen,
995 888 1101 948 hostes
1117 888 1262 967 publicos
1277 889 1393 949 babere

89 994 231 1063 poterat.
274 982 336 1043 Sed
357 980 449 1042 linem
471 980 546 1042 iccit
570 981 658 1042 husius
681 981 825 1042 arrtlsciae
848 1001 895 1041 mc
910 991 1062 1063 cogente,
1085 979 1138 1062 qui
1160 978 1273 1055 institi,
1298 993 1332 1042 ut
1355 983 1393 1043 de

89 1079 157 1137 cius
180 1079 275 1137 ‹iorno
297 1073 326 1134 in
348 1073 506 1154 publicam
528 1073 699 1135 custodiam
723 1077 922 1135 (inicerentur.

177 1169 253 1246 Quo
279 1187 331 1228 rne
360 1168 429 1228 iarn
456 1165 584 1246 pridem
606 1176 704 1227 rocci
724 1167 875 1246 populus
897 1167 1076 1245 iiornunus]
1120 1167 1161 1229 Se
1193 1164 1286 1241 dicit,
1321 1165 1435 1250 quisti

90 1259 197 1324 sedilis
221 1267 267 1318 ost
289 1257 408 1330 incius,
432 1265 465 1315 ut
488 1254 633 1316 delendat
655 1256 826 1316 libertatem
850 1256 959 1337 popuii
982 1257 1129 1320 Romani.

175 1357 220 1427 (§.
246 1349 314 1427 13.)
337 1351 405 1429 Oui
425 1349 616 1429 cognitores
639 1347 800 1427 homines]
844 1350 917 1411 Hoc
940 1370 1039 1432 gennis
1061 1350 1250 1413 defensionis
1272 1349 1302 1413 in
1325 1351 1393 1416 iure
1442 1358 1446 1373 “

92 1449 252 1527 coguitor
273 1440 404 1514 dicitur,
428 1437 561 1500 ninxirne
584 1458 652 1499 curn
670 1440 707 1500 de
721 1439 849 1503 alicuius
870 1455 950 1504 statu
973 1441 1091 1527 agitur.
1135 1444 1273 1525 ipsomet
1298 1445 1391 1507 aiibi:

93 1535 305 1615 cognitorem
325 1533 406 1593 iuris
426 1534 488 1592 sui.

174 1626 220 1700 (§.
246 1624 312 1700 il.)
335 1622 488 1702 Quinque
508 1628 540 1682 et
551 1617 696 1698 ‘XXXJ
738 1620 789 1682 Ac
810 1642 870 1702 pcr
884 1621 939 1684 bas
958 1633 1044 1685 totus
1059 1622 1195 1705 populns
1218 1625 1392 1703 Romanus.
1405 1636 1435 1684 ts

93 1714 256 1796 Principio
278 1725 342 1776 tres
363 1713 510 1775 inierunt:
535 1709 699 1773 Tutienses
725 1733 802 1787 runa,
826 1734 841 1774 s
870 1715 964 1777 'i'stio
987 1737 1082 1800 regc3
1113 1717 1249 1779 Ramnes
1274 1717 1391 1791 altera,

92 1830 109 1870 a
133 1808 292 1880 Romulo,
322 1808 463 1868 Luceres
492 1800 602 1874 tertia,
627 1823 643 1863 a
671 1805 856 1867 Lucnrnmue
877 1807 942 1869 sive
960 1809 1153 1881 Lucretino,
1175 1807 1274 1870 sires
1298 1808 1391 1882 lurco,

91 1922 184 1983 qrrcm
207 1899 309 1960 lucum
328 1896 460 1976 Asylum
478 1905 647 1958 vocsvcrat
668 1896 843 1959 Romulus:
867 1912 938 1978 post
959 1902 997 1961 dc
1018 1899 1193 1962 nominibus
1208 1900 1393 1962 Sabinarum

95 1996 201 2074 plures
231 1992 354 2065 iactae,
396 1989 509 2072 quibus
544 1987 770 2068 peccatricibus
808 2003 968 2071 parentum
1002 1991 1117 2053 bellruu
1149 1993 1393 2075 maritorumque

93 2086 212 2148 linitum
240 2096 305 2146 est:
338 2085 378 2145 ad
402 2094 593 2162 postremum
618 2080 734 2141 XXX.
761 2091 793 2143 et
824 2083 870 2144 V.
900 2084 1021 2145 iactae.
1056 2083 1268 2148 Obtinuernut
1290 2089 1436 2146 sutcm2⁰

95 2199 205 2242 nomen
228 2189 280 2240 sict
309 2198 326 2238 a
348 2175 468 2237 tributo
489 2174 609 2248 dando,
633 2186 685 2234 aru
710 2175 783 2258 quis
809 2175 911 2256 primo
934 2188 998 2238 tres
1026 2177 1172 2258 fuerunt,
1195 2179 1275 2239 uude
1299 2176 1392 2239 etiam

93 2269 209 2334 tr²buni
233 2269 320 2332 dicti.

185 2482 213 2537 li.
231 2481 317 2553 quod]
338 2479 398 2538 sid.
416 2497 443 2534 et
462 2498 536 2551 seqq.
555 2510 589 2523 ·-
608 2498 660 2552 quo
680 2454 773 2533 l'rinc.
792 2481 898 2537 Berslcl.
1001 2531 1004 2534 .

165 2557 236 2610 ibid.
255 2562 379 2609 timuisse
397 2575 438 2620 se,
460 2556 564 2605 sibine
582 2559 692 2606 crimini
710 2554 837 2624 duretur]
871 2560 917 2611 stc
942 2562 1049 2630 scripsi.
1079 2586 1115 2599 -
1143 2562 1281 2612 timuisses
1305 2569 1334 2613 et
1356 2528 1400 2612 tit

90 2651 141 2684 nec
159 2639 356 2685 criminaretur
377 2633 465 2685 Princ.
485 2629 590 2682 Bersld.
622 2658 657 2672 ·-
685 2635 810 2682 timuisse
828 2640 857 2683 et
875 2633 913 2684 itt
932 2651 981 2684 nee
1000 2638 1196 2685 criminaretur
1215 2636 1274 2689 sid.
1295 2663 1333 2678 -
1352 2641 1395 2686 ti·
1504 2676 1507 2683 .

91 2715 192 2759 rnerisse
211 2724 254 2769 se,
273 2724 308 2756 ne
326 2705 379 2756 sibi
396 2708 505 2756 crimini
523 2704 640 2754 duretur
664 2704 732 2756 Lod.
751 2720 778 2757 et
798 2722 873 2777 seqq.
894 2736 928 2750 ·-
964 2707 1123 2777 „Timuisse
1141 2728 1170 2763 n.
1188 2728 1211 2762 s.
1230 2729 1253 2764 c.
1274 2710 1312 2778 d.]
1331 2712 1394 2763 Bu·-

92 2783 162 2835 dsci.
189 2780 442 2844 l'etus,·Tirnuisse
461 2787 536 2829 etse
555 2777 606 2828 tibi
624 2796 673 2830 nec
691 2783 888 2833 criminaretur
908 2798 955 2832 eos
972 2784 1007 2834 ab
1025 2800 1055 2834 se
1070 2803 1097 2852 p.
1119 2784 1137 2836 i.
1156 2785 1199 2837 e.”
1226 2785 1313 2838 tto'r.

168 2855 236 2910 ibid.
255 2872 303 2906 eos
320 2873 339 2905 a
358 2857 399 2921 se]
429 2855 474 2905 Sic
493 2857 599 2924 scripsi.
627 2879 663 2892 -
691 2870 738 2904 eos
755 2859 812 2925 ipse
832 2873 898 2907 ase
919 2858 1011 2910 Princ.
1032 2858 1137 2911 Bersid.
1158 2857 1218 2913 Aid.
1237 2887 1275 2902 -
1293 2877 1342 2911 eos
1358 2857 1394 2909 at·

90 2951 121 2985 se
141 2932 208 2983 Lod.
227 2947 291 2981 cum
311 2930 389 2982 editt.
408 2927 560 2980 Ciceronis.
579 2956 616 2969 -
634 2944 682 2978 eos
698 2932 772 2996 ipsos
792 2947 810 2984 a
828 2946 858 2980 se
877 2928 960 3002 Lugd.
982 2931 1045 2984 iios.
1065 2933 1142 2985 Man.
1167 2936 1247 2986 Creu.

183 3007 209 3064 6.
231 3005 320 3072 iisque
338 3003 402 3054 dcem
416 3003 478 3073 per]
500 2999 567 3054 Lod.
586 3016 614 3055 es
633 3019 707 3074 seqq.
727 3031 765 3046 -
783 3021 880 3076 eosque
898 3005 963 3057 dum
978 3023 1033 3076 pro
1051 3007 1145 3064 Priuc.
1159 3006 1267 3062 Bersid.
1286 3035 1321 3050 -
1342 3008 1394 3060 Us-

108 3099 141 3131 ue
159 3081 222 3131 deun
259 3096 292 3129 ro
308 3079 367 3130 bid.

89 3102 108 3153 q
186 3162 212 3214 7.
229 3098 335 3220 fuerit,
354 3148 394 3202 ud
409 3147 460 3200 icoc
478 3147 563 3216 domi]
590 3150 681 3202 Prior.
701 3148 809 3205 Bersld.
828 3149 891 3204 Ald.
909 3180 945 3196 -
956 3151 1065 3223 siseris.
1102 3155 1164 3206 Hoc
1184 3155 1292 3226 initio]
1312 3154 1395 3226 Quod

89 3230 167 3282 domi
185 3228 252 3280 Lod.
272 3257 307 3268 -
318 3225 425 3296 fuerit.
463 3226 509 3276 An
527 3222 597 3277 soc?
615 3223 691 3276 densi
709 3223 795 3296 bugd.
815 3226 880 3281 iios.
900 3227 976 3281 Meu.
997 3229 1080 3283 Creu.

184 3309 210 3362 3.
231 3300 330 3351 habere
346 3300 472 3371 poterat]
498 3300 588 3352 Petne.
608 3297 717 3355 Bersld.
739 3296 805 3353 Lod.
824 3328 861 3343 -
880 3299 980 3353 icciere
998 3319 1054 3354 non
1070 3311 1185 3374 poterat
1204 3301 1266 3359 sid
1284 3332 1322 3347 -
1339 3302 1393 3356 ta-

88 3378 153 3430 bere
171 3393 226 3428 non
245 3374 384 3426 dubitavit
403 3375 489 3440 bugd.
510 3373 573 3425 llos.
593 3373 670 3426 Men.
691 3377 771 3428 Creu.

166 3449 237 3503 ibid.
256 3452 361 3516 institi]
391 3445 476 3519 Lugd.
495 3447 560 3500 ilos.
582 3447 658 3500 Mau.
678 3449 759 3503 Creo.
781 3452 947 3500 -institui
966 3453 1079 3520 priores.

164 3534 208 3582 ιι.
228 3524 301 3593 Quia
319 3522 418 3574 aeditis
436 3529 477 3572 est
487 3518 603 3590 factus]
636 3521 753 3593 „Nullus
773 3521 821 3574 bic
841 3539 882 3577 est
902 3523 933 3575 sd
955 3524 1120 3578 aedilitatem
1139 3541 1288 3598 respectus.
1315 3526 1394 3580 Nibii

90 3599 163 3653 alind
183 3604 222 3653 sir
241 3614 349 3661 emtor,
371 3612 451 3668 quem
472 3611 500 3647 se
521 3601 574 3647 ism
593 3594 628 3647 sd
648 3595 674 3648 id
694 3602 800 3649 crimen
821 3596 966 3663 accedere,
986 3617 1040 3670 quo
1059 3598 1236 3654 libertariser
1249 3605 1306 3653 iura
1326 3605 1396 3654 cisi-

91 3680 154 3729 tatis
174 3676 270 3726 Verres
291 3669 593 3743 infregisse'arguotur,
613 3667 647 3722 de
667 3689 720 3741 quo
742 3670 875 3724 iudicium
894 3677 930 3725 sit
950 3690 1031 3746 penes
1052 3673 1213 3745 populum.'’
1236 3672 1322 3728 'scit

166 3755 209 3805 12.
229 3744 412 3816 defensionis]
439 3743 598 3814 defensoris
616 3747 695 3810 (bod.
714 3750 788 3799 coni.
808 3750 836 3798 lu
856 3744 984 3818 praelat.)
1009 3749 1072 3800 liot.
1092 3748 1174 3802 Creu.

163 3827 206 3879 13.
226 3822 354 3890 ipsemet]
375 3820 422 3872 ste
442 3822 548 3889 scripsi.
573 3847 602 3858 -
624 3824 678 3888 ipsi
696 3838 738 3871 sne
759 3822 849 3874 Princ.
868 3849 905 3864 -
923 3826 981 3892 ipse
999 3826 1094 3876 ceteri.

164 3895 236 3950 ibid.
254 3895 337 3965 attii]
366 3894 396 3947 lo
417 3893 538 3945 Divinas.
558 3908 617 3966 csp.
636 3897 663 3950 is.
682 3896 707 3962 §.
728 3902 773 3951 ti.
1095 3931 1096 3935 ,

165 3977 209 4029 15.
228 3969 291 4037 iras]
314 3967 370 4022 Ald.
392 3965 476 4038 bugd.
497 3967 561 4019 iios.
581 3971 657 4020 iiico.
677 3969 757 4022 Creu.
778 3995 815 4010 -
833 3967 883 4021 isos
902 3971 994 4024 Prioc.
1012 3966 1120 4024 Bersid.
1140 3996 1175 4012 -
1194 3966 1245 4021 tec
1264 3967 1331 4028 Lod.

165 4049 211 4102 16.
229 4044 381 4112 Principio]
402 4041 504 4093 Tribus
518 4047 656 4112 principio
675 4043 742 4096 ilos.
764 4042 845 4096 Creu.

165 4117 235 4173 ibid.
256 4117 413 4183 Tutienses]
445 4114 492 4168 Sic
511 4121 619 4186 scripsi.
640 4122 671 4158 ⁹·-
693 4115 847 4187 Leqebstur
865 4117 1014 4169 Tutiensis.

164 4191 233 4246 ibid.
252 4192 381 4257 iicrnnes]
414 4191 505 4243 Prius.
532 4191 593 4245 Alci.
620 4208 681 4243 cum
708 4193 819 4247 Graevii
845 4191 906 4246 MS.
944 4195 1058 4260 ,Recte
1091 4189 1138 4242 Sic
1157 4191 1252 4244 iiorst.
1272 4206 1299 4247 es
1318 4190 1394 4244 slii.'’

91 4264 218 4321 estut.
238 4296 274 4308 -
293 4265 429 4317 Rhamnes
446 4263 553 4318 Bersld.
572 4262 637 4317 Lod.
657 4293 695 4308 -
712 4264 877 4318 Ramnensis
896 4265 978 4338 bugd.
998 4265 1062 4318 iios.
1083 4265 1161 4321 Mau.
1181 4265 1261 4318 Creu.

165 4348 206 4397 17.
227 4343 325 4408 tertia]
354 4339 400 4392 Sic
421 4342 528 4411 scripsi.
548 4367 580 4382 -
601 4339 752 4411 Legebsrur
772 4341 873 4392 attera.

165 4415 225 4469 ibid
254 4413 419 4481 Lucumone]
442 4410 508 4466 Lod.
528 4432 554 4468 et
568 4432 643 4486 seqq.
661 4441 700 4458 -
716 4414 779 4467 iiico
789 4423 881 4468 monte
892 4416 984 4468 Priuc.
999 4411 1058 4468 sid.
1072 4441 1108 4455 -
1122 4413 1272 4466 Liscomone
1284 4413 1393 4469 Beseld-

164 4499 208 4550 18.
226 4489 327 4556 lucum]
356 4485 538 4542 omiseram.
559 4489 626 4543 Lod.

164 4569 207 4621 19.
226 4560 336 4631 suetae]
358 4560 447 4633 ficere
469 4562 549 4633 bugd.
572 4564 650 4618 Mun.
670 4561 821 4634 -secere
842 4559 901 4616 ild.

165 4637 234 4692 ibid.
251 4637 464 4766 precatriqiiqu]
498 4637 588 4693 Prior.
607 4635 715 4695 Bersld.
733 4635 798 4695 Ald.
820 4636 888 4691 Lod.
907 4663 942 4677 ·-
961 4633 1195 4707 deprecatricibns
1212 4640 1307 4691 ceteri.

164 4721 208 4771 20.
227 4715 280 4780 est]
301 4729 357 4768 om.
400 4728 445 4767 o.
