3210 5280
205 299 206 303 q
231 212 300 275 unt
557 213 853 282 scaneinsrn
877 213 1219 282 anouovtmvus

237 349 344 450 Chios
362 373 450 415 retum
465 352 624 428 lecerunt3
648 355 703 439 qui
723 377 762 419 eo
785 356 981 439 potissimum
1004 356 1150 418 defensus
1172 354 1233 429 sit,
1256 355 1343 438 quod
1369 350 1558 417 ostendisset

238 467 362 510 ornnem
389 446 473 509 illam
497 447 706 529 direptionem
730 451 767 512 ad
791 452 903 534 populi
926 450 1061 517 Romani
1090 451 1226 534 legatum
1255 451 1434 530 pertinere.

322 538 375 602 53.
399 542 545 605 Plostris
559 553 677 602 avecta
691 556 942 628 exportataque
956 544 1041 624 esse]
1066 544 1365 614 Animadvertamus
1390 543 1558 624 plerasque

238 634 322 713 apud
339 634 392 695 M.
409 633 547 696 'l'ullimn
563 634 812 716 compositiones
828 660 892 702 non
917 637 1083 710 lascivire,
1108 639 1164 700 sed
1180 639 1217 697 ad
1233 636 1377 720 rigorem
1395 633 1558 698 vetustatis

213 725 363 790 linierri.
409 726 506 807 Quod
531 738 633 789 autem
663 729 817 809 pertineat
841 736 879 793 ad
906 731 1052 793 virtutem
1084 731 1181 813 partis
1213 729 1324 805 buius,
1362 750 1430 793 non
1459 727 1558 791 intulit

240 818 420 882 nominatIm
444 821 552 903 signa,
578 832 657 903 quot
681 825 846 887 abstulisse
867 826 1022 906 Aspendo
1046 823 1230 898 videbamm
1260 825 1316 885 sed
1338 845 1440 907 quum
1469 842 1558 906 gene·

239 912 349 976 raliter
364 912 495 976 dixisset
509 915 670 995 plostris,
695 915 736 978 ait
751 925 940 1000 exportata
954 938 1041 991 esse,
1066 929 1100 978 ut
1116 919 1154 979 de
1168 915 1320 999 qualitate
1336 915 1556 978 vehiculorum

240 1020 407 1088 appareret
429 1008 596 1070 multitudo
623 1030 751 1085 eorum,
776 1032 855 1094 quas
879 1008 1011 1092 plostris
1033 1010 1240 1072 avectasint.

323 1101 538 1182 Aspendium
558 1102 786 1184 citharistam]
806 1104 1015 1166 'Sinurlacrnm
1039 1100 1113 1165 dicit
1132 1102 1222 1164 huius
1245 1100 1434 1165 citharistae
1454 1101 1556 1162 abstu-

204 1191 313 1256 1⁰lisse
336 1195 487 1257 Verrem.
531 1195 643 1257 Fuisse
672 1208 776 1258 a-utem
808 1198 910 1260 fertur
933 1207 1036 1258 tantae
1061 1194 1263 1270 subtilitatis,
1296 1206 1329 1256 ut
1360 1215 1426 1257 non
1455 1206 1556 1257 exerta

240 1307 332 1348 manu
359 1307 478 1350 nervos
503 1285 646 1350 citharae
671 1289 869 1370 impelleret,
899 1291 955 1352 sed
980 1310 1133 1372 perquam
1163 1288 1300 1352 occultis
1330 1289 1493 1362 motibus3
1525 1308 1555 1349 ac

239 1391 409 1461 propterea
442 1380 690 1462 proverbialiter
720 1384 822 1445 dictus
851 1394 899 1446 est
930 1381 966 1443 in
995 1404 1031 1446 se
1060 1403 1182 1450 canere
1211 1381 1338 1445 solitus.
1398 1380 1555 1464 Simulque

240 1484 352 1535 orator
364 1475 540 1559 χαριέντως
554 1485 591 1536 ut
607 1472 702 1538 illum
717 1476 848 1557 ipsum,
875 1476 992 1558 inquit,
1016 1475 1173 1554 artificio
1187 1496 1374 1556 superasse
1388 1474 1554 1544 videntum

240 1565 435 1630 callidiorem
452 1566 596 1630 videlicet
612 1572 780 1632 ostendens
803 1571 886 1630 hunc
908 1568 939 1629 in
962 1568 1097 1632 Iurando
1117 1590 1209 1653 quam
1230 1569 1316 1631 illum
1333 1567 1365 1631 iu
1382 1568 1552 1651 psallendo.

199 1669 230 1719 ts
325 1661 379 1723 bd.
402 1665 520 1745 Quae,
545 1664 690 1737 malam,
714 1676 765 1727 est
786 1664 856 1727 ista
882 1663 1029 1725 audacia
1056 1674 1158 1746 atque
1187 1660 1352 1742 amentia]
1393 1663 1445 1725 Ne
1473 1659 1554 1722 inlri-

242 1765 351 1839 gescat
373 1753 509 1835 impetus
525 1756 752 1829 accusationis,
776 1767 944 1840 postquam
968 1754 1110 1819 breviter
1126 1755 1219 1818 multa
1237 1756 1433 1837 proposuit,
1458 1751 1553 1817 adiicit

245 1847 334 1910 locos
362 1848 576 1910 vehementes⁴
597 1850 637 1911 ad
666 1853 866 1933 surgendum,
902 1860 935 1912 ut
962 1849 1078 1923 iudex,
1112 1860 1281 1934 postquam
1316 1847 1483 1923 didicerit,
1514 1847 1553 1909 in·

240 1940 430 2003 flammetur.
467 1939 673 2026 congregata
691 1944 772 2005 enim
789 1945 989 2006 debent'esse
1005 1945 1083 2005 haec
1099 1942 1200 2006 officia
1216 1943 1366 2018 dicentis,
1384 1954 1416 2008 et
1430 1942 1553 2005 maxine

241 2033 272 2097 in
295 2033 567 2111 accusationibus,
593 2047 627 2096 ut
649 2035 859 2120 indignationi
886 2037 975 2099 calor
998 2034 1198 2099 subiiciatnr.
1539 2086 1543 2094 .

198 2143 231 2192 tt
325 2130 445 2213 Neque
473 2128 508 2190 in
530 2130 728 2192 subterhana
748 2127 950 2210 amicorum]
993 2130 1202 2193 Hortensium
1230 2129 1406 2212 praecipue
1438 2130 1554 2192 videtur

240 2219 442 2304 significare,
466 2222 520 2306 qui
547 2223 724 2286 huiusmodi
754 2221 851 2305 siguis
874 2234 905 2284 et
935 2223 1049 2286 tabulis
1074 2222 1167 2305 pictis
1196 2223 1395 2287 familiariter
1425 2225 1554 2287 delecta·

167 2371 181 2393 Ν
240 2315 348 2378 hatur.
392 2315 431 2380 ld
459 2316 710 2379 manifestiusin
741 2315 916 2378 Hortensio
943 2317 1079 2379 ostendit
1105 2316 1255 2398 dialogo:
1290 2338 1398 2399 quim
1427 2317 1465 2381 in
1486 2317 1555 2378 uilla

241 2409 377 2472 Luculli
398 2411 422 2484 †
444 2410 565 2472 bellum
587 2421 676 2472 esset
698 2410 792 2472 omni
812 2421 987 2491 apparatu
1008 2408 1193 2473 venitatatis
1215 2421 1393 2473 ornatum.

328 2501 411 2583 Cap.
435 2503 535 2564 XXI.
560 2504 613 2565 56.
650 2506 780 2566 Vereor
811 2523 852 2563 ne
881 2504 963 2564 haec
974 2501 1084 2591 forte
1105 2501 1255 2584 cuipiam
1285 2504 1392 2568 ulmis
1422 2504 1556 2588 antiqua

199 2609 232 2658 ts
241 2605 274 2657 et
300 2594 371 2657 iam
391 2595 542 2658 obsoleta
564 2594 757 2676 videantur]
782 2596 879 2676 Apud
902 2595 1077 2658 ineruditos
1097 2595 1217 2659 indices
1240 2596 1387 2678 exempla
1413 2599 1453 2660 de
1476 2609 1556 2660 vetu-

220 2707 222 2710 ’
242 2698 323 2750 state
345 2688 469 2770 prolata
493 2691 592 2750 atinus
607 2688 764 2751 efficaciae
780 2691 913 2764 habent,
937 2689 1084 2771 quoniam
1100 2688 1199 2752 videri
1216 2701 1352 2770 possunt
1376 2692 1418 2752 ab
1435 2703 1555 2754 oratore

242 2781 394 2865 contingi.
452 2784 527 2844 Hoc
555 2782 647 2844 etiam
678 2782 911 2845 Demosthenes
939 2779 1024 2848 κατὰ
1054 2783 1333 2870 Ἀριστογείτονος
1363 2782 1394 2844 in
1431 2783 1555 2847 consilio

242 2876 363 2941 habens
389 2874 431 2937 ita
463 2875 559 2938 dixit:
597 2881 651 2941 καὶ
675 2878 704 2940 ri
731 2879 783 2941 dei
800 2878 902 2960 λέγειν
922 2880 994 2965 περὶ
1024 2876 1087 2940 τῶν
1108 2875 1275 2955 παλαιῶν,
1303 2871 1394 2942 ἀλλὰ
1418 2875 1494 2954 τοὺς
1512 2869 1554 2965 ἐφ’

241 2964 332 3056 ὑμῶν
353 2966 462 3035 αὐτῶν
483 2965 752 3053 ἀναλογίσασθε·
775 2968 963 3053 etreliqua.

201 3076 232 3127 st
326 3065 367 3126 P.
389 3062 567 3144 Seruilius]
590 3062 726 3144 Collega
741 3061 802 3125 luit
823 3065 852 3125 in
876 3062 1042 3124 consulatu
1064 3058 1174 3142 Appio
1199 3059 1357 3135 Claudio,
1383 3060 1554 3141 bellumque

183 3183 184 3186 ¹
243 3156 464 3239 gravissimum
488 3156 516 3219 in
544 3155 655 3220 Cilicia
682 3157 792 3240 gessit.
836 3155 926 3217 Inter
952 3167 1056 3216 cetera
1080 3155 1171 3217 etiam
1197 3154 1368 3216 Phaselida
1392 3164 1426 3216 st
1454 3155 1554 3232 Olym·

243 3267 317 3327 pum
341 3248 492 3323 subiecit,
518 3252 598 3311 unde
623 3252 720 3311 rebus
744 3249 826 3310 bene
850 3247 947 3332 gestis
974 3247 1134 3310 Isurricus
1160 3246 1409 3329 cognominatus
1433 3258 1493 3308 est.
1528 3303 1535 3310 .

260 3353 262 3358 ’
330 3341 414 3422 Cap.
438 3343 557 3404 XXII.
582 3342 635 3405 58.
672 3341 754 3407 Vidi
774 3344 939 3404 collucere
961 3341 1077 3404 omnia
1091 3337 1215 3430 furtis
1242 3339 1329 3418 tuis]
1373 3333 1555 3401 Vehementi

245 3429 337 3520 παρὰ
359 3439 555 3521 προςὸοκὶαν
576 3437 601 3511 †
623 3439 679 3500 καὶ
701 3434 758 3514 τῆς
778 3436 901 3517 βουλῆς
914 3436 1079 3497 collucere
1093 3429 1335 3522 omniafrutis
1351 3431 1437 3494 illins
1454 3431 1555 3494 vidisse

203 3547 279 3597 asse
301 3527 395 3602 dixit3
419 3528 508 3611 quasi
530 3548 592 3592 non
615 3537 699 3592 esset
720 3540 851 3591 ornatus
873 3528 955 3602 lori,
980 3530 1037 3590 sed
1058 3525 1219 3589 consessio
1242 3524 1442 3606 rapinarum.

329 3621 398 3705 Qui
422 3645 458 3686 se
479 3622 689 3685 iudiciorum
713 3619 870 3685 dominos
899 3619 967 3682 dici
988 3619 1161 3693 uolebant,
1185 3619 1309 3680 harum
1337 3619 1555 3700 cupiditatum
1599 3619 1601 3660 ἓ

335 3855 360 3906 1.
380 3850 456 3920 apud
473 3849 557 3902 Chios
575 3852 663 3916 reram]
684 3847 717 3901 de
737 3851 874 3904 Gronovil
894 3863 1012 3901 correct.
1033 3845 1097 3900 Sclu.
1118 3873 1154 3888 —
1173 3843 1250 3915 apud
1267 3861 1336 3915 quor
1356 3863 1452 3898 rerum
1465 3845 1500 3900 G.
1512 3843 1553 3897 Gr.

246 3932 273 3984 2.
294 3927 333 3978 od
348 3926 444 3996 populi
463 3924 502 3977 lto
532 3926 670 3992 legatum]
701 3923 735 3977 de
754 3923 876 3977 eiusdem
896 3928 971 3976 coni.
992 3922 1056 3976 seb.
1089 3950 1133 3978 -,
1151 3921 1190 3971 ad
1209 3921 1380 3991 populorum
1404 3923 1504 3988 legate
1524 3919 1553 3972 G.

246 4005 297 4059 Gt.
348 4007 375 4061 3.
392 4003 545 4071 pertineat]
566 4001 602 4055 G.
631 4028 669 4041 -
694 4005 818 4066 pertinet
839 3999 889 4053 Gr.
911 3998 978 4052 Sch.
1031 4001 1048 4054 6
1077 3999 1154 4066 queat]
1181 3993 1216 4048 de
1234 3997 1348 4049 Graevii
1368 3993 1484 4050 emend.
1500 3993 1553 4047 set.

247 4106 284 4120 -
302 4076 377 4149 qnod
394 4076 430 4130 G.
450 4078 500 4130 Gr.
540 4085 584 4132 11.
604 4075 769 4143 impelleret]
791 4075 837 4127 Sic
857 4076 966 4145 scripsi.
989 4101 1019 4113 -
1041 4072 1179 4139 impellere
1199 4071 1234 4125 G·
1255 4072 1307 4124 Gr.
1328 4070 1395 4123 Seli.
1439 4074 1481 4127 12.
1498 4085 1553 4138 pro-

246 4153 421 4219 verbialiter]
449 4150 481 4203 de
502 4152 523 4204 I.
544 4153 572 4204 F.
593 4150 728 4203 Gronovii
749 4148 857 4203 emend.
878 4151 940 4200 Sch.
968 4175 1005 4187 —
1021 4145 1171 4215 proverbio
1191 4144 1276 4195 aliter
1296 4144 1332 4198 G.
1352 4146 1405 4199 Gr.
1444 4144 1554 4197 thid.-

246 4234 322 4281 intus
334 4245 434 4278 canere
447 4226 480 4279 de
494 4227 605 4281 Graevii
621 4243 693 4296 susp.
708 4225 774 4279 ach.
815 4223 1066 4286 23.-Horterrsii
1085 4221 1150 4274 sch.
1172 4222 1265 4272 iscire.
1305 4219 1377 4273 lbid.
1399 4216 1554 4286 beltramlG·

145 4360 147 4364 Α
247 4303 297 4358 Gr.
325 4330 363 4366 ·.··
391 4304 483 4353 vehem
504 4303 556 4354 lac.
577 4303 701 4356 Gronov.
732 4330 768 4343 -·
796 4300 922 4350 hairicum
943 4300 1102 4365 Sch.‚coni.
1128 4311 1166 4348 eo
1189 4313 1271 4365 quum
1290 4299 1321 4345 in
1339 4296 1442 4347 villam
1462 4290 1553 4348 mat

247 4378 361 4431 ventrem
381 4386 455 4429 esset
473 4383 548 4428 omni
567 4395 594 4427 a.
613 4395 641 4428 v.
662 4384 802 4429 ornatam.
830 4372 948 4443 Madvig.
966 4371 1088 4442 Appcad.
1103 4376 1163 4427 Aac.
1181 4369 1245 4422 Ped.
1260 4388 1287 4440 p.
1301 4375 1348 4429 30.
1389 4370 1461 4424 lbid.
1481 4366 1552 4431 ona]

249 4453 283 4506 de
302 4453 324 4508 I.
344 4452 372 4504 1³.
392 4453 526 4506 Gronovit
548 4467 666 4504 correct.
688 4457 751 4503 ach.
773 4480 805 4491 -
823 4453 915 4501 omnia
929 4446 963 4501 G.
985 4447 1035 4500 Gr.
1075 4451 1118 4504 25.
1137 4444 1219 4514 Apud
1229 4447 1280 4512 ira]
1303 4444 1336 4497 de
1352 4447 1374 4498 1.
1390 4445 1422 4498 F.
1437 4444 1554 4500 Grcnnril

249 4527 368 4582 correct.
389 4528 454 4582 sch.
473 4555 510 4569 -
529 4526 629 4597 Rapuit
648 4530 687 4577 in.
709 4529 743 4578 G.
764 4524 811 4578 Gr.
862 4531 906 4583 31.
925 4539 979 4574 om.
1004 4526 1087 4572 etiam
1116 4522 1165 4575 Gr.
1184 4520 1249 4581 sch.
1299 4520 1374 4573 Ibid.
1397 4523 1440 4574 lta
1460 4519 1555 4573 Codicis

250 4621 354 4676 margo.
374 4602 436 4654 fich.
451 4630 487 4644 -
503 4607 585 4670 prius
603 4601 676 4651 elida
691 4601 724 4656 G.
741 4601 790 4654 Gr.
820 4605 865 4659 33.
887 4598 918 4650 V
916 4599 1061 4664 chementi]
1077 4597 1112 4650 G.
1127 4597 1177 4648 Gr.
1191 4593 1266 4661 (scil.
1282 4595 1460 4650 scholiastae
1472 4611 1555 4669 napo·

249 4677 433 4754 upoulnxlau
452 4692 492 4730 stt
513 4677 586 4730 velut
606 4693 689 4728 unum
711 4693 810 4728 nomen
830 4674 1054 4736 substantivum.)
1074 4699 1112 4712 -
1132 4669 1319 4724 Vehementer
1338 4671 1408 4725 Seu.
1454 4671 1500 4729 3l.
1518 4668 1554 4720 Sit

250 4753 286 4810 G.
305 4752 355 4809 Gr.
374 4748 485 4810 senat
503 4748 582 4813 uera
598 4752 771 4830 μεταβολῆς
789 4750 823 4804 de
837 4752 949 4804 Graevii
967 4750 1105 4801 sententia
1128 4746 1193 4801 aen.
