3210 5280
202 155 272 220 sss
619 154 1073 227 ,osanna-ascomns
1125 239 1129 248 ,

206 299 264 361 sed
291 317 349 363 cnr
372 319 408 362 se
432 298 633 383 magistratus
656 301 723 384 ipse
743 300 917 384 probibere
943 295 1122 373 cssmserit,
1151 318 1221 375 ne,
1235 318 1304 362 cusu
1329 307 1516 383 oporteret,

90 428 97 453 ·.
207 388 239 453 ia
266 391 370 456 literas
395 394 536 474 publicas
565 395 742 470 referrent,
766 394 852 479 qnod
881 403 1003 475 gestum
1029 402 1125 455 esset.

291 486 336 562 (5.
359 486 425 567 90.)
451 490 520 567 Oui
540 497 619 552 tam.
629 492 674 552 tsi
693 487 914 553 Februarium
934 485 1090 564 mensem]
1133 482 1197 548 Hic
1222 495 1270 548 est
1291 483 1426 560 mensis,
1450 508 1515 572 qno

206 573 356 662 ireqssens
384 592 508 642 senatus
536 578 703 662 postulatis
735 573 969 660 provinciarum
993 577 1208 661 legationibus
1229 578 1389 642 audiendis
1412 582 1516 644 datur.

76 708 80 715 ·
181 682 197 732 6
290 671 332 737 Ei
355 673 535 739 consulum
556 670 809 753 designatorum
828 686 950 732 nomeu
973 668 1182 752 exspectant]
1225 671 1269 734 Et
1292 674 1517 736 extimescunt

207 761 341 844 legitur:
375 782 443 824 nam
478 773 613 845 utroque
642 763 743 824 verbo
777 760 856 823 idern
886 757 1097 844 significatur.
1155 762 1322 826 Hortensii
1349 773 1453 825 antem
1482 773 1516 826 et

205 853 333 918 Metelli
357 868 439 918 metu
468 854 541 917 dicit
567 855 690 939 legatos
718 853 865 918 Milesios
893 872 988 933 posse
1012 852 1147 930 terreri,
1182 876 1221 918 ne
1251 858 1289 918 de
1315 875 1515 938 myoparone

205 946 327 1022 dicant,
366 947 550 1030 praesertim
584 970 653 1010 cnsn
684 949 724 1009 ad
751 945 902 1013 beneficia
932 948 1064 1025 petenda
1100 947 1224 1011 venturi
1247 949 1311 1012 sint
1336 948 1516 1013 Februario

205 1061 309 1104 suense
332 1053 363 1105 et
386 1042 415 1105 in
444 1063 534 1104 mann
560 1039 600 1104 sit
622 1041 803 1115 consulum,
827 1039 951 1123 quando
977 1050 1008 1101 et
1029 1044 1288 1124 quemadmodum
1311 1042 1453 1105 referant
1474 1044 1515 1105 ad

97 1140 99 1145 ‘
161 1143 378 1201 ttseaatnm.‘
401 1136 444 1200 Et
463 1136 542 1198 bene
562 1157 683 1202 nornen
704 1136 885 1199 consulam
905 1129 1003 1206 dixit,
1029 1146 1061 1195 ut
1082 1133 1256 1216 potentiam
1277 1138 1512 1200 demonstraret

202 1246 331 1302 eorssm,
355 1251 489 1312 qnorum
512 1228 602 1291 etiam
625 1247 737 1292 nomon
761 1227 799 1288 ad
819 1223 1017 1288 formidinem
1040 1225 1163 1288 sullicit.

144 1321 194 1388 [ss]
284 1321 459 1405 Religiane
479 1322 635 1402 adducti]
679 1319 760 1401 Quis
785 1316 878 1381 iurati
901 1330 998 1382 testes
1019 1320 1155 1402 produci
1175 1320 1298 1397 solent,
1321 1342 1387 1386 uon
1407 1323 1511 1387 solnm

202 1430 242 1475 ue
264 1412 346 1476 falsa
371 1415 491 1489 dicam,
517 1413 740 1475 verumetiam
763 1432 822 1485 ue,
845 1432 925 1494 qnae
950 1433 1023 1475 vera
1046 1424 1134 1488 snut,
1164 1424 1300 1477 taceant.

291 1503 563 1576 Domesticorum
583 1507 698 1588 legam
718 1501 822 1586 metu]
866 1502 994 1569 Patriae
1013 1526 1092 1571 snae
1113 1507 1236 1591 legum,
1261 1506 1376 1593 quibus
1390 1529 1513 1594 cogssn·

157 1608 189 1658 ts
203 1606 255 1660 tnr
277 1599 315 1661 de
336 1597 543 1668 incommodis
565 1597 686 1678 patriae
707 1614 771 1665 uon
799 1609 916 1662 tacere.

285 1691 423 1771 Occiso]
466 1689 648 1771 suspicioso
674 1692 776 1755 verbo
798 1711 872 1753 usus
894 1701 953 1756 cst.
997 1692 1079 1754 Nasu
1102 1711 1164 1756 non
1178 1689 1310 1767 insistit,
1336 1702 1370 1754 ut
1391 1695 1509 1775 probet

155 1816 160 1827 ι
201 1801 220 1845 a
234 1783 339 1847 Verre
351 1783 492 1848 occisum
508 1804 596 1860 esse,
612 1781 721 1847 sedita
736 1783 805 1845 vult
820 1782 936 1860 videri,
952 1783 1025 1868 quia
1037 1784 1137 1847 Verri
1149 1805 1235 1849 mors
1250 1784 1316 1848 eins
1331 1784 1424 1852 lncro
1434 1785 1510 1851 luit.

285 1877 434 1947 Alteram
453 1874 595 1956 tutelae]
638 1876 710 1946 Filii
733 1875 877 1943 Malleoli
899 1887 986 1941 tutor
1006 1876 1109 1943 factus
1131 1889 1176 1940 est
1199 1878 1333 1940 Verres.

286 1970 331 2046 (ὁ.
356 1968 424 2048 91.)
444 1966 667 2053 Syngrapbas
680 1968 834 2049 fecerat]
877 1969 966 2032 Inter
986 1972 1185 2054 syngraphas
1205 1981 1237 2034 et
1258 1982 1380 2034 caetera
1403 1969 1511 2036 chiro·

156 2063 324 2148 ao-grapba
344 2062 408 2126 boo
431 2059 580 2134 interest,
614 2063 701 2145 qnod
725 2059 755 2126 in
781 2061 912 2130 caeteris
937 2072 1056 2128 tanturn
1083 2084 1163 2148 qnae
1189 2075 1278 2148 gesta
1309 2076 1381 2127 sssnt
1409 2065 1508 2129 scribi

198 2156 319 2231 solent,
342 2152 375 2220 ia
397 2151 588 2238 syngraphis
610 2152 702 2227 etiam
717 2167 828 2218 contra
850 2154 943 2218 sulem
968 2155 1109 2219 veritatis
1130 2157 1236 2240 pactio
1259 2157 1362 2232 renit3
1386 2170 1418 2221 et
1443 2180 1508 2223 noa

199 2244 360 2319 numerati
385 2267 514 2352 qnoque
539 2246 671 2328 pecnnia
699 2258 752 2313 aut
780 2268 842 2315 uon
874 2247 998 2332 integre
1031 2262 1190 2320 ussmerata
1220 2272 1283 2334 pro
1314 2252 1508 2335 temporaria

174 2342 362 2408 frolnutnte
391 2341 551 2404 bominum
583 2338 682 2409 scribi
715 2340 818 2403 solent
844 2361 932 2405 more
960 2342 1169 2429 institutoque
1201 2346 1412 2412 Graecorum.
1462 2346 1506 2409 Et

197 2445 343 2498 caeterae
374 2434 499 2497 tabulae
523 2435 563 2495 ab
591 2453 652 2499 uns
682 2443 771 2514 parte
801 2433 922 2501 serrari
950 2437 1072 2500 solents
1106 2439 1306 2522 syngraphcn
1339 2438 1502 2523 utriusque

154 2540 292 2599 asmona
313 2525 497 2613 [signatam]
518 2525 644 2612 utrique
666 2525 952 2610 partiservapdam
975 2529 1115 2597 tradant.

289 2680 318 2740 β.
335 2675 436 2729 literas
450 2673 590 2746 publicos]
615 2675 706 2736 literis
720 2673 838 2746 pssblicis
856 2674 918 2730 ald.

286 2756 313 2815 ὅ,
332 2750 512 2804 Februarium
530 2749 662 2822 mensam]
690 2767 808 2805 mensem
827 2749 1008 2802 Februarium
1026 2747 1105 2805 editt.
1124 2751 1275 2809 Ciceronis.

288 2828 317 2885 d,
332 2843 416 2896 praa.
435 2825 537 2893 legam]
566 2841 650 2894 prov.
670 2833 698 2876 et
716 2824 805 2893 legat.
825 2822 893 2883 Lod.
912 2825 977 2885 Eut.
997 2825 1077 2886 Creu.

287 2902 316 2958 5.
334 2898 488 2971 consulum]
515 2899 658 2954 eonsilium
676 2899 768 2955 Prius.

287 2977 317 3035 6.
336 2973 493 3043 Hortensia]
513 2974 649 3030 Hortensi
667 2975 761 3032 Prius.
779 2970 841 3035 ΑΜ,

288 3053 315 3108 7.
335 3049 446 3101 Metelli
463 3056 537 3101 metu
556 3047 636 3116 dicit]
668 3051 716 3104 Sta
742 3053 852 3123 scripsi.
880 3077 917 3094 -·
943 3049 1063 3105 Metelli.
1089 3048 1181 3103 stubi
1199 3048 1269 3103 dicit
1286 3051 1377 3106 Prluc.
1396 3049 1507 3111 Berslti.

194 3119 257 3179 ΔΜ.
276 3122 344 3178 Lod.
364 3150 401 3173 .-
419 3123 532 3176 Metelli
549 3123 646 3193 ops‘dus
663 3122 734 3177 ds'es't
752 3123 837 3197 Logd.
855 3124 919 3178 llot.
939 3127 1016 3178 Mau.
1037 3125 1118 3179 Creu.

271 3205 315 3255 tt.
334 3215 433 3257 nomeu
451 3198 491 3251 od
498 3197 595 3269 sarm.
613 3196 739 3270 sufficit]
766 3200 813 3253 sic
832 3203 941 3270 scripsi,
960 3226 996 3240 -
1015 3217 1113 3256 nomeu
1130 3201 1170 3252 ad
1177 3196 1273 3269 sorus.
1292 3197 1391 3272 officit
1408 3201 1502 3260 Primo.

193 3270 303 3333 Bersld.
324 3272 382 3328 Ald.
401 3271 470 3327 Lod.
491 3301 523 3316 -
543 3289 642 3324 namen
653 3270 749 3342 form.
768 3271 863 3351 efficit
882 3275 970 3345 Lugd,
992 3275 1057 3332 Hor.
1078 3274 1154 3334 Mau,
1173 3277 1255 3334 Creu.
1372 3322 1374 3326 .

271 3351 315 3407 12.
334 3347 408 3418 Quia
426 3352 516 3401 iurati
534 3355 622 3399 testes
636 3346 764 3418 prodeas]
785 3366 841 3407 om.
860 3346 968 3405 nessia.

269 3418 340 3480 lbtd.
357 3421 487 3493 produci]
513 3421 644 3491 producti
662 3423 753 3476 Pslac.

270 3493 314 3553 ll.
332 3497 557 3549 Domesticorum
576 3496 680 3564 legum]
719 3498 812 3554 Psiuo.
842 3496 948 3554 Brrsld.
975 3495 1038 3552 Ald.
1065 3496 1133 3555 Lod.
1158 3514 1220 3551 oum
1240 3497 1401 3554 melioribus
1421 3497 1502 3558 codd.

193 3570 348 3645 Ciceronis.
376 3597 413 3622 -s
440 3570 545 3640 Legum
569 3570 782 3627 domesticarum
807 3573 893 3645 Lugd.
920 3576 985 3628 Hor.
1010 3575 1087 3629 Meu.
1108 3573 1189 3628 Creu.
1207 3590 1268 3627 ossus
1288 3573 1404 3647 sulgstis
1424 3575 1503 3632 editt.

193 3646 344 3706 Ciceronis.

268 3723 311 3781 16.
333 3719 442 3790 Occiso]
475 3722 566 3776 Ptine.
587 3719 692 3778 senta.
714 3721 773 3777 ald.
794 3722 861 3777 Lod.
889 3749 926 3771 w·
953 3723 984 3781 C.
1004 3722 1141 3775 Malleolo
1161 3721 1315 3792 stasstare
1335 3723 1385 3781 Cu,
1404 3724 1501 3778 Dolo·

191 3792 280 3848 bellae
304 3801 393 3848 secun
418 3794 505 3867 Lugd.
525 3799 589 3850 lior.
609 3797 686 3850 Mau.
707 3800 786 3851 Creu.
817 3825 855 3845 ι-
889 3801 1079 3870 interpretatio
1107 3813 1196 3850 snsssn
1217 3800 1297 3850 butus
1316 3796 1456 3852 lemssssrts
1475 3814 1503 3854 et

191 3874 349 3999 ρτέιίῗιιηι
374 3871 501 3926 scholion
526 3887 606 3945 supas
631 3870 790 3944 legebamus
810 3869 843 3927 sd
862 3873 886 3939 b.
908 3869 954 3929 bt.
975 3873 1050 3945 (pag.
1071 3875 1118 3929 ⁶7.
1136 3870 1214 3947 Hor.)
1234 3877 1263 3927 tu
1282 3874 1374 3930 Prius.
1394 3871 1502 3931 Besald.

191 3947 255 4003 Al·
298 3949 343 4004 otis
907 3985 909 3989 ·

268 4019 338 4079 lbid.
357 4038 424 4076 usus
440 4027 493 4076 est.
530 4020 620 4092 Nam]
649 4038 716 4073 usus
733 4028 777 4074 ssi
795 4025 937 4085 oratoris,
968 4038 1022 4088 pro
1040 4027 1153 4072 mortua
1176 4025 1294 4076 occisum
1320 4019 1406 4079 ds'as't.
1435 4040 1501 4076 uam

190 4091 288 4153 Gntr.
308 4094 422 4154 Sobata.
460 4095 545 4168 „MS,
571 4105 685 4153 aratore
707 4114 762 4168 pro
787 4104 898 4151 mortuo
923 4100 1042 4152 occisum
1067 4094 1151 4148 dixit.
1172 4095 1236 4166 Leg.
1255 4101 1390 4149 aratoris.
1428 4097 1502 4151 ilaec

187 4168 270 4300 zesbfs
300 4189 377 4236 sess,
409 4187 478 4243 quse
503 4175 532 4223 tn
555 4169 682 4232 omuibus
705 4169 786 4225 edlris
809 4168 1013 4238 desiderantur,
1045 4187 1078 4227 es
1109 4167 1170 4226 MS.
1200 4169 1337 4247 reposul.¹'
1367 4172 1501 4232 GRAEV,

213 4262 269 4297 ou.
290 4244 324 4298 sd
362 4249 455 4303 ,169.
476 4245 495 4305 l.
515 4248 542 4303 5.

261 4323 308 4381 20.
327 4263 533 4391 obiragrapba]
552 4317 722 4390 cirographo
742 4320 834 4379 Primo.
864 4372 867 4377 ,

261 4391 331 4449 tbtd.
351 4402 383 4448 in
401 4395 534 4467 caeteris]
565 4402 594 4447 iss
612 4393 809 4465 chirographis
829 4391 896 4450 tad.

261 4471 307 4526 td.
326 4469 364 4525 Bt
381 4473 521 4536 caeterae]
550 4468 610 4526 ana.
630 4486 657 4524 rs
677 4487 751 4542 seqq.
773 4497 806 4511 ·-
826 4476 854 4521 et
873 4477 984 4523 caetera
1003 4469 1094 4525 Ptine.
1113 4497 1151 4519 -s
1170 4476 1221 4526 etc.
1242 4466 1349 4528 Beseld,

260 4532 334 4598 tnta.
352 4545 453 4612 areu]
474 4544 545 4597 saras
566 4547 656 4598 eisne.

258 4622 305 4681 85.
327 4617 511 4689 syngrnploett
530 4625 672 4690 utrlsssqne
690 4638 773 4675 mauu
790 4621 949 4690 signatam]
978 4621 1024 4673 Sia
1044 4623 1153 4693 scalpsi.
1182 4650 1218 4664 -
1244 4619 1408 4691 syngrapha
1425 4638 1496 4673 uess-

184 4694 309 4764 estusque
327 4710 411 4745 mauu
432 4693 523 4749 Priao.
542 4721 580 4737 -
597 4692 779 4766 syngraphae
798 4697 974 4766 ueratriusque
993 4712 1076 4747 marus
1096 4693 1157 4755 ald.
1175 4723 1213 4741 ‹-
1231 4694 1414 4769 symgrupbae
1433 4714 1497 4756 nasu
