3210 5280
229 199 277 293 t'
698 272 702 280 .
767 223 994 291 asconius

229 372 358 433 deducta
382 381 429 432 est
450 380 552 431 atttem
569 366 696 430 Latina.
739 366 815 428 Duo
831 385 929 446 porro
953 384 1068 450 genera
1091 384 1197 427 eauun
1221 362 1434 437 coloniarum,
1460 380 1540 443 quac

229 464 390 546 apopulo
414 464 560 525 Romano
589 463 741 522 deductae
762 469 852 532 stunt,
885 458 1031 534 fuerunt,
1069 470 1103 521 nt
1126 457 1294 537 Quiritium
1325 458 1422 531 aliae,
1460 456 1539 518 aliae

229 558 418 619 Latinorum
441 564 558 618 essent.
602 553 653 616 De
675 572 708 614 se
730 562 832 614 autern
855 551 972 633 optime
995 553 1124 616 meritos
1146 552 1348 614 Placentinos
1370 549 1428 625 sit,
1453 549 1541 632 quod

230 650 274 710 iili
297 670 424 733 quoqne
446 644 689 710 honoratissima
709 647 833 708 decreta
850 667 926 729 erga
943 645 1131 711 Ciceronem
1146 646 1303 717 fecerant,
1328 653 1541 707 certaverant-

206 749 292 825 ⁵que
314 743 345 804 in
368 763 403 803 ea
427 761 462 802 re
484 760 554 801 curu
576 749 644 801 tota
667 737 774 813 ltalia,
799 761 869 801 cum
892 734 929 801 de
951 739 1052 801 reditu
1075 741 1140 801 eius
1162 750 1263 800 actum
1287 749 1346 798 est.

724 897 881 962 PAULO
914 898 1048 963 POST.

314 1023 366 1086 De
388 1040 450 1083 avo
473 1016 601 1082 Pisonis
623 1030 786 1083 materno:

269 1185 273 1192 ,
311 1113 384 1176 Hic
407 1132 486 1174 cum
513 1110 561 1172 ud
586 1131 642 1173 om
663 1153 980 1177 ...........
1001 1114 1197 1176 Placentiae
1215 1112 1313 1192 foret
1342 1109 1490 1174 consedit
1511 1120 1542 1174 et

233 1205 344 1287 pauci
363 1242 709 1264 ............
732 1201 765 1262 in
780 1220 856 1263 eam
871 1203 1057 1278 ciuitatem,
1071 1223 1151 1264 nam
1165 1212 1236 1264 tum
1252 1211 1323 1264 crat
1345 1243 1541 1265 .......

191 1302 274 1358 st..
296 1338 304 1356 .
326 1292 489 1376 ascendit.
540 1292 633 1351 Prius
655 1291 743 1354 enim
764 1290 882 1353 Gallus
903 1290 942 1354 de
963 1295 1023 1373 ing
1042 1294 1139 1354 alica
1159 1334 1354 1354 .......
1375 1299 1541 1354 extremus

232 1385 447 1447 Placentinus
467 1379 585 1442 hateri
603 1422 982 1443 .............
1002 1389 1061 1444 est.

316 1475 391 1536 Hoc
413 1492 541 1554 quoque
571 1469 644 1532 dicit
666 1470 822 1531 civitatem
844 1470 954 1533 fuisse.
997 1472 1051 1535 Ab
1082 1473 1189 1532 eadem
1218 1469 1423 1551 persuasione
1452 1469 1543 1550 ponit

232 1567 426 1632 Placentiam
456 1564 657 1646 municipium
685 1563 795 1626 luisse.
850 1566 957 1627 Avum
987 1576 1088 1626 autem
1120 1563 1246 1627 Pisonis
1281 1565 1384 1645 primo
1402 1563 1541 1635 ,Gallum

147 1706 150 1710 ι
232 1662 329 1724 sitisse
350 1659 424 1723 ideo
444 1658 504 1734 ait,
536 1660 623 1743 quod
645 1657 768 1721 venisse
789 1678 859 1720 etam
885 1657 916 1718 in
943 1655 1064 1719 Italiam
1086 1656 1161 1719 dicit
1187 1667 1273 1719 trans
1301 1658 1400 1737 Alpes
1426 1700 1435 1719 .
1461 1701 1470 1719 .
1497 1699 1507 1719 .
1532 1699 1543 1718 .

264 1854 265 1858 ¹
325 1870 352 1920 2.
372 1872 403 1916 ut
422 1864 572 1934 Quiritium
590 1864 679 1930 allae,
699 1865 773 1916 aliae
792 1864 956 1917 Latinorrsm
975 1867 1077 1932 essent]
1116 1866 1163 1919 ste
1182 1860 1244 1916 dedi
1263 1879 1344 1935 qnam
1358 1866 1472 1914 minime
1485 1862 1546 1916 dit-

233 1939 332 1997 cedens
359 1940 393 1992 ab
419 1940 549 1993 editionis
569 1944 701 2012 principie
728 1939 847 1992 lectione
873 1955 1016 2012 corrupta:
1045 1945 1138 2008 itaque
1156 1940 1230 1990 aliae
1249 1939 1415 1991 Latietoram
1439 1946 1548 2002 essent,

234 2034 315 2089 qnam
335 2021 469 2069 intactam
490 2014 537 2068 reli
560 2031 655 2067 nerunt
675 2013 738 2068 did.
760 2019 909 2081 (asteriscis
930 2014 1044 2088 additis)
1064 2031 1091 2067 et
1111 2012 1196 2086 Lngd.
1215 2042 1250 2055 -·
1276 2016 1300 2068 Δ
1327 2029 1420 2067 nostra
1448 2026 1548 2066 ernen-

234 2091 345 2144 datione
366 2108 446 2143 senen
466 2108 520 2142 non
541 2035 632 2142 differt
651 2089 735 2143 lectio
754 2089 830 2143 Man.
850 2106 878 2142 et
897 2090 1018 2163 sigonii:
1048 2095 1098 2141 ita
1110 2099 1140 2140 nt
1160 2090 1232 2141 aliae
1254 2089 1417 2142 Latinorum
1435 2096 1546 2153 essent,

234 2168 308 2219 aliae
333 2170 434 2217 civium
460 2165 655 2218 Romanam.
696 2162 774 2217 Conl.
797 2166 854 2218 tta.
875 2162 1014 2220 xxxix.
1034 2170 1079 2224 55.
1108 2195 1145 2208 —
1173 2169 1266 2236 itaque
1285 2165 1357 2217 aliae
1381 2162 1547 2217 Latinorum

235 2248 329 2294 etiam.
350 2239 458 2293 Beraid.
480 2269 514 2283 -
535 2241 666 2305 Italicae,
696 2241 770 2290 aliae
789 2239 954 2293 Latinorum
983 2245 1078 2292 ctiam.
1098 2239 1166 2293 Lod.
1192 2265 1227 2278 -
1254 2239 1345 2291 Erant
1364 2243 1436 2289 enirn
1454 2243 1545 2303 aliae,

234 2317 332 2387 qtsiltts
349 2321 393 2366 lus
410 2315 511 2368 Italiae
531 2315 667 2380 dabatur,
698 2316 772 2366 aliae
798 2321 881 2379 item,
912 2333 981 2385 quae
1007 2315 1172 2368 Latinorum
1197 2322 1298 2368 essent.
1327 2317 1391 2368 Hor.
1411 2313 1493 2366 Creu.
1511 2341 1548 2356 -

235 2393 383 2445 Hotomsni
403 2392 550 2444 lectionem
571 2405 696 2443 accurate
716 2389 842 2443 refutauit
863 2390 980 2462 savigny
999 2388 1032 2442 de
1052 2395 1110 2443 inre
1129 2390 1229 2445 Italico
1248 2388 1420 2456 (zeitschrift
1433 2386 1478 2440 far
1497 2406 1548 2459 ge-

236 2466 420 2521 schichtliclre
442 2463 749 2529 iieclttsuissensclsai't‚
770 2465 822 2519 vol.
842 2468 874 2520 V.
895 2484 921 2538 p.
941 2470 1004 2523 2¹⁴7.
1024 2471 1096 2537 sqq.)
1116 2481 1143 2518 et
1163 2464 1305 2538 legendnm
1326 2468 1486 2538 proposuit:
1505 2468 1549 2512 ita

237 2551 267 2592 ut
287 2543 360 2591 aliae
378 2545 481 2593 civitem
500 2540 707 2602 Romanorum,
727 2541 800 2591 aliae
821 2541 983 2593 Latinarum
1002 2550 1101 2593 essent.
1140 2539 1242 2593 Eodem
1262 2556 1331 2593 teste
1352 2556 1414 2592 cnm
1426 2538 1548 2592 lectione

237 2616 334 2669 mutila
366 2613 497 2668 editionis
524 2619 658 2690 principis
683 2619 859 2668 consentiunt
885 2615 940 2668 dno
964 2614 1044 2669 codd.
1071 2617 1204 2684 Parium,
1235 2632 1303 2669 nnus
1331 2617 1493 2668 Viennensis
1519 2625 1548 2666 et

237 2693 392 2748 (inthanns.

332 2769 357 2823 5.
377 2762 460 2834 quod]
480 2763 589 2835 quidem
608 2762 702 2817 Pritic.
722 2768 905 2833 -quoniam
925 2763 1031 2817 Berald.
1052 2762 1119 2816 Led.

331 2839 359 2894 lt.
372 2841 522 2909 jecerant]
544 2839 630 2909 Lugii.
650 2839 716 2893 Hot.
744 2839 821 2891 Man.
847 2839 927 2892 Creu.
958 2869 988 2880 -
1001 2836 1139 2908 fecerunt
1158 2841 1249 2894 Ptine.
1272 2837 1376 2893 iterati.
1397 2835 1463 2894 ΑΜ.
1483 2835 1552 2893 Lod.

330 2916 358 2972 6.
381 2914 507 2966 PAULO
528 2913 624 2965 POST
642 2942 677 2957 -
698 2916 836 2980 materno]
859 2932 915 2967 nm.
936 2914 1019 2986 Lugd.

335 2993 361 3045 7.
380 2991 520 3056 materno]
540 2991 632 3043 Ptine.
652 2986 758 3043 Bernld.
779 2990 846 3041 Lod.
867 3005 931 3042 cnm
952 2990 1062 3043 Graevii
1082 2987 1186 3044 codice.
1208 3018 1243 3033 -
1256 2997 1378 3059 paterna
1397 2986 1456 3042 did.
1472 2989 1551 3042 Men.

240 3065 305 3118 iiot.
325 3065 407 3117 Cren.

333 3145 434 3199 s-st.
455 3138 561 3189 Hic-
581 3137 636 3210 est]
675 3137 806 3191 Mutilum
825 3137 899 3191 bunc
919 3138 1013 3193 locum
1033 3159 1065 3192 ex
1085 3136 1150 3193 edit.
1171 3144 1258 3212 princ.
1279 3135 1442 3191 accurated
1480 3143 1554 3206 inpi,

241 3230 396 3267 ceterarum
422 3211 559 3266 editorum
584 3217 752 3266 commentis
778 3214 832 3266 hnc
860 3219 980 3270 reiectis.
1029 3212 1150 3268 Eandem
1170 3220 1300 3286 expressit
1331 3214 1373 3266 Pr.
1402 3155 1555 3278 dedistiss,

241 3289 353 3342 iscnnss
374 3293 511 3342 asteriscis
531 3303 647 3353 notans,
665 3292 719 3341 nisi
739 3287 811 3360 qnod
825 3307 875 3361 pro
888 3287 922 3339 de
934 3296 986 3360 ing
998 3293 1072 3342 alica
1084 3288 1159 3342 dedit
1175 3288 1220 3340 dei
1232 3291 1338 3358 gallica
1351 3307 1379 3343 et
1392 3287 1554 3343 asteriscum

243 3368 335 3437 posuit
354 3380 417 3435 post
438 3379 531 3415 rocem
550 3371 610 3428 est,
638 3379 722 3435 qnam
748 3367 777 3416 in
797 3363 843 3416 illa
863 3380 979 3418 vacnum
999 3371 1118 3438 spatium
1138 3370 1173 3418 sit
1194 3381 1256 3418 ante
1276 3379 1345 3415 enm.
1365 3393 1401 3406 -
1421 3361 1554 3417 Beraldns

243 3455 272 3492 et
293 3438 444 3490 Ladoicns:
473 3439 528 3488 Hic
545 3453 607 3488 cam
624 3436 713 3490 dirue
731 3438 889 3491 Placentiae
901 3437 987 3510 foret
1006 3439 1130 3492 consedit
1150 3449 1177 3491 et
1187 3445 1272 3512 pauci
1283 3445 1312 3491 in
1325 3458 1386 3491 eam
1397 3444 1553 3505 civitatem,

244 3522 302 3566 tum
322 3522 352 3562 ut
372 3521 435 3564 erat
452 3510 588 3586 aqcendit.
613 3518 694 3584 prius
719 3518 791 3565 enim
817 3515 931 3579 Gallias,
962 3515 1026 3567 dein
1046 3515 1185 3580 Gallicam,
1217 3523 1359 3567 extremus
1379 3515 1557 3566 Placentinus

245 3588 340 3640 ltaberi
359 3596 472 3657 coeptus
489 3595 542 3639 est.
563 3614 600 3628 -
618 3589 672 3640 Hic
690 3607 752 3641 cam
771 3587 811 3639 ad
828 3588 936 3641 Padum
956 3591 1115 3642 Placentiae
1121 3590 1208 3659 f'orta
1221 3590 1405 3655 consedisset,
1421 3595 1506 3661 parsci
1525 3593 1556 3640 in

245 3682 306 3716 eam
326 3668 469 3714 civitatem
488 3670 567 3725 (nam
587 3669 646 3714 tam
664 3672 727 3715 erat
745 3662 860 3737 civitas)
879 3665 1014 3718 ascendit.
1052 3665 1136 3716 Prius
1153 3675 1225 3717 enim
1244 3665 1355 3727 Gallus,
1375 3664 1440 3719 dein
1459 3665 1557 3717 Galli-

247 3755 348 3800 canus,
377 3746 504 3789 extremo
523 3736 771 3804 Semiplacentinus
789 3737 886 3790 haberi
904 3751 1017 3810 coeptus
1035 3748 1077 3792 est
1096 3739 1181 3812 Lngd.
1202 3742 1265 3793 Hnt.
1285 3739 1362 3794 Man.
1390 3769 1425 3782 -
1451 3737 1568 3793 Eadem,

247 3812 327 3865 rerba
346 3809 478 3864 dederunt
498 3809 626 3883 Sigonius
646 3828 674 3864 et
692 3815 823 3878 Creditis,
841 3815 888 3866 sed
902 3815 947 3866 ille
960 3820 1054 3868 omitit
1069 3832 1127 3869 voc.
1140 3817 1315 3881 Placentiae,
1336 3831 1450 3886 uterque
1465 3829 1558 3867 antem

247 3905 297 3961 pro
312 3890 397 3957 pauci
416 3889 526 3959 scripsit
542 3891 641 3956 paneis
655 3895 721 3957 post
740 3892 838 3953 annis,
864 3908 879 3943 e
898 3895 972 3943 coni.
996 3891 1124 3944 Munatii.

325 3969 371 4018 12.
392 3961 453 4012 Hoc
471 3964 585 4031 quoque]
624 3964 716 4016 Princ.
736 3965 845 4017 Betaid.
866 3962 925 4018 did.
946 3963 1011 4016 Lod.
1041 3993 1076 4006 -
1106 3965 1149 4018 iric
1168 3984 1270 4037 quoque
1291 3963 1374 4036 Lugd.
1396 3966 1459 4018 Ηοῑ.
1480 3965 1560 4018 Man.

248 4036 329 4089 Cren.
348 4065 385 4079 -
405 4040 445 4087 An
464 4034 515 4087 hac
534 4036 613 4088 loco!
634 4037 703 4089 Nam
723 4054 803 4110 snpra
823 4056 879 4092 nnn
898 4045 1059 4106 civitatem,
1080 4039 1127 4094 sed
1146 4046 1321 4112 mimicipium
1340 4039 1423 4093 fnisse
1442 4039 1522 4093 dixit.

310 4112 367 4169 Ale.
388 4109 475 4181 quand]
496 4109 604 4182 quidem
624 4111 716 4168 Ptine.
735 4111 842 4169 Berald.
1354 4144 1358 4151 ·

325 4184 396 4238 lbid.
414 4194 496 4236 trans
516 4186 616 4256 Alpes]
646 4191 800 4258 transalpis
827 4191 915 4242 Prlnc.
935 4187 1043 4243 Berald.
1070 4214 1107 4231 -
1134 4192 1280 4261 Sequentia
1310 4205 1325 4240 n
1356 4189 1434 4242 nobis
1465 4190 1563 4242 relicta

250 4257 450 4333 quemadmodtr
464 4260 619 4332 mleguntnr
633 4265 661 4314 in
681 4260 724 4318 ed.
745 4268 831 4335 princ.
850 4270 890 4317 sic
910 4265 1090 4318 exhibuerunt
1105 4265 1234 4318 Beraldns
1249 4280 1274 4317 et
1289 4261 1440 4318 Lodcicus:
1461 4272 1563 4316 trans-

249 4338 323 4408 alpis
348 4336 430 4400 (niter
455 4343 537 4387 trans
558 4335 654 4410 Alpes)
680 4337 786 4407 quidem
805 4340 879 4408 qtsod
901 4346 931 4390 in
956 4340 1041 4391 Italia
1066 4341 1221 4392 consederit
1240 4340 1398 4391 Placentiae
1414 4349 1565 4411 postquam

250 4418 357 4464 accitus
375 4416 413 4462 sit
432 4429 449 4461 a
469 4410 639 4462 Placentinis
657 4430 728 4463 avtss
746 4415 832 4464 rnttlta
851 4424 903 4466 cet.
922 4444 959 4457 —
986 4415 1137 4478 Aenianes,
1165 4417 1324 4478 Manutius,
1353 4414 1451 4488 (Lngd.
1472 4414 1565 4487 Man.)

250 4488 437 4539 Hotomanus:
470 4493 552 4537 trans
580 4488 674 4554 Alpet't
701 4490 801 4557 (Alpes
826 4489 916 4553 Man.)
945 4489 1019 4560 quoti
1035 4496 1065 4541 in
1085 4491 1170 4541 ltalia
1194 4489 1369 4554 consederit,
1404 4490 1566 4541 Placentiae

247 4570 394 4632 postquam
413 4565 520 4611 assitus
537 4558 655 4636 (ascitus
674 4561 772 4634 Lngd.)
791 4568 843 4629 sit,
865 4583 883 4614 a
904 4564 1028 4616 Placenti
1039 4571 1139 4616 *avers
1157 4567 1242 4616 multo
1262 4580 1315 4617 cet.
1336 4592 1372 4605 -
1393 4565 1521 4636 Sigonius
1537 4581 1567 4618 et

251 4640 381 4690 Crenius:
411 4643 493 4687 trans
513 4637 598 4706 Alpes
616 4636 727 4709 (Alpet's
746 4639 854 4705 Cren.);
881 4640 1071 4706 Gallicanum,
1099 4640 1173 4711 qrsod
1196 4646 1224 4690 in
1249 4639 1335 4691 Italia
1354 4638 1449 4713 (italis
1469 4640 1565 4711 Creu.)

252 4711 425 4767 consederit:
455 4711 731 4782 Semiplacentinum,
756 4722 905 4786 postquam
934 4720 1040 4768 ascitus
1065 4720 1141 4769 sita
1167 4715 1354 4769 Placentinis:
1385 4715 1460 4788 quod
1477 4718 1566 4769 multo

253 4800 306 4840 cet.
327 4803 343 4838 e
361 4789 524 4840 coniectura
543 4785 673 4842 Manntii.
