3210 5280
259 709 722 897 scuonrasTa
759 783 1291 895 onououauus

751 1045 802 1104 IN

376 1236 745 1327 ORATIONEM
773 1239 892 1327 PRO
922 1234 1179 1333 MILONE.

201 1623 346 1703 Quodam
374 1632 519 1703 tompore
541 1619 675 1687 Clodius
702 1624 740 1685 de
769 1643 872 1686 uxore
895 1618 1044 1687 Caesaris
1066 1619 1202 1683 incestas
1224 1620 1342 1685 amoris
1371 1633 1437 1683 tra·

116 1729 208 1782 xerat
230 1718 382 1780 flammas.
427 1718 465 1780 Iu
486 1717 606 1798 templo
631 1717 743 1780 Bonae
759 1718 836 1779 deae
856 1715 965 1779 habitu
988 1714 1136 1778 muliebri
1149 1737 1219 1778 curm
1236 1737 1338 1780 uxore
1354 1714 1465 1781 Cae-5

116 1811 195 1874 saris
216 1811 363 1874 inventus
386 1821 446 1874 est.
493 1807 695 1876 Conscientia
711 1809 840 1873 sceleris
854 1809 937 1893 sugit
961 1810 1186 1873 Interamnam.
1232 1808 1438 1875 Cicerocum

115 1906 195 1968 vidit
214 1904 409 1986 fugientem
433 1913 464 1965 et
483 1915 594 1964 contra
616 1923 703 1980 eum,
730 1905 802 1965 dum
827 1916 1031 1968 accusaretur
1047 1903 1199 1980 Clodius,
1224 1904 1438 1968 testimouium

116 1999 208 2062 dixit.
252 1997 337 2060 Hinc
362 1996 466 2079 primo
489 1994 668 2059 inimicitiae
692 2007 782 2060 ortae
803 2009 877 2060 stunt
897 1998 980 2061 iuter
1002 1997 1192 2062 Ciceronem
1216 2008 1247 2062 et
1273 1997 1437 2063 Clodium.

116 2091 241 2158 Dehinc
266 2101 361 2172 post,
397 2091 468 2151 duum
499 2089 650 2152 liberaret
672 2089 789 2156 Cicero
810 2113 877 2154 rem
903 2092 1061 2175 publicam
1086 2113 1101 2154 a
1129 2091 1367 2174 conspiratione
1393 2091 1440 2155 ci·

116 2187 221 2260 vium,
246 2186 317 2246 dum
341 2181 463 2267 aliquos
486 2182 674 2257 occidisset,
698 2183 845 2247 invidiam
866 2207 979 2267 passus
999 2207 1015 2249 a
1032 2185 1150 2250 Clodio
1175 2185 1303 2249 tribuno
1323 2186 1436 2267 plebis,
1452 2199 1483 2250 tt

116 2280 171 2364 qui
197 2282 235 2341 de
256 2276 390 2360 patricia
413 2276 531 2340 familia
555 2276 587 2338 in
609 2277 766 2359 plebeiam
789 2279 970 2342 transierat.
1016 2279 1207 2343 Ciceronem
1237 2279 1268 2341 in
1294 2277 1438 2342 exsilium

116 2372 211 2435 misit.
255 2373 377 2435 Postea
403 2370 488 2433 Milo
516 2370 632 2433 amicus
656 2368 1111 2456 Ciceronistribunusplebis
1136 2375 1174 2434 de
1206 2370 1320 2436 exsilio
1343 2371 1440 2436 Cice·

117 2488 225 2531 ronem
255 2463 433 2527 revocavit.
490 2464 635 2544 Quodam
665 2476 811 2548 tempore
840 2469 995 2549 petebant
1021 2467 1216 2531 consulatum
1248 2468 1437 2549 Hypsaeus,

116 2562 227 2644 Scipio
256 2571 288 2624 et
317 2559 416 2624 lllilo.
461 2558 594 2625 Clodius
621 2571 733 2623 contra
756 2559 911 2624 Milonem
937 2561 997 2625 fuit
1019 2573 1050 2624 et
1078 2559 1222 2635 obstitit,
1246 2582 1286 2624 ne
1315 2570 1440 2644 peteret

117 2656 326 2721 consulatum.
372 2654 498 2717 luterea
524 2653 609 2717 Milo
638 2653 741 2716 iactus
768 2664 817 2717 est
845 2654 983 2719 dictator
1003 2654 1159 2731 Lanuvii,
1188 2665 1223 2716 ut
1250 2653 1483 2722 sacrificiumts

116 2753 239 2816 faceret
269 2749 384 2813 lurnoni
409 2747 556 2830 Sospitae
590 2759 622 2811 et
655 2748 798 2811 flamines
826 2760 1025 2831 procrearet.
1085 2747 1237 2824 Clodius,
1270 2749 1343 2811 darm
1376 2748 1441 2812 hoo

116 2846 275 2919 audisset,
299 2842 478 2906 Lanuvium
494 2841 695 2925 proditurum
711 2841 887 2919 Milouem,
911 2843 1070 2926 processit
1091 2857 1163 2908 ante
1184 2845 1315 2910 fundum
1335 2867 1438 2922 asurim,

117 2953 150 3004 ut
176 2938 302 3002 insidias
330 2937 361 3000 in
390 2937 518 3000 Albano
551 2937 738 3001 collocaret.
793 2938 878 3002 Milo
907 2948 1009 3000 autem
1036 2937 1202 3020 proiectus
1230 2940 1336 3004 luerat
1367 2961 1439 3003 cum

117 3056 220 3098 tunore
249 3043 281 3095 ct
310 3030 442 3094 ancillis.
499 3029 651 3095 Occurrit
678 3030 707 3093 ei
734 3028 867 3095 Clodius
894 3030 926 3092 in
953 3030 1016 3093 via.
1063 3030 1181 3114 Coepit
1210 3054 1343 3097 unxorem
1371 3032 1439 3096 eius

115 3127 237 3191 iniuriis
265 3147 460 3210 provocare.
505 3127 621 3209 Pugna
654 3123 737 3187 iuter
771 3145 826 3188 eos
860 3123 1027 3188 commissa
1056 3125 1180 3189 occisus
1213 3140 1262 3189 est
1292 3127 1439 3194 Clodius.
1452 3133 1486 3182 2⁰

117 3223 237 3285 Postea
253 3242 372 3303 corpus
387 3219 485 3302 ipsius
504 3218 646 3283 Cloelius
663 3230 694 3281 et
715 3218 854 3282 Plancus
877 3220 916 3281 ad
932 3221 1043 3281 urbem
1059 3221 1270 3286 adduxerunt.
1316 3222 1440 3286 Triduo

117 3317 156 3376 ad
178 3315 326 3378 iuvidiam
352 3314 486 3378 Milonis
510 3315 648 3376 cadaver
673 3310 781 3374 iacuit.
825 3309 949 3376 Deinde
975 3312 1037 3375 lata
1061 3313 1165 3377 fuerat
1190 3314 1262 3393 lex,
1299 3327 1333 3378 ut
1355 3315 1443 3379 servi

119 3408 255 3471 lllilouis
285 3408 316 3470 iu
344 3420 438 3489 caput
467 3407 587 3471 domini
619 3416 858 3490 torquerentur.
914 3409 989 3471 Hoc
1018 3407 1103 3472 Milo
1131 3406 1258 3486 videns,
1295 3431 1335 3474 ne
1356 3407 1444 3473 servi

118 3502 185 3563 eius
209 3501 327 3563 crimen
352 3502 580 3566 confiterentur
610 3503 650 3564 ab
678 3500 749 3582 ipso
776 3498 927 3566 Clodium
961 3500 1120 3577 occisum,
1157 3523 1212 3565 eos
1244 3502 1441 3578 manumisit,

121 3606 154 3656 ut
181 3596 238 3657 iam
262 3595 355 3658 liberi
377 3595 521 3678 torqueri
542 3616 604 3659 non
631 3606 774 3677 possent.
818 3595 943 3659 Deinde
966 3595 1142 3677 Pompeius
1168 3595 1322 3672 iusserat,
1348 3608 1382 3659 ut
1404 3598 1487 3661 deas

119 3701 223 3752 morte
251 3688 359 3753 Clodii
382 3702 474 3752 extra
498 3689 639 3753 ordinem
667 3699 893 3772 quaereretur;
924 3690 988 3752 hoc
1015 3700 1080 3764 est,
1113 3710 1153 3754 co
1179 3703 1345 3773 tempore,
1377 3711 1443 3775 quo

119 3781 230 3843 iudicia
253 3782 398 3845 silebant.
443 3782 567 3845 Deinde
591 3781 738 3865 quioniam
765 3784 885 3846 viderat
909 3793 939 3845 et
963 3803 1049 3846 reum
1072 3794 1103 3844 et
1127 3783 1259 3847 aurieruu
1276 3781 1442 3860 Caesaris,

121 3875 251 3938 armatis
274 3875 373 3939 cinxit
397 3876 499 3959 ipsum
527 3875 694 3950 iudicium,
720 3895 758 3938 ne
788 3876 854 3940 ullo
882 3876 978 3939 modo
1004 3878 1140 3940 evadere
1165 3889 1290 3959 posset.
1336 3880 1445 3942 Status

122 3970 151 4030 iu
179 3972 238 4030 hac
267 3968 412 4033 oratione
435 3982 483 4032 cst
508 3969 684 4041 relativus;
719 3969 782 4033 hoc
814 3982 881 4032 est:
893 3969 997 4061 feci:
1029 3971 1090 4034 aeri
1115 3971 1258 4044 mentita
1290 3973 1354 4035 boc
1376 3983 1443 4035 est:

124 4061 344 4125 insidiantem
366 4063 488 4127 occidi.
541 4064 650 4127 Genus
677 4083 791 4127 caussae
820 4064 1005 4128 admirabile
1037 4087 1078 4129 ex
1108 4087 1165 4142 eo,
1201 4069 1288 4152 quod
1317 4064 1446 4130 armatis
1459 4071 1490 4122 ³⁰

124 4154 324 4218 circumdatis
351 4156 434 4221 Milo
458 4155 678 4221 obsidebatur.

200 4372 231 4429 lt.
248 4388 305 4424 om.
326 4378 433 4424 amoris
453 4368 516 4424 Scb.
556 4375 584 4428 6.
605 4369 807 4436 Interamnam]
830 4364 878 4419 ste
897 4371 995 4440 scripsi
1018 4366 1233 4420 —Interamna
1252 4368 1288 4423 G.
1309 4368 1359 4422 Gr.
1380 4368 1449 4425 Scis.

126 4456 172 4506 Η,
189 4447 336 4515 plebeiam]
358 4446 391 4501 de
412 4449 435 4505 l.
456 4447 485 4498 F.
505 4444 593 4499 Gran.
614 4445 789 4501 correctione
811 4442 876 4496 Scb.
896 4440 1056 4516 —plebem
1082 4448 1139 4494 iam
1166 4446 1201 4497 0.
1228 4443 1278 4499 Gt·
1320 4450 1363 4504 13.
1386 4445 1449 4518 lly-

123 4525 240 4595 psaeus]
263 4520 295 4575 de
310 4523 332 4574 l.
348 4524 376 4578 F.
390 4523 526 4578 Gronoril
546 4538 664 4579 correct.
685 4516 750 4577 Sch.
771 4545 805 4560 -
826 4518 952 4588 Nepreus
971 4520 1007 4573 G.
1028 4518 1078 4572 Gr.
1119 4523 1163 4574 15.
1183 4517 1315 4588 Mutavit]
1336 4520 1449 4574 seb.-

127 4598 233 4653 Lnnuln‘
254 4600 290 4651 G.
311 4597 361 4651 Gr.
402 4603 445 4660 16.
467 4600 606 4665 Sospitae]
628 4595 660 4651 de
682 4597 816 4653 Gronot·ii
837 4609 909 4646 corr.
930 4593 996 4647 Scit.
1015 4621 1053 4635 -
1073 4599 1146 4662 opita
1167 4594 1203 4648 G.
1223 4595 1273 4649 Gr.
1313 4599 1356 4651 17.
1374 4613 1449 4666 pro-

128 4677 222 4742 cessit]
245 4672 281 4726 G.
299 4672 349 4728 Gr.
370 4704 407 4718 -
426 4677 558 4728 neccesn't
578 4672 642 4728 Sola.
665 4675 757 4728 tacite.
798 4672 840 4730 10·
860 4670 897 4737 θ’]
927 4668 991 4725 Sela.
1019 4697 1055 4712 -
1081 4678 1108 4721 et
1134 4670 1169 4726 G.
1191 4670 1241 4725 Gr.
1278 4673 1324 4728 28.
1341 4674 1448 4743 posset]

128 4749 192 4807 ach.
214 4778 250 4792 -
266 4752 359 4823 poeste
379 4749 414 4807 G.
435 4749 485 4810 cr.
