3210 5280
157 201 219 296 oss
493 179 496 184 ’
577 200 781 267 senoina
805 196 1056 265 contrusis

157 346 274 407 sedan
300 343 500 418 nominatusa
534 343 681 428 quioniam
714 339 814 404 rideri
844 341 945 423 possit
974 337 1066 403 etiam
1096 337 1190 400 stulta
1224 332 1393 406 cetensio,
1430 330 1477 409 id,

35 471 54 482 -
149 441 244 526 quod
267 459 329 501 non
353 449 537 512 accusetur,
562 439 644 499 velle
671 458 824 521 purgare.

234 563 337 637 XIV.
366 557 401 637 1.
437 550 619 636 Exclusus
658 563 726 636 bac
752 563 1009 635 criminatione
1036 558 1252 655 Torquatus
1278 576 1418 625 rursus
1444 554 1480 624 in

158 700 216 749 me
244 677 382 781 inruit,
410 699 466 748 me
494 685 664 749 accusat:
692 678 745 750 ait·
761 699 817 751 tue
837 676 946 748 aliter
964 696 1007 743 ae
1026 671 1162 743 dictum
1181 674 1250 761 sit,
1277 669 1316 739 in
1336 664 1481 740 tabulas

134 789 326 888 spublicas
352 789 555 862 rettulisse.
609 787 718 862 Odii
745 779 981 862 inmortales!
1010 800 1053 862 Et
1075 797 1218 861 relicum.

244 907 357 969 luxta¹
379 905 563 991 dignitatem
587 927 742 987 personae
764 905 795 969 in
811 925 974 968 excessum
1002 902 1091 965 locus
1118 910 1203 962 totus
1224 897 1401 960 ell'unditur
1416 916 1485 959 cum

159 998 374 1083 indignatione
399 997 587 1061 vehementi.
643 999 696 1062 Fu
725 999 806 1063 cuim
836 997 1019 1061 coniectura
1050 992 1208 1066 incidens,
1237 1013 1275 1052 ao
1300 990 1343 1055 Ρ.
1374 992 1484 1070 Syllae

158 1112 275 1156 nomen
301 1092 497 1154 subtraxerit
520 1090 639 1156 Cicero
669 1105 699 1154 et
729 1093 760 1154 id
787 1090 907 1177 egerit,
931 1110 969 1151 ne
997 1088 1028 1150 in
1059 1086 1182 1150 tabulas
1207 1083 1353 1168 publicas
1381 1085 1485 1146 rel-cr

159 1198 260 1247 retur.
316 1187 391 1248 Non
415 1185 524 1249 debuit
550 1207 630 1266 ergo
659 1185 819 1249 humiliter
844 1196 876 1247 et
908 1183 1015 1245 timide
1045 1184 1126 1244 hanc
1152 1179 1395 1253 defensionem,
1429 1178 1486 1239 sed

117 1286 230 1342 ttcuut
252 1278 372 1360 impetu
393 1278 655 1360 flagrantissimae
682 1277 905 1364 indignationis
927 1275 1078 1358 implere,
1103 1273 1193 1358 quasi
1219 1271 1354 1336 monstri
1382 1269 1484 1333 simile

159 1372 217 1446 sit,
243 1372 271 1434 in
295 1383 384 1436 tauto
407 1375 538 1434 consule
555 1371 673 1455 aliquid
689 1373 831 1454 potuisse
849 1370 969 1433 Iraudis
984 1369 1153 1432 exsistere.
1198 1368 1269 1430 Hae
1283 1375 1357 1428 sunt
1372 1353 1483 1428 deleu-

159 1464 282 1548 sioues,
305 1487 385 1550 quae
407 1467 439 1528 in
461 1466 609 1548 personis
632 1466 816 1528 inlustribus
839 1465 992 1547 qtrendam
1015 1460 1160 1544 spiritum
1183 1458 1284 1522 laudis
1305 1457 1482 1520 imitantur.

236 1584 272 1663 2.
309 1588 481 1676 Instituit
507 1600 723 1685 senatores,
751 1591 813 1687 qui
840 1590 968 1663 omnia.
987 1588 1147 1659 indicum
1176 1585 1293 1677 dieta,
1320 1585 1493 1657 interro·-

159 1710 264 1801 gata,
302 1726 485 1799 responsa
523 1703 816 1800 perscriberent.
883 1701 932 1774 At
959 1722 1051 1798 quos
1078 1692 1213 1771 viros?
1257 1719 1331 1769 non
1360 1693 1482 1768 solum

118 1832 301 1885 assumma
326 1812 423 1908 fide,
450 1813 516 1886 sed
544 1817 652 1886 etiam
680 1837 773 1911 quos
792 1813 951 1886 sciebam
973 1814 1173 1905 memoria,
1192 1810 1370 1900 scientia,
1390 1807 1483 1880 cele·

159 1926 270 1998 ritate
297 1925 485 1998 scribendi
512 1925 705 2020 facillime,
734 1948 827 2022 quae
854 1926 1089 2019 dicerentur,
1116 1924 1291 2021 persequi
1317 1944 1445 2018 posse.

245 2044 298 2106 Ad
320 2043 495 2105 diluendam
518 2043 754 2126 qttaestionem,
779 2063 880 2126 quae,
906 2053 938 2104 ut
968 2041 1128 2115 diximus,
1156 2039 1297 2101 incidens
1322 2051 1394 2100 nata
1419 2049 1482 2114 est,

160 2155 198 2198 an
219 2134 333 2197 falsum
356 2136 515 2199 consutio
536 2137 658 2198 tabulas
681 2135 826 2218 publicas
843 2135 1022 2209 rettulerit,
1036 2135 1224 2197 ‘inieruntur
1238 2135 1316 2196 baec
1336 2132 1485 2214 exeinpla

162 2228 370 2304 validissima,
402 2231 490 2312 quod
516 2231 555 2291 ad
582 2229 783 2292 scribendum
814 2248 926 2304 cirine,
960 2228 1189 2311 qttodindices
1217 2226 1481 2309 pronuntiarent,

1 2402 3 2407 ³
117 2322 293 2386 widoneos
327 2323 505 2385 admoverit
532 2335 711 2385 senatores.
766 2323 809 2385 Et
836 2321 1007 2406 vigilanter
1041 2323 1103 2385 dito
1133 2319 1194 2383 illis
1224 2319 1417 2401 praecipua,
1453 2328 1485 2379 et

161 2435 242 2497 quae
264 2417 303 2477 ad
318 2417 545 2477 struurentum³
568 2416 640 2477 fidei
656 2414 832 2477 necessaria
848 2426 939 2489 sunt,
964 2413 1134 2488 adscribit,
1159 2412 1251 2475 animi
1265 2411 1483 2496 integritatem

161 2518 191 2569 et
216 2506 416 2571 velocitatem
439 2507 615 2584 scribendi,
653 2519 687 2570 ut
715 2509 793 2570 fides
822 2529 886 2572 non
909 2509 1068 2590 deceperit
1090 2507 1266 2570 veritatem
1290 2546 1481 2570 ......

163 2641 174 2661 .
199 2641 208 2667 .
234 2643 244 2662 .
268 2642 278 2661 .
303 2643 313 2664 .
338 2643 349 2673 .
373 2642 383 2662 .
407 2621 594 2664 conversus.
630 2633 632 2638 .

237 2723 400 2799 XXXII.
434 2725 467 2800 0
494 2729 692 2822 miserum,
718 2727 902 2801 infelicem
929 2728 1028 2801 illum
1056 2721 1169 2828 diem!

118 2851 162 2900 ²⁵¹
246 2842 399 2908 Oratorie
422 2843 566 2926 deplorat
589 2845 681 2908 etiam
704 2844 782 2909 illud
806 2857 948 2929 tempus,
984 2868 1049 2929 quo
1072 2848 1233 2908 daruuatus
1267 2854 1314 2906 cst
1345 2844 1484 2913 ambitus

160 2936 310 3012 crimIne,
334 2949 368 3001 ut
383 2937 413 2998 in
434 2958 473 3000 eo
489 2938 609 3001 desinat
624 2939 800 3004 invidiosus
815 2962 900 3016 esse,
925 2941 954 3003 io
970 2963 1035 3024 quo
1058 2941 1252 3003 miserandus
1268 2936 1484 3005 existimetur.

180 3099 184 3103 ·
236 3060 418 3138 XXXIII.
463 3061 542 3136 Vos
569 3067 771 3140 reiecti0ne
805 3068 1048 3167 interposita,
1081 3063 1173 3140 nihil
1205 3065 1485 3166 suspicantibus

161 3176 290 3266 nobis,
316 3177 502 3271 repentini
527 3177 566 3250 iu
593 3200 662 3250 uos
689 3177 829 3251 iudices
856 3177 1099 3273 consedistis,
1126 3177 1172 3248 ab
1199 3176 1485 3253 accusatoribus·

162 3286 293 3359 delecti
323 3288 369 3359 ad
396 3311 497 3385 spem
526 3291 753 3363 acerbitatis.
808 3305 851 3368 Et
875 3303 1021 3367 relicum.

119 3419 151 3471 tt
248 3405 365 3467 Sensus
383 3404 505 3486 quidem
523 3406 636 3468 mrtltae
652 3406 854 3469 obscuritatis
869 3417 936 3480 est,
954 3405 1041 3469 cuius
1056 3404 1232 3468 intellectus
1247 3404 1292 3467 sic
1308 3404 1482 3486 aperietur.

163 3496 228 3560 Per
251 3495 325 3557 illud
349 3509 492 3579 tempus,
518 3521 613 3582 quum
643 3511 728 3561 esset
753 3501 831 3564 alius
852 3513 979 3583 praeter
1002 3499 1118 3577 Syllam
1145 3519 1236 3574 reus,
1269 3497 1324 3580 qui
1354 3518 1483 3563 calisam

162 3593 200 3652 de
223 3591 254 3652 vi
278 3593 348 3674 lege
370 3591 495 3656 PlautIa
527 3594 664 3665 diceret,
699 3594 782 3657 otuni
811 3595 922 3658 labore
951 3595 1100 3654 connisus
1122 3602 1169 3654 cst
1200 3593 1243 3655 L.
1272 3594 1481 3675 ‘l'orquatus,

162 3695 194 3745 ut
218 3696 289 3746 aute
306 3685 439 3747 iudicum
461 3685 593 3747 reiectio
617 3686 706 3748 lieret
729 3690 767 3750 ad
790 3709 856 3750 eam
874 3687 1105 3770 (segnificam,
1130 3705 1210 3769 quae
1226 3687 1262 3746 dc
1277 3685 1334 3748 illo
1352 3706 1482 3770 quoquo

161 3776 377 3852 intruserat,
403 3779 457 3861 qui
481 3779 659 3843 hirtusmodi
682 3791 771 3843 reatu
795 3783 973 3863 petebatur.
1018 3782 1061 3842 Et
1087 3781 1150 3842 boc
1176 3780 1319 3842 nimirum
1342 3801 1383 3842 eo
1404 3801 1481 3843 cou-

119 3888 150 3936 ts
162 3869 232 3933 silio
263 3881 296 3932 et
329 3891 364 3933 ea
391 3872 559 3935 calliditate
588 3873 732 3956 peregit,
767 3885 802 3936 ut
834 3873 1017 3937 melioribus
1052 3885 1082 3934 et
1113 3872 1296 3938 iustioribus
1327 3876 1366 3935 ad
1396 3873 1481 3935 illam

162 3983 287 4028 causam
314 3963 468 4028 iudicibus
491 3966 618 4041 electis,
655 3965 707 4049 qtri
733 3980 937 4048 superessent
960 3967 1136 4030 insititiores
1163 3977 1195 4028 et
1216 3967 1320 4047 asperi
1344 3967 1479 4044 iudices,

167 4093 1473 4113 ——u-ffl*

232 4177 256 4223 l.
270 4178 330 4222 Cot.
344 4178 421 4228 iuste.
442 4175 467 4223 2.
481 4177 542 4224 Edd.
555 4182 644 4223 rectius
656 4177 783 4224 constitui.
797 4175 844 4222 Os.
865 4173 890 4223 3.
904 4176 960 4230 Sic,
974 4191 1020 4220 noa
1032 4176 1239 4229 lustramentum,
1253 4182 1352 4233 utraque
1363 4177 1424 4221 tosti
1437 4175 1481 4224 tt.

236 4299 281 4356 26
302 4298 342 4351 De
364 4297 437 4351 Sulla
465 4302 580 4351 crimine
600 4296 721 4352 ambitus
746 4295 875 4352 damnato
896 4294 957 4350 vide
978 4299 1128 4351 Asconttun
1148 4295 1182 4352 sd
1203 4311 1272 4349 orat.
1291 4295 1314 4349 1.
1336 4313 1388 4369 pro
1408 4297 1484 4350 Cor-

160 4371 235 4430 nelio
255 4389 281 4426 st
302 4378 331 4428 lu
352 4388 414 4444 toga
435 4372 561 4426 candida.

236 4454 280 4508 52.
304 4447 492 4521 lebaclege
513 4454 553 4501 sio
575 4447 695 4502 lullaout
716 4447 822 4519 Digest.
848 4445 898 4501 lib.
924 4447 1002 4502 XLI
1031 4447 1073 4502 iit.
1099 4453 1126 4509 5.
1151 4446 1205 4520 leg.
1233 4451 1278 4506 55
1305 4448 1330 4514 §.
1355 4453 1382 4503 2.
1424 4447 1482 4500 tes

162 4519 274 4576 Plautia
294 4531 322 4574 et
342 4524 414 4576 lulla
433 4543 466 4574 ea
487 4521 595 4576 deinum
614 4528 703 4575 vetrut
723 4525 810 4591 ionga
826 4529 1002 4594 possessione
1020 4529 1099 4593 cupi,
1120 4543 1190 4596 qrsae
1210 4528 1240 4575 vi
1254 4541 1389 4594 possessa
1407 4523 1483 4592 fuis·

160 4606 242 4654 sent:
263 4615 318 4650 nou
337 4605 425 4650 etiam
443 4617 480 4649 ea:
499 4600 595 4665 quihus
613 4605 643 4651 vt
661 4603 722 4670 quis
740 4598 862 4650 deiectus
873 4597 994 4668 suisset.

235 4677 280 4731 55
304 4677 342 4727 De
364 4676 484 4728 iudicum
505 4680 655 4728 retectione
675 4675 798 4744 loquitur
817 4679 955 4730 accontus
975 4672 1008 4726 ad
1029 4688 1081 4726 oct.
1103 4674 1125 4727 1.
1146 4679 1174 4730 lu
1195 4673 1274 4729 Verr.
1296 4674 1372 4735 Vb:
1381 4678 1481 4733 iterem

160 4750 189 4802 iu
210 4749 287 4804 verr.
306 4749 340 4802 dc
360 4766 446 4826 praet.
468 4748 527 4804 urb.
548 4751 586 4807 ll.
607 4765 634 4804 st
653 4754 683 4805 tu
702 4763 865 4823 argumento
885 4749 1066 4807 Milesisuae.
