3210 5280
235 171 308 256 tot,
555 171 853 259 senoussta
874 172 1214 242 GRONOVIANUS

320 316 406 378 oum
431 313 533 378 istius
552 317 713 399 pernicia]
751 317 833 400 Quia
859 328 995 381 conatur
1020 334 1229 398 corrumpere
1251 313 1387 380 iudices.

321 410 553 472 Patronorum
574 408 691 493 minis]
714 411 856 488 Minoe,
879 409 1094 476 defensiones.

319 499 490 582 Potentia]
522 502 674 567 Pecunia.

321 598 362 660 In
385 595 636 659 contentionem
656 603 893 681 certamenque
914 594 962 678 sn]
985 595 1084 678 Quod
1097 594 1166 660 siue
1185 595 1357 661 certamine
1374 594 1486 683 gloria
1500 616 1561 660 uos

211 697 345 770 spotcst
365 687 557 770 comparari.

321 782 353 844 d.
378 785 467 844 Tum
490 782 556 845 sibi
576 781 801 865 consuluisse]
832 782 929 864 Quod
955 783 1168 865 impudentem
1189 782 1308 847 exitum
1331 782 1522 868 qsracsierit.

321 873 406 958 Cap.
431 876 479 939 11.
502 878 623 961 Neque
646 875 736 939 enim
761 877 856 939 solus
876 879 948 940 ulio
970 877 1021 941 rei
1042 877 1211 960 publicae]
1241 874 1433 940 Conclusio.

322 972 398 1033 Hoc
418 981 571 1053 tempore
592 969 753 1052 reperiri]
787 971 884 1050 Quod
909 971 987 1035 dixit
1014 969 1125 1034 iudicia
1151 990 1213 1031 uon
1235 969 1361 1054 integra
1388 971 1558 1035 celebrari.

321 1063 495 1128 Pentetes
515 1063 598 1146 ulla]
634 1065 712 1129 Ideo
731 1064 904 1150 pernicies
924 1065 1095 1140 omnium,
1131 1063 1221 1148 qsrasi
1244 1065 1322 1125 bacc
1345 1063 1489 1147 suspicio
1514 1064 1558 1127 iu-

194 1154 392 1220 todiciorum
415 1158 538 1221 sublata
560 1157 674 1221 fuerit.
718 1155 834 1242 Incipit
856 1160 995 1242 populus
1022 1161 1061 1221 de
1086 1157 1208 1220 iudiciis
1232 1155 1463 1220 transferendis
1485 1178 1557 1219 con·

204 1315 209 1324 ,
237 1253 388 1327 tendere,
412 1264 527 1314 contra
547 1251 724 1315 dicentibus
744 1253 959 1319 senatoribus.
1003 1253 1145 1316 Necesse
1172 1260 1221 1314 est
1243 1250 1368 1315 oriatur
1390 1249 1518 1315 seditio.

261 1386 263 1390 ·
308 1344 504 1425 Veritatis]
539 1345 697 1408 Iustitiae.

319 1437 550 1521 Integritatis]
581 1440 724 1521 Propter
745 1437 998 1520 corruptionem.

319 1531 432 1607 Fidei,
456 1531 651 1614 religionis]
685 1533 766 1613 Quia
790 1532 946 1595 iurabant.

196 1636 226 1687 ts
320 1629 397 1690 Hoc
418 1624 760 1708 ordineobiudicori]
784 1627 965 1689 Notandum
981 1635 1048 1702 est,
1073 1626 1177 1709 qsiod,
1201 1624 1257 1688 ubi
1278 1636 1327 1690 est
1344 1625 1552 1709 vituperatio,

236 1717 394 1784 ordinem
408 1716 506 1794 dixit,
530 1719 585 1782 ubi
600 1719 687 1796 laus,
710 1719 860 1796 iudices,
884 1742 923 1783 ue
938 1739 1050 1783 eorum
1066 1718 1275 1784 offensionem
1298 1718 1439 1784 incidat:
1469 1720 1554 1784 simul

236 1813 316 1886 boc,
340 1813 427 1897 qtsod
449 1811 550 1875 noluit
565 1811 680 1878 'dicere
702 1812 869 1876 transferri
893 1812 1008 1876 iudicia
1034 1810 1125 1896 quasi
1149 1831 1242 1876 omen
1267 1811 1420 1898 fugiens,
1443 1811 1557 1877 iudicio

235 1905 424 1981 abalienari,
450 1908 538 1991 qstod
561 1916 627 1981 est,
651 1905 856 1970 abiudicari.
1302 1976 1305 1980 Α

319 1999 352 2062 ὁ.
374 2002 496 2085 ttaqm
517 1999 601 2064 milri
627 2000 692 2064 vid.
703 2000 759 2082 or]
792 2002 971 2064 Secundum
994 1994 1209 2082 prooemium.

192 2107 225 2157 ts
319 2097 366 2160 Εἰ
384 2116 493 2179 prope
514 2095 720 2179 depositam]
745 2097 783 2160 lu
805 2094 917 2159 ultimo
939 2095 1096 2177 positam,
1122 2094 1341 2174 desperatam,
1365 2104 1401 2157 ut
1421 2089 1555 2156 recreari

235 2208 298 2253 non
320 2190 436 2273 possit.
480 2189 659 2274 Virgilius:

403 2286 464 2349 Ille
485 2295 524 2357 nt
537 2283 694 2367 depositi
714 2280 870 2388 deferret
879 2279 976 2374 fata
993 2281 1163 2364 parentis.

169 2381 174 2389 '
273 2423 278 2430 -
319 2376 470 2458 Partem]
495 2376 690 2440 iudiciorum
712 2377 846 2439 scilicet.
891 2378 1039 2452 (Desunt
1061 2378 1192 2456 multo.)

321 2467 406 2552 Cap.
429 2470 531 2533 XVI.
555 2471 608 2533 li.
631 2469 803 2534 Breuitate
818 2469 988 2540 orationis
1026 2467 1044 2504 ⁰
1066 2469 1083 2503 ⁶
1105 2490 1225 2551 ponere
1241 2467 1310 2534 siue
1325 2467 1389 2533 illis
1404 2467 1556 2533 localibus

191 2573 224 2624 st
236 2562 376 2646 phaleris
397 2561 509 2652 melius
536 2573 597 2625 est.
641 2564 721 2625 Nam
744 2574 840 2627 tanto
871 2562 971 2626 maior
994 2562 1072 2625 fides
1100 2561 1278 2647 adquiritur
1301 2562 1422 2650 nostris
1454 2559 1553 2624 curui·

236 2656 434 2730 nationibus,
459 2667 577 2738 quanto
601 2654 744 2726 videmur
766 2656 932 2740 tragoedia
958 2655 1181 2737 praetermissa
1205 2655 1303 2718 veluti
1330 2658 1413 2718 nuda
1435 2674 1552 2738 propo·

233 2748 351 2813 sitione
373 2752 442 2811 esse
465 2748 620 2812 conteuti.
664 2749 769 2811 Velim
787 2761 890 2812 tamen
906 2761 937 2812 et
958 2749 990 2812 in
1013 2751 1073 2811 bac
1095 2749 1251 2812 brevitate
1272 2748 1472 2831 perspicias,
1496 2767 1553 2810 nos

234 2842 347 2905 abesse
369 2839 535 2905 Ciceronis
557 2842 693 2904 studium
716 2843 773 2923 τῆς
795 2839 972 2924 αὐξήσεως.
1015 2844 1104 2906 Idem
1128 2841 1214 2927 egit,
1245 2854 1281 2905 ut
1309 2842 1456 2927 quamvis
1481 2861 1553 2924 pro·

232 2946 388 3018 poneret,
420 2945 525 2998 tamen
554 2934 756 2998 acerbitatem
794 2937 865 3000 mali
889 2935 1041 3000 facinoris
1072 2939 1256 3000 extolleret.
1299 2939 1425 3019 Ignem
1447 2954 1552 3017 parurn

191 3039 302 3091 tuerat
328 3027 465 3103 dixisse,
489 3027 624 3091 subiecit
645 3051 692 3092 ex
713 3029 819 3113 lignis
841 3029 1021 3108 uiridibus,
1043 3033 1129 3113 quod
1155 3041 1203 3093 est
1225 3030 1480 3104 intolerabilium
1502 3029 1553 3090 ad·

234 3122 311 3186 didit
333 3121 426 3185 etiam
448 3121 618 3198 humidis,
651 3142 717 3206 qtro
741 3121 872 3205 spiritus
900 3122 1000 3204 ansgis
1029 3122 1193 3206 magisque
1216 3122 1328 3206 augeri
1353 3124 1454 3186 solet.
1498 3123 1552 3184 Su·

233 3213 402 3299 perposuit
434 3214 471 3277 in
505 3217 580 3278 loco
615 3229 785 3300 angusto,
822 3216 878 3278 ubi
919 3214 1047 3279 densior
1065 3205 1187 3288 ΙῘιιιιιιιι
1221 3215 1342 3278 animas
1377 3215 1553 3279 haurientes

233 3319 378 3394 urgeret.
422 3309 509 3373 Post
531 3311 610 3372 baec
632 3309 743 3375 deiude
763 3309 888 3374 intulits
922 3296 1093 3372 hominem
1114 3310 1321 3391 ingenuum,
1346 3309 1444 3373 domi
1464 3306 1553 3372 nott·

234 3404 316 3477 lem,
338 3404 460 3486 popuii
482 3404 628 3468 Romani
650 3405 783 3468 socium
809 3415 912 3488 atquc
936 3403 1087 3465 amicum
1101 3400 1218 3493 fumo
1238 3403 1482 3466 exsuscitatum
1505 3422 1551 3464 se-

192 3495 394 3560 ttmiciuum
416 3496 567 3581 reliquit.
612 3499 731 3560 Totssm
758 3496 783 3560 si
810 3492 963 3582 gradatim
986 3496 1186 3571 consideres,
1211 3490 1387 3575 αὐξητικὸν
1408 3505 1471 3560 est.
1513 3494 1553 3557 Et

234 3588 438 3653 nihilomiuus
462 3591 548 3652 visus
573 3601 620 3651 est
646 3600 764 3653 tantum
791 3587 1019 3673 proposuisse,
1054 3610 1117 3653 non
1141 3598 1173 3652 et
1198 3607 1435 3672 exaggerasse,
1460 3607 1548 3673 quun

234 3681 398 3745 robustius
422 3703 485 3746 non
508 3683 648 3765 potuerit
671 3703 803 3766 augere.
848 3682 896 3744 lta
919 3681 947 3744 si
972 3703 1039 3745 rem
1065 3693 1209 3766 spectes,
1233 3702 1346 3765 magus
1372 3678 1468 3765 copia
1490 3688 1550 3751 est;

235 3775 264 3839 si
288 3778 384 3839 rerba
411 3796 572 3851 numeres,
599 3796 717 3838 summa
741 3773 895 3839 brevitas.
1153 3836 1161 3851 ‚

321 3871 374 3933 tt.
397 3873 516 3954 quue
537 3869 573 3933 in
596 3869 794 3933 onerariam
815 3891 934 3932 nauem
956 3866 1290 3933 suomconiiciendo
1310 3867 1461 3949 monuit]
1489 3863 1551 3931 Co·

192 3976 225 4027 su
236 3962 319 4047 piam
334 3964 512 4047 rapinarum
525 3972 558 4027 et
568 3963 733 4048 signorum
746 3961 971 4026 multitudinem
988 3966 1025 4025 de
1041 3965 1137 4026 modo
1150 3961 1239 4025 uaris
1254 3961 1406 4026 ostendit.
1430 3960 1551 4044 Quippe

312 4201 336 4252 1.
357 4195 404 4246 sle
424 4193 461 4248 G.
480 4221 518 4236 -
535 4191 654 4246 amotos.
694 4191 764 4244 Cum
784 4195 865 4244 lstlus
885 4193 1015 4264 pecunla]
1035 4189 1176 4257 Corrupto
1195 4188 1315 4253 indicio,
1334 4193 1402 4261 quio
1420 4189 1475 4246 Gr.
1493 4187 1551 4242 seb

234 4270 263 4328 6.
286 4268 411 4334 ,Sensus
432 4267 552 4341 postulat
567 4266 744 4339 pudentem?
764 4265 876 4320 Gener.
916 4274 959 4322 to.
979 4263 1082 4318 deind.
1103 4264 1224 4334 transfi]
1238 4266 1275 4318 G.
1288 4264 1340 4318 Gr.
1354 4290 1388 4307 -
1403 4265 1439 4316 de
1452 4257 1551 4330 transf.

234 4343 292 4397 ised.
312 4342 376 4395 Scb.
428 4352 473 4399 11.
491 4342 604 4410 seditio]
634 4343 671 4397 G.
691 4342 756 4394 och.
785 4370 824 4383 -
847 4338 919 4390 ditio
945 4357 998 4395 err.
1021 4355 1127 4412 typogr.
1149 4340 1198 4393 Gr.
1249 4344 1294 4395 22.
1316 4345 1387 4394 Aen.
1415 4347 1468 4406 12,
1495 4339 1550 4398 595·

234 4418 300 4490 Leg.
316 4416 474 4488 proferret.
524 4423 571 4477 25.
593 4417 649 4483 κΙιι
668 4414 799 4468 hocloco
818 4422 1047 4485 corruptusernt
1066 4414 1164 4467 Codex
1182 4420 1325 4486 antiquus.
1377 4414 1426 4467 Sic
1448 4428 1549 4486 mergo:

235 4497 286 4546 esst
307 4499 399 4546 omnis
420 4497 596 4546 continenter
623 4489 713 4544 medis
738 4505 822 4565 ponas
850 4491 977 4562 pagina.'¹
1008 4490 1137 4543 Gronov.
1173 4492 1220 4548 26.
1243 4490 1365 4560 quanto]
1393 4491 1432 4544 G.
1451 4492 1502 4546 Gr.
1520 4511 1549 4527 -

234 4567 345 4641 quondo
366 4566 431 4621 Scb.
468 4572 514 4626 3¹1.
533 4569 647 4636 osagen]
669 4568 741 4619 Fors.
761 4571 841 4634 angi.
861 4565 902 4618 vel
921 4569 1029 4633 urgeri.
1049 4564 1104 4619 Os.
1152 4568 1197 4624 55.
1215 4583 1282 4617 sem.
1304 4565 1431 4636 reliquit]
1453 4568 1488 4622 G.
1507 4564 1549 4618 Gr.

234 4669 267 4686 ι-
300 4661 366 4695 sem.
385 4642 488 4714 aliquis
507 4642 571 4697 seb.
610 4641 681 4695 lbld.
701 4641 859 4708 gradatim]
881 4639 917 4694 G.
939 4643 990 4698 Gr.
1003 4657 1108 4694 —om.
1121 4640 1186 4697 Sch.
1223 4644 1269 4702 58.
1291 4640 1434 4710 brevitas]
1459 4641 1495 4696 G.
1507 4639 1549 4695 Gt.

238 4745 269 4760 -
284 4718 466 4771 irsottusst
485 4716 551 4773 Seli.
589 4719 637 4777 59.
655 4715 854 4771 :coicienda
874 4714 910 4770 0.
1083 4763 1086 4768 .
