3210 5280
229 215 292 279 222

227 350 434 433 Volcatium
453 358 490 430 in
512 381 620 457 grege
644 345 886 455 interpretum
908 353 1159 427 Tullianorarn
1174 356 1352 455 singulari
1364 381 1448 431 cum
1468 358 1532 432 ho-

228 495 321 546 nore
338 471 543 568 appellent3
571 478 699 542 noster
718 468 776 541 hic
794 476 916 540 tantae
935 466 1125 540 doctrinae
1145 477 1254 565 atque
1272 472 1454 545 ubertatis
1470 476 1535 546 via

229 584 454 678 Hieronymo
474 592 537 655 ant
559 584 734 681 Agroetio
754 581 973 679 incogitatus
991 577 1104 651 fuisse
1123 578 1280 652 videtur.
1307 581 1385 681 Ego
1399 593 1534 678 tamen,

229 705 269 768 ut
287 719 355 792 par
373 703 449 785 est,
463 692 555 765 nihil
574 693 748 787 adhrm03
765 696 876 765 immo
889 690 1065 762 hactenus
1084 691 1218 763 dictam
1234 692 1342 788 volo,
1361 719 1407 767 ne
1423 718 1535 792 super

232 808 374 880 ineerta
393 830 434 877 re
453 808 651 877 verborum
669 804 801 904 molem
817 825 1045 901 exaggerem.
1073 801 1298 902 Ceteroquin
1312 830 1405 879 unus
1419 808 1537 881 adbuc

127 912 134 925 ²
228 916 357 990 haeret
376 916 590 1013 scrupulus,
609 941 693 988 num
714 913 885 989 videlicet
903 912 1121 987 scholiastes
1132 914 1215 1010 ille,
1234 918 1297 1013 qui
1314 918 1359 988 ad
1376 921 1534 1015 primum

229 1031 384 1104 actionis
404 1030 584 1101 secundae
602 1030 642 1100 in
659 1029 815 1100 Verrem
833 1026 966 1098 librum
985 1047 1101 1122 usque
1119 1025 1165 1097 ad
1183 1027 1381 1122 capitulum
1392 1028 1533 1106 XXIV.

231 1150 516 1229 commentatur,
542 1142 637 1214 idem
664 1141 761 1215 sorte
788 1139 855 1231 sit,
882 1136 945 1233 qui
970 1159 992 1206 a
1017 1160 1073 1208 me
1099 1161 1196 1210 nuuc
1223 1138 1364 1235 editur,
1391 1151 1532 1217 auctor.

219 1252 341 1327 ·Certe
358 1255 391 1326 is
413 1251 580 1326 formulis
594 1252 790 1349 interpreti
807 1270 888 1320 meo
905 1247 1152 1343 persimihbus
1171 1251 1287 1322 utitur
1305 1275 1408 1348 capp.
1429 1252 1530 1327 XVI.

137 1422 141 1440 .
226 1363 367 1438 XVIII.
388 1364 490 1438 XIX.
510 1362 613 1437 XXI.
633 1363 755 1436 XXII.
775 1357 913 1433 XXIV.
934 1358 1087 1431 Graecis
1105 1384 1235 1458 nempe
1252 1364 1379 1435 verbis
1396 1363 1532 1464 figuras

230 1477 436 1570 oratorias,
460 1499 552 1574 qnae
577 1477 672 1573 apud
692 1475 851 1553 Tullium
879 1480 984 1566 sunt,
1012 1472 1199 1571 designat3
1225 1472 1328 1549 locos
1346 1476 1456 1547 etiam
1475 1500 1533 1549 au-

226 1596 369 1660 ctorum
400 1587 543 1660 Graece
565 1591 717 1661 recitata
754 1609 846 1683 quae
878 1585 998 1656 omnia
1030 1585 1144 1656 verba
1171 1608 1217 1658 ex
1242 1587 1368 1659 codice
1398 1589 1534 1686 priscis

226 1697 501 1796 uncialibusque
525 1700 661 1772 litteris
685 1697 857 1770 mendose
883 1704 1001 1767 tamen
1025 1698 1166 1794 scripto
1193 1689 1235 1769 a'e
1256 1699 1383 1771 mutilo
1405 1698 1461 1798 (ut
1477 1711 1534 1775 est

225 1808 483 1908 palimpsestus
501 1806 619 1907 meus)
637 1819 779 1906 sumpta
797 1832 879 1881 esse
899 1797 1072 1905 apparet,
1096 1809 1212 1908 siquis
1231 1835 1308 1882 rem
1326 1813 1363 1883 in
1383 1812 1532 1887 Graevii

227 1920 465 1995 Garatoniive
499 1924 719 1995 editionibus
751 1931 853 1994 recte
880 1921 1095 2017 perpendat.
1147 1921 1260 2020 Atqui
1289 1922 1532 1998 Verrinarum

226 2032 467 2130 interpretem
475 2033 633 2108 Volcatii
647 2036 791 2108 nomine
804 2030 1022 2130 appellatum
1033 2033 1181 2105 volebat
1192 2034 1354 2108 Isaaeius
1363 2034 1532 2132 Vossius,

224 2154 267 2218 ut
277 2145 410 2217 iamdiu
425 2144 559 2219 dictum
573 2145 849 2247 bibliographis.
900 2141 1144 2218 Nihilominus
1163 2141 1255 2217 hanc
1277 2170 1343 2244 ego
1360 2149 1400 2219 in
1412 2147 1532 2222 medio

226 2260 518 2331 controversiam
537 2259 697 2332 libenter
715 2259 898 2356 relinquo.
927 2295 969 2308 -
999 2259 1159 2331 Praeter
1179 2256 1355 2331 hactenus
1379 2283 1532 2333 comme·

228 2379 408 2445 moratum
422 2371 686 2470 Interpretem,
704 2372 847 2444 minora
869 2375 1045 2468 quaedam
1067 2368 1206 2443 scholia
1224 2369 1270 2442 ad
1290 2369 1529 2445 Scaurianam

226 2480 341 2554 Tullii
361 2485 599 2558 orationeme
623 2483 841 2583 perantiquo
854 2484 1120 2559 Ambrosianae
1142 2481 1384 2556 bibliothecae
1407 2485 1532 2581 palim-

224 2603 373 2689 psesto,
392 2619 473 2667 cum
492 2598 607 2695 ipsius
630 2597 809 2670 orationis
834 2596 1069 2697 fragmentis,
1087 2595 1229 2692 pridem
1254 2595 1401 2693 vulgavi
1412 2621 1425 2691 3
1444 2619 1530 2694 quo-

225 2730 308 2779 rum
335 2706 558 2783 scholiorum
578 2735 666 2809 pars
689 2707 878 2808 quadratis
898 2709 1093 2803 litterulis,
1119 2730 1208 2805 pars
1231 2706 1445 2780 rudioribus
1466 2706 1531 2781 sed

223 2838 339 2914 aeque
358 2817 471 2893 ferme
485 2823 645 2920 antiquis
659 2823 797 2916 serIpta
812 2828 911 2893 erat:
927 2846 1023 2893 nunc
1036 2843 1126 2893 vero
1138 2820 1376 2891 brevissimas
1391 2818 1530 2917 aliquot

224 2924 542 3006 adnotatiunculas
575 2937 615 3007 in
651 2932 893 3006 Verrinarum
926 2956 1071 3030 quoque
1109 2932 1315 3005 orationum
1349 2929 1529 3004 Vaticano

222 3040 461 3138 palimpsesto
478 3042 662 3144 legebam:
683 3045 727 3118 de
747 3067 900 3144 quorum
914 3045 1000 3116 item
1015 3042 1238 3116 scholiorum
1251 3050 1404 3140 parente
1423 3065 1530 3141 quae·

222 3153 376 3225 rendum
395 3157 551 3229 otiosius
576 3182 651 3230 non
672 3157 805 3230 iudico.
853 3155 908 3228 Ac
932 3182 978 3229 ne
1000 3155 1044 3228 de
1068 3154 1140 3228 illis
1162 3154 1305 3252 quidem
1324 3153 1370 3227 ad
1390 3153 1439 3227 II.
1459 3150 1528 3226 III.

223 3261 287 3337 IV.
316 3263 571 3364 CatiIinarias‚
597 3279 635 3343 et
651 3292 720 3366 pro
739 3265 935 3361 Marcello,
961 3255 1132 3368 Ligario,
1152 3265 1350 3360 Deiotaro,
1376 3264 1528 3338 scholiis

222 3398 314 3475 qnae
325 3378 684 3454 mihihmbrosianus
695 3379 810 3453 codex
821 3378 1374 3478 obtulit,supervacaneaverba
1385 3379 1527 3453 faciam.

297 3483 373 3586 [De
391 3489 550 3587 reliquis
565 3491 763 3564 Ciceronis
779 3489 819 3562 in
833 3490 907 3561 hoc
926 3492 1118 3563 volumine
1135 3491 1315 3589 partibus
1333 3518 1456 3589 nuper
1476 3516 1530 3562 re·

215 3596 368 3697 pertis]
420 3599 465 3675 V.
494 3601 647 3700 Reliqua
672 3611 758 3674 sunt
787 3602 824 3672 in
847 3600 1030 3674 volumine
1056 3624 1136 3673 meo
1163 3601 1302 3697 scripta
1334 3599 1528 3674 Ciceronis

219 3709 277 3783 his
303 3714 408 3786 annis
438 3715 594 3811 primum
625 3712 770 3812 vulgata
796 3710 896 3786 haec.
933 3713 961 3785 1.
1015 3712 1235 3812 Fragmenta
1261 3710 1357 3784 haud
1384 3713 1529 3787 modica

220 3825 400 3897 orationis
426 3848 496 3922 pro
520 3824 666 3901 Scauro
688 3827 822 3921 partim
848 3850 869 3897 a
897 3850 953 3898 me
978 3824 1177 3898 Mediolani
1202 3825 1365 3918 detecta,
1391 3827 1528 3922 partim

219 3958 241 4007 a
259 3933 305 4008 cl.
325 3935 513 4032 Peyronio
533 3938 698 4010 Taurini.
727 3935 794 4009 Ilis
816 3961 881 4036 ego
901 3939 1202 4010 commentarium
1221 3936 1373 4010 Asconii
1391 3937 1529 4030 addidi,

218 4072 298 4120 curn
328 4051 525 4147 segmentis
551 4050 731 4122 orationis
758 4049 803 4120 ab
829 4049 958 4123 eodem
982 4050 1232 4143 conservatis,
1260 4071 1413 4146 cumque
1446 4048 1529 4121 aliis

218 4157 443 4236 Scaurianae
472 4163 652 4235 orationis
675 4157 863 4257 reliquiis,
891 4185 982 4259 quas
1004 4161 1143 4233 diversi
1171 4169 1341 4233 auctores
1366 4160 1463 4256 apud
1487 4184 1528 4234 se

219 4274 350 4346 citatas
377 4283 585 4346 servarunt.
638 4273 758 4371 Atque
785 4271 1018 4346 haecomnia
1044 4272 1204 4345 naturali
1225 4281 1400 4370 quantum
1423 4271 1530 4344 licuit

217 4386 313 4458 serie
350 4385 537 4483 disposui,
577 4384 835 4481 nonnullisque
869 4385 1169 4458 adnotatIonibus
1204 4386 1399 4456 comitatus
1434 4408 1526 4456 sum.

216 4495 431 4595 Sequuntur
450 4500 628 4572 orationis
649 4521 719 4594 pro
744 4494 867 4570 'suillo
886 4497 980 4569 haud
1007 4497 1150 4570 modica
1173 4520 1288 4594 aeque
1309 4495 1526 4595 fragmenta,

212 4610 348 4708 partim
368 4612 453 4683 item
478 4636 499 4682 a
518 4635 572 4682 me
591 4607 808 4703 Mediolani,
828 4612 962 4707 partim
982 4609 1137 4682 Tainini
1161 4635 1181 4681 a
1199 4609 1389 4705 Peyronio
1408 4608 1526 4702 edita3

215 4722 275 4794 cui
289 4721 335 4796 cl.
349 4725 432 4798 viro
447 4723 688 4823 fragmentum
706 4745 851 4820 quoque
864 4722 1093 4821 insperatum
1106 4721 1327 4797 Milonianae
1346 4721 1526 4797 orationis
