3210 5280
516 220 565 284 itt
593 219 735 284 onai.
757 219 851 285 Puo
875 218 1050 285 SESTIO.
1184 283 1186 289 ,
1372 223 1432 287 aot

119 360 176 442 [P.
200 357 270 437 δί]
300 358 418 442 pretii¹
448 358 574 423 nomine
605 359 800 422 exsolveret.
851 360 914 422 Sed
943 358 994 420 hic
1019 379 1101 422 aeno
1126 380 1186 423 suo
1209 361 1250 425 P.
1276 361 1436 425 irtrlmen·

119 453 250 515 tariam²
279 453 381 535 legem
409 452 497 527 tulit,
536 463 571 514 ut
599 451 739 537 gratuito
764 453 903 534 populus
934 452 1122 536 acciperet.¹
1151 455 1216 521 Per
1243 456 1306 519 hoc
1337 455 1437 541 igitur

120 549 160 606 ab
182 567 222 608 eo
244 545 400 608 deminuta
424 544 590 628 vectigalia
612 545 808 609 criminatur.

198 670 338 742 xxvi.
368 663 402 742 l.
430 669 677 769 Brogitarum.
759 652 761 662 Ι

207 774 258 850 De
280 787 343 850 hoc
365 785 423 848 iam
445 787 571 851 locutus
598 808 680 852 sum.
836 791 839 799 '
1286 878 1288 881 ι
1448 797 1462 847 5

198 906 235 983 2.
263 910 418 984 Reducti
446 909 571 983 exules
598 912 826 1007 Byzantium.

205 1030 278 1090 Hos
304 1027 396 1090 etiarn
422 1028 494 1112 lege
518 1049 574 1091 sua
605 1040 817 1091 revocaverat
845 1028 999 1106 Clodius,
1035 1031 1180 1115 qtramvis
1208 1030 1343 1095 luissent
1368 1031 1438 1097 iure

123 1121 273 1185 damuati.
307 1124 368 1164 -¹·
402 1120 506 1204 igitur
539 1153 579 1164 —
612 1121 761 1204 ingessit⁵
794 1123 961 1197 invidiam,
991 1126 1155 1187 restitutos
1181 1138 1255 1187 tunc
1283 1146 1359 1200 eos,
1383 1125 1437 1210 qui

124 1215 258 1321 damnati
273 1215 410 1299 legitime
426 1213 570 1293 suerent,
595 1235 691 1299 quum
705 1215 776 1299 ipse
791 1215 984 1282 indemnatus
1000 1216 1118 1283 Cicero
1133 1219 1164 1281 iu
1180 1218 1308 1282 exilium
1326 1218 1438 1283 inisset

125 1322 257 1371 eiectus.
467 1349 473 1354 ,
1067 1371 1070 1374 ,
1451 1341 1482 1391 ts

199 1426 236 1506 3.
273 1431 552 1528 Ptolemaens⁶,
597 1436 659 1532 qui
696 1435 728 1506 si
767 1434 928 1506 nondum
967 1444 1049 1508 erat
1086 1459 1108 1507 a
1146 1445 1276 1510 senatu
1313 1441 1438 1509 socios
1485 1499 1489 1506 .

125 1545 353 1642 appellatus,
388 1555 469 1618 erat
495 1556 615 1618 tamen
642 1548 762 1617 irater
787 1547 877 1618 eius.

210 1664 271 1706 -7
303 1665 395 1725 Htrnc
420 1663 511 1725 etiam
541 1664 760 1725 Ptolemaeum
783 1683 890 1746 regem
915 1662 1017 1747 Cypri
1045 1665 1177 1728 amicum
1202 1666 1438 1750 qttodammodo

126 1777 142 1817 a
165 1757 295 1818 senatu⁸
317 1758 505 1838 appellatum
527 1755 640 1830 luisse,
666 1755 917 1839 qtiaodoquidem
939 1758 1039 1821 irater
1054 1759 1141 1833 eius,
1167 1758 1221 1843 qui
1238 1758 1269 1821 in
1284 1761 1439 1842 Aegypto

125 1851 298 1930 regnabat,
333 1865 521 1913 consecutus
551 1848 609 1909 iam
641 1847 801 1911 societatis
827 1861 858 1910 et
890 1851 1043 1914 amicitiae
1070 1853 1224 1915 honorem
1260 1852 1480 1925 videreturm

125 1943 245 2005 terente
268 1955 372 2004 auteur
395 1943 593 2026 rogationem
611 1941 728 2005 Clodio
749 1942 941 2025 publicatum
962 1945 1068 2008 luerat
1089 1944 1155 2008 eius
1178 1967 1328 2029 regnum,
1353 1948 1440 2028 quod

125 2036 284 2098 diceretur
306 2040 345 2098 ab
368 2038 427 2099 eo⁹
448 2036 566 2118 piratas
589 2034 745 2099 adiuvari.

202 2155 238 2232 li.
268 2160 315 2232 Ut
341 2162 475 2234 sedens
502 2185 582 2233 cum
609 2185 773 2257 purpura
800 2169 837 2232 et
863 2170 1023 2258 sceptro.

213 2270 400 2361 Δεινότερον
411 2275 435 2313 ¹⁰
456 2274 562 2336 iacere
591 2272 706 2347 voluit,
731 2272 910 2355 exprimens
934 2273 1123 2338 maiestatem
1146 2278 1268 2362 regiain
1290 2300 1350 2362 per
1371 2279 1439 2364 ipsa

127 2367 250 2428 habitus
275 2366 469 2443 liniamenta,
493 2387 576 2451 qliae
602 2365 797 2430 venerationi
819 2388 886 2430 esse
909 2369 1105 2432 deberent¹¹.
1449 2387 1482 2438 to

203 2489 362 2564 xxvii.
392 2485 425 2564 l.
453 2489 673 2563 Antiochum
700 2516 878 2590 magnum.
941 2520 944 2523 ·

214 2609 277 2670 Hic
308 2607 412 2670 victus
445 2629 463 2669 a
491 2610 535 2671 L.
568 2607 719 2692 Scipione
756 2609 955 2693 angustiores
978 2609 1070 2674 etiam
1103 2612 1196 2697 regni
1225 2615 1343 2678 habere
1372 2624 1439 2679 ter-

130 2702 185 2783 [P.
207 2701 278 2781 ot]
301 2701 402 2765 minos
422 2701 604 2772 iussoslest.

204 2821 241 2899 2.
269 2827 388 2927 Quum
421 2826 570 2900 videant
604 2851 673 2925 per
711 2827 899 2900 tribunum
936 2827 1092 2926 aliquem
1130 2839 1168 2904 et
1205 2842 1395 2906 sescentas
1409 2829 1439 2876 ¹²

127 2962 274 3035 operas.
962 3016 966 3024 ,
1449 2977 1483 3026 es

212 3058 289 3098 —¹³
311 3057 385 3121 Non
410 3055 478 3120 sine
500 3054 643 3137 pernicie
665 3057 728 3121 hoc
749 3056 926 3139 exemplum
949 3057 988 3121 de
1014 3058 1235 3124 Ptolemaeo¹⁴
1256 3057 1304 3120 od
1331 3070 1440 3140 postc-

131 3149 256 3212 ritatem
281 3149 378 3231 pr'odi
401 3151 568 3224 asserit¹⁵3
591 3152 738 3233 quioniam
763 3151 832 3214 lieri
860 3150 980 3238 possit,
1011 3163 1044 3214 ut
1073 3172 1167 3236 reges
1177 3151 1203 3201 ¹⁶
1224 3151 1401 3216 alienentur
1421 3172 1440 3215 a

128 3245 190 3305 lide
212 3264 249 3306 ac
270 3244 469 3308 societate¹⁷.
514 3244 577 3307 Sed
608 3255 643 3306 ut
665 3265 791 3308 omnem
818 3243 1036 3308 auctoritatem
1067 3243 1241 3309 Clodianae
1262 3245 1441 3329 rogationis

201 3468 224 3513 l.
246 3470 306 3532 Cod.
328 3470 413 3528 peeeti
435 3483 488 3514 coen
511 3470 602 3525 siniti.
624 3469 676 3515 hele
703 3473 727 3514 et
746 3468 803 3513 alibi
831 3471 855 3514 ia
883 3470 987 3526 antiquis
1014 3482 1073 3515 mss.
1121 3465 1146 3512 2.
1174 3467 1235 3513 Cod.
1255 3464 1441 3527 frumentario.

271 3537 295 3588 3.
316 3539 375 3584 Cod.
397 3540 583 3594 coelementato,
608 3541 668 3584 ande
687 3540 767 3584 Maias
786 3537 858 3584 iecit:
877 3539 962 3583 eodem
986 3540 1098 3592 minutu;
1116 3552 1161 3597 ego
1178 3551 1207 3582 eo
1227 3537 1363 3583 desisteretis.
1393 3539 1440 3584 Oe.

270 3606 295 3653 4.
315 3610 513 3664 Sappleeeebuin
526 3611 570 3656 Gr.
591 3609 641 3653 heic
660 3615 683 3653 et
695 3614 786 3664 postea.
824 3607 849 3654 5.
869 3609 929 3654 Cod.
949 3609 1066 3662 incessit,
1087 3610 1147 3653 unde
1160 3609 1238 3653 Maius
1252 3606 1439 3660 ieclts‘ucesadit,

267 3691 313 3736 ego
331 3680 447 3737 ingessit.
475 3679 522 3724 Oe.
561 3679 585 3722 ts.
610 3681 670 3726 (iod.
696 3677 865 3722 Prolesnoeas.
903 3676 927 3723 7.
953 3679 1092 3723 Versiculos
1119 3679 1163 3722 Gr.
1186 3677 1264 3723 ostiti.
1301 3676 1325 3720 8.
1346 3677 1406 3721 Cod.
1426 3691 1443 3720 ee

268 3755 390 3796 senatum.
429 3747 452 3793 9.
473 3749 533 3793 Cod.
552 3747 624 3791 odeo.
663 3745 703 3792 tt.
722 3748 783 3792 Cod.
801 3760 958 3817 sseotspoa.
997 3747 1037 3796 li.
1057 3748 1118 3792 Cod.
1142 3744 1262 3792 dederint.
1300 3747 1440 3804 (Fortasse

267 3817 406 3862 debuerint.
438 3813 502 3877 Oe.)
539 3815 577 3861 12.
599 3818 661 3863 llaec
685 3818 804 3872 scriptura
824 3830 837 3861 e
862 3831 905 3871 pro
924 3831 944 3861 x
971 3819 1058 3871 passim
1081 3818 1185 3861 occurrit
1208 3817 1232 3861 ia
1257 3816 1301 3859 troc
1327 3816 1444 3860 vocabulo

270 3890 330 3940 apud
352 3891 445 3942 priscos
458 3888 560 3931 codices.
599 3883 640 3931 tt.
660 3889 748 3941 Sepple
766 3887 862 3931 terbum
881 3886 926 3931 Gr.
965 3885 1005 3931 il.
1025 3887 1086 3930 (lod.
1107 3884 1242 3929 Ptotoseeoes'
1259 3885 1311 3930 heic
1328 3891 1352 3931 et
1371 3886 1442 3930 isira.

268 3955 299 4000 tit
316 3958 410 4014 quidem
426 3957 485 4000 ielsa
501 3957 621 4011 scriptura
637 3956 662 4000 to
681 3956 757 4012 prole
775 3957 799 3999 in
817 3957 862 4000 lsoc
878 3956 992 4000 vocabulo
1005 3956 1099 3999 transiit
1116 3954 1139 3999 ia
1153 3956 1272 4012 sequioris
1288 3957 1340 4000 aeri
1355 3957 1444 3999 inultos

267 4025 354 4070 libres.
393 4024 433 4071 iti.
453 4027 514 4071 Cod.
534 4025 564 4070 de
582 4024 722 4070 Ptolomaeo
736 4027 908 4082 posteritatem
925 4030 1119 4082 processerunt,
1139 4025 1206 4081 unde„
1224 4025 1303 4069 idaiae
1322 4025 1392 4069 iecit:
1413 4023 1443 4067 de

268 4093 306 4138 i’t.
334 4096 481 4153 postes-itote
504 4095 672 4152 processerit,
703 4107 748 4153 ego
774 4092 805 4138 de
833 4093 871 4139 Pt.
899 4094 934 4138 ud
958 4095 1129 4152 posteritatem
1152 4092 1229 4150 prodi
1254 4097 1357 4138 asserit.
1394 4092 1441 4138 0s.

271 4163 311 4209 ta.
330 4165 391 4209 Cod.
410 4178 514 4224 greges.
532 4164 582 4208 Par
594 4167 703 4208 tuendum
716 4163 857 4208 occurrebat
875 4166 932 4208 nutu
950 4166 973 4208 io
992 4164 1114 4208 codicibus
1131 4165 1247 4219 epistulae
1268 4163 1294 4209 8.
1314 4164 1443 4209 Caelestiai
1555 4190 1561 4199 -

271 4247 344 4290 papae
365 4236 412 4279 iar.
432 4236 478 4279 cir.
500 4240 545 4279 etc.
568 4247 622 4290 app.
643 4233 662 4278 l.
682 4248 707 4289 p.
729 4231 786 4277 itt.
825 4231 867 4280 il.
886 4235 947 4278 cod.
966 4247 982 4277 a
1000 4234 1122 4281 societati.

1137 4318 1155 4357 0

225 4387 250 4435 t.
271 4381 463 4435 Gracchanum
483 4380 570 4452 legem
592 4385 688 4434 recitet
707 4384 790 4434 etism
810 4381 904 4433 Livius
923 4380 1011 4454 Epist.
1031 4380 1090 4434 iit.
1109 4377 1233 4435 Clodiam
1253 4379 1390 4432 Asconius
1410 4375 1445 4430 sd

130 4460 224 4511 Pison.
244 4472 305 4529 esp.
326 4458 372 4510 lV.
411 4458 462 4511 Sed
483 4457 541 4528 lege
563 4454 632 4508 inira
653 4456 781 4509 xtvttt.
800 4458 827 4513 5.

209 4531 278 4583 ibid.
299 4531 454 4603 Singularis
482 4532 574 4584 littera
601 4530 707 4583 duobus
734 4535 845 4605 punctis
875 4528 1004 4586 conclusa
1030 4528 1096 4604 quisi
1121 4530 1185 4585 heio
1209 4525 1362 4603 significet,
1388 4546 1444 4583 uon

130 4606 250 4680 explico.
268 4606 373 4661 Maius.
413 4609 474 4674 (Est
489 4607 607 4658 dubitus
625 4606 688 4659 scil.
707 4605 830 4660 Clodius.
851 4605 918 4672 Oa.)

225 4688 252 4738 ⁵.
272 4681 433 4735 Scilicet-in
453 4682 575 4756 partibus
596 4685 712 4734 emissis.

225 4760 252 4812 8.
272 4755 346 4823 Noni
366 4758 434 4813 haee
453 4749 578 4813 addenda
596 4755 702 4831 iegibus
722 4755 867 4812 Clodianis
886 4758 949 4813 esst
