3210 5280
354 225 404 289 IN
427 224 571 291 ORAT.
594 224 689 290 PRO
711 226 765 290 M.
788 224 1069 291 MARCELLO.
1238 223 1240 227 ’
1313 227 1374 290 tte

54 366 214 449 postulat,
238 365 411 450 ignosco.”
454 367 548 446 (Ideo
564 366 642 430 dixit
657 365 796 432 Cicero:
821 367 908 432 Tuis
929 369 982 430 vel
998 366 1175 431 doloribus
1191 370 1243 430 uel
1262 367 1376 449 auspi-

54 460 209 524 cionibus
229 459 437 548 anteferre.)
480 463 626 535 „Tamen
648 461 720 544 quia
741 474 867 524 senatus
889 463 951 525 hoc
971 462 1061 538 vult,
1085 460 1261 543 ignosco.''-
1301 462 1375 525 Hac

55 553 270 638 gratulatione
293 553 411 618 Cicero
435 553 576 626 surrexit
598 566 629 617 et
649 554 767 639 gratias
789 555 867 638 agit.
912 555 1064 637 Plerique
1086 567 1199 618 statum
1222 557 1375 639 dederuut

56 646 88 711 iu
111 649 171 709 hae
195 647 341 710 oratioue
364 646 539 723 venialem,
564 670 659 732 quum
677 650 708 712 iu
730 649 788 712 ista
805 649 951 713 oratione
972 651 1077 714 nullus
1100 662 1198 713 status
1212 651 1266 713 sit.
1291 652 1375 713 Gra-

54 740 170 803 tiarum
199 741 282 806 aetio
312 754 373 806 est.
418 741 452 806 Si
484 744 615 804 necdum
643 741 779 805 dedisset
804 742 1051 828 indulgentiam,
1087 743 1248 808 videretur
1276 756 1400 807 statuet

55 834 202 900 venialis.
247 837 285 900 lu
307 835 519 920 gratulatione
534 846 653 898 tantum
670 835 818 898 Marcelli
834 837 888 919 qui
903 849 1013 919 putant
1028 838 1205 901 surrexisse
1222 838 1372 914 Trillium,

56 942 177 993 errant.
221 931 314 995 Vidit
337 930 507 995 Caesarem
530 930 712 1015 ignoscere.
756 930 870 993 Multis
886 930 967 992 enim
984 934 1119 1013 peteuda
1144 932 1236 994 venia
1258 930 1375 995 leserat.

54 1027 224 1091 Provocat
252 1026 340 1090 illum
369 1029 408 1089 ad
440 1046 539 1110 genus
573 1022 686 1087 latidis.
730 1025 768 1087 in
802 1036 943 1088 extrema
967 1038 1059 1109 parte
1089 1026 1244 1091 orationis
1278 1028 1377 1090 utitem

57 1120 148 1205 issiasi
173 1131 255 1183 statu
281 1120 503 1193 coniecturae,
539 1117 613 1203 quia
637 1116 780 1180 dicebat:
818 1118 974 1192 „Insidias
997 1119 1073 1183 mihi
1094 1120 1231 1196 faciunt,
1268 1132 1304 1183 ut
1329 1144 1377 1185 me

57 1214 250 1288 occidant;”
280 1214 349 1278 sive
371 1227 405 1277 ut
431 1224 548 1298 purget
573 1221 718 1290 eeteros,
747 1233 786 1274 ne
811 1211 970 1293 poeniteat
991 1212 1161 1297 ignoscere
1184 1213 1421 1290 Caesarem,1o

56 1308 126 1371 sive
152 1319 187 1370 ut
210 1307 381 1373 Caesarem
410 1320 533 1371 cautum
560 1305 693 1369 laceret.
737 1305 837 1369 Bellis
864 1327 944 1391 ergo
971 1306 1116 1370 civilibus
1141 1308 1286 1372 oratione
1312 1331 1375 1373 non

57 1402 163 1465 luerat
188 1425 278 1477 usus;
313 1415 345 1467 et
377 1415 452 1487 post
478 1400 558 1465 bella
592 1409 696 1461 tamen
722 1411 879 1463 tacuerat.
924 1402 1016 1464 Haec
1044 1400 1147 1483 prima
1178 1423 1243 1466 vox
1273 1404 1377 1467 leserat

56 1496 197 1559 diuturni
229 1497 362 1560 silentii,v
425 1495 576 1580 Plerique
607 1505 718 1574 putant
752 1495 920 1578 figuratam
958 1515 1027 1557 esse
1065 1495 1156 1558 istam
1197 1498 1374 1562 orationem

57 1601 89 1651 et
115 1589 163 1652 sie
185 1602 367 1673 exponunt,
392 1590 484 1675 qrsasi
516 1591 587 1672 plus
617 1588 860 1672 vituperationis
885 1589 1001 1651 habeat
1025 1610 1118 1672 quam
1145 1589 1259 1654 laudis.
1302 1593 1377 1655 Hoc

52 1704 115 1746 nee
143 1684 340 1765 temporibus
370 1683 520 1748 convenit
551 1707 609 1749 uec
639 1682 785 1750 Caesari.
840 1683 922 1746 Nam
949 1694 980 1745 et
1003 1693 1127 1765 tempus
1152 1684 1214 1746 tale
1240 1697 1307 1761 est,
1343 1700 1377 1749 ut
1390 1707 1420 1754 15

56 1798 134 1840 vcra
158 1777 249 1841 laude
274 1775 396 1842 Caesar
417 1778 584 1842 inducatur
606 1781 645 1842 ad
667 1774 878 1852 clementiam,
901 1788 934 1839 et
959 1776 1081 1841 Caesar
1103 1789 1214 1841 orator
1235 1790 1300 1856 est,
1325 1781 1379 1864 qui

55 1891 121 1934 nou
144 1871 245 1952 possit
267 1872 347 1934 salli.
1085 1949 1088 1954 ,

142 1965 312 2030 Diuturui
332 1964 476 2047 silentii]
499 1967 825 2050 Volrmtexponere:
848 1965 903 2028 bis
923 1965 1167 2048 temporibus]
1192 1966 1264 2051 quia
1285 1989 1379 2032 accu-

57 2056 141 2121 savit
163 2069 319 2140 tempora.
365 2061 440 2123 Non
467 2060 658 2145 intelligunt.
703 2059 808 2123 Sensit
830 2069 941 2123 orator
964 2071 1013 2135 et,
1038 2081 1078 2122 ne
1100 2061 1204 2144 figura
1226 2061 1285 2124 sit:

143 2155 228 2219 Nou
249 2153 372 2217 timore
392 2154 522 2239 utiquo]
552 2156 648 2218 modo
672 2152 831 2230 occurrit,
855 2152 968 2216 nevel
996 2150 1026 2215 in
1049 2154 1261 2237 suspicionem
1285 2158 1422 2231 cade-2⁰

57 2257 109 2310 ret
131 2268 283 2311 accusare
305 2259 462 2330 tempora.

124 2386 127 2392 ·
146 2341 280 2408 Partim
302 2340 435 2420 dolore]
471 2341 552 2423 Quia
574 2340 792 2415 desiderabam
815 2339 1020 2403 Marcellum.

145 2434 278 2500 Partim
308 2433 524 2513 verecundia]
562 2434 645 2515 Quia
675 2455 738 2498 non
769 2436 919 2498 audebam
953 2437 1036 2517 apud
1061 2446 1093 2499 te
1123 2435 1230 2521 loqui,
1266 2449 1380 2500 eontra

59 2550 152 2614 quem
177 2550 263 2592 arma
285 2550 495 2610 sumpseram.

143 2626 241 2705 Quae
266 2624 383 2685 uellem
404 2643 556 2707 preceque
580 2621 756 2702 sentirem]
790 2622 877 2685 Ecce
899 2620 958 2684 iam
981 2621 1074 2703 plena
1095 2621 1239 2688 libertas.
1391 2599 1423 2703 {5
1465 2658 1467 2663 ·

145 2721 298 2780 Tantum
324 2717 360 2778 iu
382 2738 518 2779 summu
536 2715 721 2799 potestate]
745 2713 806 2778 Cui
822 2715 979 2779 nonlicet
1002 2737 1157 2798 peccare,
1182 2718 1381 2783 innocentiae

59 2831 125 2875 uon
147 2822 196 2872 cst
215 2810 296 2872 laus.
340 2810 504 2894 Numquid
526 2811 619 2875 laudo
635 2813 692 2885 te,
716 2808 788 2893 quia
813 2807 1017 2872 homicidium
1038 2831 1102 2873 nou
1121 2809 1222 2873 lacis?
1245 2813 1280 2876 Si
1299 2814 1380 2875 enim

59 2903 189 2981 leceris,
215 2903 384 2967 damnaris.
429 2907 521 2989 Ergo
544 2927 608 2969 non
625 2925 759 2988 peccas,
783 2901 811 2966 si
834 2901 883 2965 vel
906 2901 1083 2965 innocentia
1098 2902 1150 2965 vel
1165 2904 1291 2968 timore.
1335 2908 1382 2969 At
1444 2914 1448 2931 '

57 2995 234 3079 imperator
261 2996 432 3060 laudandus
461 3008 528 3074 est,
562 2996 613 3060 eui
634 2998 708 3061 licet
741 3009 772 3060 et
804 3017 870 3060 uon
897 2995 993 3071 faeit3
1029 2997 1056 3060 si
1081 3009 1113 3060 et
1137 2999 1230 3082 copia
1252 2999 1310 3077 sit,
1349 3011 1381 3062 et

59 3100 165 3153 tamen
189 3092 299 3153 modus
322 3090 375 3154 sit.
1391 3127 1423 3175 3]

144 3187 196 3249 Ac
217 3206 328 3267 poene
350 3183 514 3265 divinam]
536 3186 612 3249 Non
634 3185 699 3249 boe
718 3182 785 3247 sine
807 3204 901 3247 eausa
921 3184 1008 3248 dicit.
1052 3186 1133 3247 Nam
1155 3196 1280 3249 constat
1296 3185 1380 3250 Cae-

59 3297 164 3341 sarem
186 3297 221 3340 se
244 3277 361 3341 iactare
383 3277 489 3341 divina
515 3277 639 3362 origine
664 3300 680 3340 a
704 3279 834 3342 Venere
863 3300 933 3342 esse
959 3289 1079 3343 natum.
1125 3282 1216 3345 Unde
1246 3292 1277 3343 et
1304 3282 1380 3343 deris

58 3383 171 3455 postea
196 3372 371 3455 appellatus
394 3384 455 3436 est.
500 3373 582 3435 Natu
608 3383 640 3434 et
666 3370 729 3435 alio
751 3371 826 3435 loeo
849 3371 911 3435 ait:
936 3376 1077 3456 Semper·
1099 3373 1117 3409 ο
1140 3374 1157 3409 ⁰
1180 3381 1198 3416 ⁰

145 3465 230 3549 Cap.
255 3466 319 3528 Vl.
338 3465 391 3529 20.
414 3467 499 3532 Noli
513 3466 624 3552 igitur
637 3465 674 3529 in
689 3465 936 3545 conseruando]
959 3466 1080 3544 Vides,
1104 3488 1169 3553 quo
1184 3468 1301 3545 tendit,
1327 3467 1380 3553 qui

58 3580 124 3624 nou
145 3571 265 3622 tantum
288 3559 353 3643 agit
377 3561 493 3651 gratias
509 3571 644 3643 propter
666 3559 855 3623 Marcellum
878 3580 970 3645 quiam
993 3573 1129 3643 propter
1152 3574 1278 3627 eeteros
1301 3582 1422 3632 eon-35

59 3665 222 3718 servatos.

144 3748 213 3812 Sed
234 3746 409 3832 opinione]
438 3746 519 3828 Quia
547 3747 700 3830 putabant
722 3768 756 3811 se
784 3748 901 3811 debere
923 3745 1014 3832 sequi
1037 3746 1168 3811 amioum
1190 3770 1294 3811 stium.

144 3844 227 3907 Non
245 3841 335 3904 enim
347 3853 409 3904 tua
422 3841 537 3924 culpo]
556 3841 637 3903 Vult
653 3840 775 3918 dicere,
800 3842 825 3904 si
840 3838 1000 3904 timuimus
1015 3853 1062 3918 te,
1076 3842 1149 3906 ideo
1165 3843 1378 3924 peccavimus.

146 3932 231 4017 Cap.
255 3936 339 3998 Vll.
364 3935 416 3999 et.
450 3938 554 4001 Nune
576 3933 675 3999 uenio
703 3936 750 3998 od
773 3934 1018 4019 grauissimam
1038 3936 1225 4020 querelam]
1260 3934 1380 3999 Conie-

60 4029 214 4093 cturalem
236 4040 360 4114 partem
384 4041 512 4094 tractat.
556 4028 639 4093 Vult
665 4027 789 4092 dicere:
827 4051 920 4093 nemo
948 4029 1007 4093 tibi
1028 4029 1155 4094 insidias
1181 4030 1270 4095 lacit.
1315 4032 1379 4095 Sed
1390 4047 1421 4095 tt

36 4255 39 4260 ’
136 4262 166 4314 2.
187 4259 313 4326 senatus]
334 4254 367 4312 de
382 4257 596 4312 1.1·’.6τοηονῐῑ
615 4273 687 4312 corr.
708 4255 771 4311 Sela.
792 4285 828 4300 -
847 4265 995 4329 separatus
1014 4259 1125 4314 G.Gr.'
1152 4264 1178 4316 7.
1197 4264 1376 4329 creatricen]

61 4328 95 4386 de
114 4332 227 4386 Graevii
248 4337 385 4387 sententla
407 4332 471 4388 Sela.
502 4361 538 4376 -
564 4336 611 4403 qut
625 4339 731 4403 putant
749 4341 850 4384 errant
866 4351 941 4386 saur.
961 4333 1035 4387 Tull.
1054 4333 1090 4389 G.
1111 4336 1160 4390 Gr.
1204 4335 1277 4389 lbtd.
1303 4337 1378 4390 Fora.

59 4410 208 4476 Ignoscere
226 4410 339 4462 multis:
364 4409 462 4460 multis
480 4412 553 4460 enim
579 4424 633 4461 eet.
672 4408 760 4460 Tum:
785 4408 825 4459 ad
842 4407 894 4461 hoc
912 4427 1002 4477 genias
1020 4410 1039 4462 t.
1071 4409 1124 4465 On.
1164 4412 1191 4465 9.
1210 4411 1289 4482 qesta]
1316 4418 1380 4480 quia

60 4482 195 4556 (Caesar)
215 4482 281 4538 seb.
320 4489 365 4541 12.
386 4487 491 4553 tumen]
522 4483 620 4550 «Fors.
638 4484 751 4538 etlam.”
781 4483 888 4539 Casus.
926 4491 970 4541 21.
991 4488 1135 4553 accusem]
1156 4484 1189 4538 de
1210 4488 1231 4539 1.
1252 4487 1281 4538 F.
1303 4490 1381 4541 Gro-

58 4561 139 4610 uorll
157 4575 274 4614 correct.
300 4561 365 4614 ech.
394 4589 432 4603 -
460 4568 608 4613 accusaret
626 4558 662 4614 G.
688 4560 738 4613 Gr.
784 4562 830 4617 26.
856 4561 922 4628 non]
944 4558 976 4613 de
997 4562 1019 4613 l.
1040 4561 1069 4614 1³.
1089 4562 1222 4615 Gronovll
1243 4567 1382 4620 sententis

59 4636 178 4687 losesolt
198 4632 264 4688 sm.
302 4639 346 4692 99.
366 4638 459 4705 copta]
481 4634 515 4688 de
535 4633 656 4687 eiusdem
677 4649 796 4689 correct.
817 4634 882 4688 Sela.
912 4663 949 4676 -
978 4642 1091 4707 copiosa
1110 4637 1145 4690 G.
1166 4637 1215 4690 Gr.
1255 4641 1299 4697 50.
1320 4637 1381 4690 Hoe

59 4712 99 4759 ait
118 4708 174 4763 del.
194 4708 259 4763 seb.
303 4713 349 4769 52.
368 4710 447 4779 deus]
468 4726 506 4764 es
523 4709 607 4761 diores
626 4707 659 4762 de
680 4711 701 4765 l.
721 4713 751 4766 1³.
771 4713 906 4769 Gronovii
926 4729 1000 4788 susp.
1021 4713 1086 4767 scu.
1131 4717 1176 4772 58.
1192 4715 1379 4782 peccavimus]

60 4783 108 4838 su
128 4789 238 4859 scalpsl.
260 4814 296 4829 -
311 4785 487 4858 peccabimus
505 4786 540 4840 G.
560 4786 610 4841 Gr.
630 4785 696 4840 sm.
