3210 5280
240 222 280 283 68
780 220 1006 288 sscouws

324 363 367 442 Q.
392 361 549 424 Caecilius
573 362 723 427 Metellus
746 362 947 439 Numidicus,
986 364 1038 426 M.
1062 362 1169 425 Iunius
1192 362 1334 436 Silanus,
1372 365 1410 424 de
1434 364 1548 445 quibus

239 455 314 517 lacit
344 456 550 530 mentionem,
588 458 732 517 consules
760 456 887 518 luerruu
915 457 999 519 bello
1031 456 1209 531 Cimbrico,
1247 458 1337 539 quod
1367 455 1419 518 diu
1450 479 1549 537 prave

239 549 329 609 sienul
352 560 382 608 et
405 547 570 609 infeliciter
593 558 714 630 gestura
737 560 798 610 est.
842 549 950 630 Atque
970 549 1037 629 ipse
1053 570 1181 632 uisoque
1197 549 1247 610 bic
1265 547 1371 610 lunius
1388 550 1466 611 niale
1481 572 1549 612 reru

239 645 388 703 adversus
413 640 562 704 Cirnbros
594 641 709 725 gessit,
748 663 787 702 so
801 684 1005 705 ........
1030 643 1138 724 plures
1162 642 1269 724 leges,
1307 663 1387 726 quae
1411 664 1469 721 per
1491 665 1547 704 eos

214 745 354 806 tanaus,¹
379 734 493 816 qriibus
514 735 591 796 baec
614 736 638 807 †
659 733 933 818 significabantur,
957 737 1079 817 populo
1102 736 1180 797 latae
1198 744 1305 807 eraut,
1329 733 1444 816 quibus
1466 734 1548 798 inili-

237 827 297 890 tiae
319 827 472 906 stipendia
494 826 730 902 minuebantur,
754 827 935 910 abrogavit.

315 918 481 994 Alterum,
515 940 605 1001 quae
636 919 694 981 lex
722 920 796 981 luto
827 940 893 982 esse
918 919 1072 999 dicutur,
1107 941 1148 984 eu
1168 942 1234 982 non
1254 919 1358 982 videri
1375 921 1547 999 populum

118 1066 120 1069 .
236 1011 355 1071 teneri.-
377 1017 413 1070 ut
433 1009 469 1070 i..
489 1002 645 1087 Marcio,
665 1009 743 1071 Sex.
765 1008 854 1070 lulio
877 1027 961 1070 coss.
982 1009 1021 1073 de
1046 1011 1175 1090 legibus
1197 1012 1308 1072 biviis.

320 1099 405 1161 Puto
430 1118 488 1160 vos
510 1095 685 1172 reminisci,
723 1099 778 1158 has
804 1118 873 1159 esse
902 1099 987 1182 leges
1017 1101 1144 1177 Livias,
1181 1121 1258 1182 quas
1280 1099 1341 1160 illis
1362 1100 1546 1161 consulibus

194 1191 290 1254 10Μ.
314 1191 426 1253 Livius
449 1191 592 1266 Drusus,
628 1190 771 1251 tribunus
791 1189 911 1270 plebis,
947 1192 1065 1256 tulerit.
1110 1193 1173 1273 Qui
1200 1214 1268 1254 οιιιιι
1291 1203 1416 1254 senatus
1439 1204 1545 1272 partes

235 1285 366 1345 tuendas
381 1283 569 1363 suscepisset
591 1292 623 1344 et
644 1282 732 1365 leges
754 1303 814 1362 pro
837 1283 1041 1362 optimatibus
1059 1286 1198 1361 tulisset,
1223 1297 1331 1366 postca
1348 1307 1387 1346 eo
1402 1284 1545 1348 licentiae

235 1385 283 1438 est
304 1396 515 1459 progressus,
550 1386 584 1436 ιιι
617 1375 734 1437 ιιιιΙΙιιιιι
762 1373 794 1436 in
823 1375 871 1437 his
901 1397 1020 1440 rnorem
1042 1390 1200 1441 servaret.
1243 1379 1354 1460 Itaque
1376 1376 1545 1458 Philippus

234 1467 364 1545 consul,
402 1468 456 1551 qui
478 1467 507 1529 ei
529 1467 671 1530 inimicus
693 1477 780 1543 erat,
815 1467 950 1532 obtinuit
970 1491 986 1532 a
1009 1484 1137 1547 senatu,
1176 1481 1211 1534 ut
1240 1470 1326 1554 leges
1347 1468 1414 1531 eius
1437 1490 1547 1532 ornnes

234 1581 297 1623 uno
321 1571 447 1623 senatus
470 1560 615 1625 consulto
637 1562 840 1624 tollerentur.
884 1561 1056 1626 Decretum
1078 1577 1127 1627 est
1150 1565 1245 1640 enirn,
1276 1573 1388 1626 eontra
1409 1563 1546 1645 auspicis

193 1657 304 1716 ¹⁵esse
324 1654 422 1726 latas,
446 1672 546 1735 neque
568 1652 605 1715 iis
627 1654 728 1716 teneri
753 1654 918 1734 populum.

253 1783 255 1787 ν
312 1746 461 1809 Tertium
481 1753 530 1806 est
550 1743 590 1808 de
613 1747 730 1828 legum
751 1745 1037 1828 derogationibus.
1081 1751 1156 1828 Quo
1183 1748 1222 1813 de
1246 1769 1365 1830 genere
1384 1767 1545 1828 persaeus

233 1845 368 1898 senaim
388 1837 545 1898 consultu
568 1834 671 1916 liunt,
700 1845 736 1898 ut
767 1857 874 1917 nuper
905 1835 943 1899 de
972 1839 1047 1918 ipso
1071 1838 1147 1919 lege
1169 1839 1376 1919 Calpurnia,
1406 1839 1468 1898 oui
1488 1836 1545 1899 de·

230 1943 272 1987 ro
299 1933 424 1987 uretur.

210 1992 245 2053 ι’
272 1943 387 2076 gLex
410 2016 487 2078 baec
510 2012 681 2095 Calpurnia
711 2015 748 2075 de
778 2013 896 2075 ambitu
924 2024 1003 2087 eret.
1049 2017 1180 2079 Trilerat
1202 2038 1269 2080 earn
1292 2027 1364 2078 ante
1385 2013 1543 2076 biennium

189 2104 274 2171 ttC.
299 2104 490 2188 Calpurnius
518 2106 595 2170 Piso
625 2105 763 2181 consul,
799 2103 832 2166 in
861 2126 923 2188 qua
951 2119 1080 2192 praeter
1106 2109 1183 2173 alias
1209 2129 1329 2191 poenas
1360 2107 1543 2190 pecuniaria

232 2219 362 2284 quoque
384 2220 485 2280 poena
508 2208 575 2260 erat
596 2195 732 2259 adiecta.

154 2373 156 2378 Ι
310 2292 345 2352 Ρ.
376 2287 560 2369 Africanus
591 2289 651 2350 ille
685 2291 841 2370 superior
877 2289 1004 2354 dieitur
1039 2313 1107 2355 non
1141 2292 1254 2354 sotum
1282 2312 1305 2355 u
1333 2292 1542 2372 sapientissi-

229 2379 292 2441 mis
310 2380 516 2454 bominibus,
544 2380 606 2461 qui
625 2387 697 2439 ium
717 2389 831 2455 eruut,
860 2383 1095 2444 verumetiam
1119 2401 1142 2444 u
1166 2402 1201 2444 se
1223 2384 1297 2461 ipso
1317 2401 1416 2462 saepe
1436 2396 1542 2443 uocu-

230 2479 324 2530 sutue
344 2491 432 2547 esse,
461 2467 571 2551 quod,
592 2487 671 2528 cum
697 2467 819 2529 consul
841 2478 923 2531 esset
949 2488 1028 2530 cum
1056 2471 1108 2532 Τι’.
1130 2470 1266 2552 Longo,
1307 2489 1428 2551 possus
1457 2479 1541 2533 esset

187 2558 301 2617 titum
324 2560 472 2636 primurn
494 2577 516 2618 a
539 2557 708 2636 populari
731 2576 885 2619 consessu
909 2563 1081 2620 senatoria
1102 2558 1262 2622 subsellia
1286 2559 1451 2638 separari.

324 2703 348 2749 1.
369 2694 405 2761 Q.
424 2694 562 2744 Caecilius
580 2693 715 2743 Metellus
732 2692 908 2760 Neemids'cus]
926 2692 996 2749 Lod.
1008 2709 1036 2748 st
1049 2711 1124 2767 seqq·
1143 2725 1182 2738 ··
1199 2696 1234 2766 Q·
1253 2695 1371 2748 cecilius
1388 2693 1543 2745 memidieus

227 2765 363 2818 Metellus
381 2770 472 2822 Prino.
493 2765 596 2820 berall.
1052 2813 1054 2818 .

301 2840 373 2894 lbid.
392 2843 516 2909 Silanus]
538 2843 614 2896 Man.
632 2843 727 2914 Sigon.
747 2867 785 2882 -
803 2841 908 2894 Siluius
926 2843 1019 2896 Priue.
1038 2842 1145 2897 Beseld.
1165 2841 1226 2898 sid.
1246 2871 1280 2886 —
1300 2843 1434 2915 Syllanus
1445 2846 1541 2897 aeteri.

319 2919 346 2974 li.
365 2922 470 2985 gessit,
491 2923 558 2975 ae*
573 2917 681 2988 pierres]
702 2918 797 2977 Priust
820 2944 857 2958 -
875 2922 979 2986 gessit,
994 2919 1091 2986 plures
1108 2917 1217 2972 Bersld.
1236 2947 1272 2961 -
1291 2923 1382 2986 gessit
1400 2917 1542 2987 aeplures

225 2994 321 3044 cereri.

319 3070 345 3122 5.
364 3063 616 3137 significabantur]
634 3067 725 3119 Prtuc.
735 3062 842 3118 Dersld.
856 3061 917 3119 sid.
941 3092 971 3107 -
993 3067 1163 3134 gerebantur
1171 3064 1241 3120 Lod.
1258 3064 1542 3139 Lupd.b1sn.8igou.

224 3145 323 3193 -sie
340 3141 512 3208 gerebantur
530 3140 595 3194 Hos.
615 3141 694 3193 Creu.
732 3136 773 3211 (F.
783 3138 880 3209 petilius
891 3138 958 3191 liaeo
973 3142 1176 3202 minitabantur
1186 3143 1302 3213 populo,
1329 3141 1409 3191 latae
1425 3158 1449 3194 e.
1469 3138 1537 3212 Oe.)

319 3222 344 3273 7.
365 3218 511 3280 Alterum,
531 3216 613 3284 praue]
633 3210 720 3284 bugd.
747 3213 811 3268 Hos.
837 3216 915 3268 Man.
936 3216 1016 3269 Creu.
1034 3245 1073 3258 -
1091 3216 1283 3287 Quantumque
1303 3219 1417 3287 priores.

317 3296 343 3349 8.
364 3291 453 3342 lluiis
471 3321 490 3331 -
509 3319 527 3331 -
547 3289 655 3356 Huius]
676 3285 750 3359 Lugtl
781 3288 846 3342 Hot.
867 3289 944 3344 Mau.
966 3291 1046 3344 Creo.
1066 3320 1102 3334 -
1122 3292 1210 3342 laniis
1228 3320 1247 3333 -
1267 3290 1399 3341 -Iunias
1418 3293 1535 3362 priores.
1568 3321 1572 3328 -

300 3370 344 3420 io.
363 3366 407 3416 M.
425 3365 522 3416 liuius
540 3365 663 3430 Drusus]
683 3360 768 3434 bugd.
787 3363 853 3416 itas.
867 3363 945 3420 Meu.
960 3366 1041 3420 Creo.
1061 3395 1096 3409 -
1115 3365 1535 3419 M.1.‹uruus1>raraat³rtna.

224 3436 333 3491 Beseld.
356 3438 413 3492 ild.
440 3467 476 3480 -
496 3439 537 3492 M.
558 3437 681 3490 Lubiiius
701 3437 813 3489 Drusus
832 3437 898 3492 Lod.

298 3522 343 3570 ss.
363 3512 557 3585 optimatibus]
578 3511 737 3582 opinatibus
758 3514 852 3566 Priuo.

299 3587 369 3641 lbld.
390 3605 422 3639 eo
441 3589 579 3654 licentiae]
600 3586 668 3640 Lod.
688 3601 716 3639 et
734 3602 809 3659 seqq.
828 3606 918 3639 —ea
936 3588 1049 3640 licentia
1067 3589 1158 3641 Prius.
1179 3586 1287 3643 sente.
1308 3583 1368 3639 ΔΜ.

299 3660 345 3720 tlt.
363 3666 498 3732 auspicia]
520 3667 642 3731 auspitius
662 3663 760 3716 Prius.
829 3668 874 3720 15.
892 3666 940 3730 iis]
950 3662 1034 3736 bugd.
1048 3663 1196 3716 HouMan.
1205 3663 1285 3720 Creo.
1306 3688 1341 3700 -
1359 3659 1404 3712 lais
1421 3665 1536 3733 priores.

298 3738 342 3793 16.
362 3735 603 3806 derogationibus]
625 3737 702 3789 Man.
716 3735 810 3808 Sigon.
829 3767 866 3779 —
885 3738 1115 3805 abrogattaaibas
1128 3742 1222 3792 ceteri.
1242 3764 1280 3778 -
1299 3737 1421 3804 ,cicero
1436 3753 1536 3808 posue·

221 3826 280 3878 ese,
300 3826 429 3882 quattuor
448 3829 506 3865 esse
526 3827 640 3884 genere,
660 3815 688 3862 tn
708 3811 807 3881 quibus
826 3828 936 3865 senatus
955 3811 1058 3883 aliquid
1078 3810 1111 3864 de
1131 3811 1237 3884 legibue
1256 3825 1405 3872 sternuere
1437 3829 1472 3862 ex
1492 3812 1535 3863 bis

220 3903 305 3940 uuum
326 3900 384 3939 erse
403 3884 437 3938 de
455 3887 560 3959 legibue
581 3886 760 3956 abrogandie,
780 3883 814 3938 de
846 3904 881 3939 uo
895 3891 950 3939 leni
964 3888 1044 3941 dixit.
1085 3885 1205 3959 Adparet
1219 3887 1359 3938 bornioem
1374 3883 1534 3951 indoctum,

220 3978 321 4034 qnam,
346 3959 380 4012 de
400 3977 452 4032 que
471 3980 500 4013 re
520 3976 534 4011 s
555 3977 661 4025 eretur,
691 3975 788 4013 uasere
807 3978 838 4015 ee
861 3977 904 4029 et,
931 3978 983 4014 uec
1002 3967 1069 4016 assis
1090 3979 1147 4014 rem
1168 3977 1291 4027 teneret,
1323 3959 1368 4011 ills
1388 3959 1422 4010 de
1441 3961 1535 4028 legum

219 4035 450 4104 subrogationibus
469 3981 619 4101 eddicisse,
640 4051 723 4105 quurn
742 4035 841 4088 Cicero
854 4040 1025 4110 scripsisset,
1046 4041 1180 4090 Asconius
1192 4039 1385 4108 excerpsisset:
1407 4032 1535 4087 Tertium

218 4119 276 4170 est.
309 4109 342 4161 da
360 4128 412 4181 quo
431 4127 531 4178 genere
551 4127 604 4163 eet.
643 4110 800 4163 Extremam
820 4112 899 4164 butue
924 4108 1071 4183 fragmenti
1093 4126 1196 4183 partem
1217 4116 1343 4163 vitiosam
1362 4125 1421 4161 esee
1442 4124 1534 4182 patera
1590 4161 1597 4175 ,

217 4202 313 4240 seuere
332 4203 388 4238 non
409 4185 546 4257 poseueu.”
567 4184 679 4238 ΜΔΝ.
849 4190 893 4242 17.
905 4184 1000 4258 fitam]
1013 4184 1139 4256 fuerunt
1152 4188 1246 4239 Prisc.
1261 4181 1369 4238 Rersld.

292 4267 336 4319 17.
356 4260 521 4329 Calpurnia]
542 4257 712 4329 Calpleuruia
731 4259 821 4312 Prino.
841 4261 889 4312 blo
908 4277 935 4313 et
955 4265 984 4314 in
1004 4265 1137 4333 proximis
1157 4260 1288 4314 versibus.

292 4333 364 4390 lite.
383 4337 438 4401 cui]
461 4335 586 4388 Lambin.
606 4339 634 4386 in
655 4333 763 4402 Fregen.
783 4334 840 4387 Cic.
860 4354 985 4406 -quae
1008 4340 1103 4390 aeteri.

291 4414 336 4467 20.
352 4426 461 4482 poenas
479 4440 494 4451 -
514 4441 530 4452 -
544 4410 650 4480 poena]
666 4425 757 4477 pereas
775 4440 791 4451 -
809 4428 935 4480 -paena
958 4411 1052 4464 Prluc.

294 4492 340 4542 22.
360 4485 461 4536 dicitur
481 4519 497 4528 -
516 4515 535 4528 -
554 4502 611 4537 aar.
631 4483 704 4552 esse]
726 4481 773 4536 Sia
792 4489 900 4557 scripsi.
920 4509 956 4524 -
975 4483 1078 4537 dieitur
1090 4490 1259 4537 --acc.sst
1271 4482 1363 4536 Ptine.
1375 4477 1485 4534 Beseld.
1498 4507 1537 4523 -

217 4566 249 4612 ut
267 4559 372 4613 dieitur
393 4591 411 4602 -
430 4590 449 4602 -
468 4576 526 4612 aee.
545 4567 588 4611 est
606 4560 710 4611 Ceteri.

290 4639 336 4692 23.
355 4633 399 4694 Ti,
419 4633 528 4701 Lange]
550 4633 626 4687 Meu.
647 4631 740 4703 Sigon.
760 4660 798 4673 -
817 4631 851 4685 Τ.
873 4630 971 4701 Lange
991 4636 1088 4686 cereri.

291 4711 337 4765 95.
359 4716 416 4759 tum
431 4713 552 4777 primum
570 4710 600 4774 a]
620 4705 973 4777 Lugd.llot.b1en.Cren.
994 4735 1029 4751 -
1053 4715 1148 4759 tamen
1162 4705 1285 4776 plrerima
1306 4707 1397 4759 Prius.
1417 4732 1452 4751 ι-
1471 4712 1531 4757 tune

211 4783 361 4854 plurimum
381 4780 488 4835 Beseld.
508 4810 544 4828 -
564 4791 623 4833 tuns
638 4781 761 4851 plurima
780 4779 841 4837 sid.
861 4780 931 4835 Lod.
