3210 5280
198 212 261 277 too
463 250 467 257 ·
635 208 1072 282 estnon-escouttts

282 352 355 417 Etsi
372 353 472 420 illum
492 353 629 436 ιιιιιιιιιιι]
673 355 727 419 Μ.
759 352 875 436 Lepidi
903 349 1077 434 prseteris,
1111 347 1166 434 qni
1194 346 1335 413 scensas-i
1356 357 1508 430 coeperet

200 467 218 510 s
241 447 364 508 dstobus
385 445 546 533 Metellis,
571 446 686 511 Celere
709 460 738 521 et
754 449 903 527 Nepote:
927 444 1072 528 quicum
1094 442 1220 529 legibus
1238 443 1505 527 interrogassent,

204 538 282 602 uicti
305 540 371 601 eins
392 540 473 622 spnd
495 541 643 621 populum
667 541 767 623 gratia
791 538 990 601 destiterunt.
1044 553 1063 607 χ

284 629 328 694 Ut
346 630 395 694 tis
415 654 459 696 ex
480 652 521 696 eo
534 631 696 711 seruilio]
755 631 858 695 Semel
890 651 1030 711 proavus
1052 629 1254 693 conservavit
1280 627 1385 692 victor
1410 629 1509 708 Syra·

176 739 309 796 scissas,
333 721 443 784 iterum
466 723 517 786 hio
537 746 698 806 pronepos
721 725 903 809 magistratu
925 744 984 787 suo
1005 723 1131 787 Siculos
1151 723 1323 786 recreavit.

202 834 205 840 ·
277 813 319 876 Et
341 824 458 894 posteo
478 815 529 878 M.
550 815 707 899 Antonii]
749 818 812 881 Hic
834 827 881 878 est
902 817 953 879 M.
978 816 1154 892 Antonine,
1184 814 1239 899 qui
1264 813 1366 900 gratis
1390 812 1510 879 Cottae

202 905 343 969 consulis
364 916 394 966 et
418 904 553 992 Cethegi
572 910 710 974 sectione
728 911 759 974 in
780 922 887 973 senatu
909 909 1103 972 curationem
1118 909 1269 972 infinitam
1288 920 1397 971 nactus
1411 907 1511 971 totius

202 1018 279 1063 orae
305 997 475 1063 maritimae
506 1013 537 1063 et
566 1002 702 1066 Siciliam
737 1016 768 1067 et
792 1002 975 1085 provincias
1005 1023 1112 1066 omnes
1138 1003 1347 1085 depopulatus
1380 1013 1445 1078 est,
1480 1013 1512 1065 et

202 1093 241 1153 etl
262 1101 454 1172 postremum
476 1092 611 1158 inferens
635 1095 839 1162 Cretensibus
862 1097 976 1158 bellurn
999 1099 1113 1159 morbo
1135 1095 1282 1160 interiit·
1312 1108 1314 1113 ’

160 1203 192 1254 tt
286 1186 331 1262 (§.
355 1184 402 1263 9.)
423 1184 460 1248 Iu
488 1191 652 1252 nemiuem
683 1201 760 1254 unte
788 1188 891 1272 husto]
950 1191 1068 1265 Recte,
1108 1188 1181 1273 quia
1214 1187 1355 1269 Lepidus
1387 1186 1511 1272 legibus

202 1287 320 1339 tantum
341 1275 557 1358 interrogatus
580 1282 709 1341 necdum
731 1295 881 1362 coeperat
904 1283 1055 1346 tecttsari.
1169 1313 1172 1321 ·
1366 1318 1367 1323 ¹

286 1370 330 1446 (§.
355 1371 422 1447 to.)
444 1370 619 1434 Postulutn
649 1372 862 1450 consulibus,
884 1395 971 1457 quoe
991 1397 1058 1438 uon
1078 1375 1269 1457 postulatu]
1312 1376 1364 1438 Ne
1385 1374 1454 1457 ipse
1479 1331 1509 1435 in

202 1463 339 1527 Verrem
372 1461 545 1524 concitasse
580 1462 703 1525 Siculos
737 1464 894 1539 videatur,
930 1466 1122 1528 voluntatem
1158 1480 1269 1530 contra
1308 1470 1444 1532 Verrem
1478 1467 1510 1529 in

206 1553 309 1617 inultis
342 1552 410 1617 eliis
438 1556 533 1617 rebus
562 1577 630 1620 esse
661 1568 862 1620 monstratam
885 1559 910 1632 †
932 1579 1000 1619 cum
1024 1560 1062 1619 de
1086 1556 1147 1620 illis
1175 1559 1413 1639 superioribus,
1445 1571 1511 1620 tum

94 1655 102 1670 ‘
163 1646 313 1721 uetiam,
336 1647 407 1730 qnia
429 1647 595 1729 petitiones
618 1651 656 1712 ed
680 1662 820 1713 senatum
843 1672 901 1732 per
921 1651 1045 1732 legatos
1067 1650 1163 1713 Siculi
1185 1652 1260 1713 tales
1285 1653 1455 1725 miserunt,
1479 1661 1512 1713 nt

151 1774 153 1779 r
205 1751 352 1804 nontam
373 1741 526 1805 beneficia
548 1745 726 1823 postulare,
751 1764 841 1827 qnam
864 1743 955 1806 hstius
977 1742 1105 1806 iniurias
1127 1744 1307 1806 describere
1327 1744 1510 1815 rideantur,

205 1843 242 1896 nt
264 1843 340 1914 puta
362 1853 431 1896 cnm
454 1847 581 1916 petunt,
606 1858 643 1898 ne
664 1836 711 1899 rei
732 1837 807 1898 liant
829 1837 990 1909 absentes,
1014 1833 1087 1918 quia
1105 1834 1253 1898 Sthenius
1274 1839 1358 1918 apud
1373 1836 1511 1899 Verrem

205 1926 270 1989 boc
291 1947 402 2007 passns
423 1927 545 2002 feteret,
570 1942 601 1993 et
623 1931 680 1992 alia
703 1927 891 1992 huiusmodi.

290 2023 314 2087 A
334 2039 406 2124 pop
426 2043 502 2086 meu
520 2023 715 2105 longissime
735 2022 840 2102 sotio]
882 2017 1015 2104 siquo,
1037 2040 1054 2081 s
1076 2040 1137 2116 qne
1158 2040 1212 2098 re,
1236 2041 1254 2082 a
1275 2042 1341 2107 quo
1365 2019 1509 2105 negotio,

165 2139 197 2189 ιο
207 2110 413 2177 accusationis
435 2112 566 2176 seilicet.

292 2207 337 2286 (§.
362 2204 431 2284 ιι.)
452 2205 589 2272 Publice
608 2203 848 2292 privatimque]
890 2204 958 2268 Ant
979 2200 1094 2287 legati,
1126 2215 1178 2268 aut
1198 2224 1269 2268 suas
1289 2203 1419 2268 iniurias
1442 2223 1513 2286 per-

206 2309 689 2477 aeqmiintoeeiuteristreimoeium,
674 2389 820 2454 iudices.
843 2389 999 2469 venerint]
1054 2389 1219 2455 Obscurus
1241 2356 1368 2465 sensns,
1403 2401 1434 2454 et
1455 2411 1513 2473 per

206 2485 404 2567 hyperbaton
433 2502 502 2543 cum
531 2479 709 2561 parenthesi
739 2479 864 2560 ligure,
897 2491 928 2542 et
955 2503 1041 2546 novo
1065 2484 1189 2545 modo'
1181 2504 1211 2544 ιιι
1234 2481 1389 2546 sententia
1412 2482 1513 2567 magis

165 2599 301 2656 pequam
323 2575 356 2638 in
380 2572 483 2637 serbis
506 2573 692 2654 explicatur.
734 2573 794 2635 Est
815 2570 894 2634 enim
920 2595 1028 2636 sensus
1052 2573 1121 2637 hic:
1144 2573 1184 2640 At
1211 2574 1511 2658 quemadmodum,

94 2715 97 2728 .
209 2669 352 2749 indices,
374 2669 534 2739 venerint,
555 2664 588 2726 id
617 2675 681 2741 est,
712 2686 805 2748 quem
828 2666 969 2730 animose
991 2680 1101 2731 contre
1123 2668 1278 2740 Verrem,
1310 2686 1350 2729 ex
1376 2669 1439 2730 hoc
1459 2687 1514 2729 eo·

303 2898 329 2950 1.
350 2892 427 2963 Etsi]
461 2892 551 2946 Petne.
570 2887 677 2944 Bereld,
700 2887 757 2943 tid.
779 2888 846 2943 Lod.
868 2920 902 2932 -
922 2891 1047 2946 Tametsi
1066 2895 1151 2946 ceteri
1172 2907 1235 2944 cnm
1256 2889 1336 2944 editt.
1356 2892 1512 2948 Ciceronis.

282 2966 469 3037 lbttlsillum]
489 2974 518 3018 et
535 2967 612 3017 ittnm
632 2966 710 3017 editt.
732 2966 892 3025 Ciceronis:
912 2967 959 3020 sed
978 2967 1054 3020 abest
1073 2975 1102 3018 et
1121 2983 1135 3018 ι
1156 2964 1236 3019 Ιιοιιίι
1256 2964 1409 3020 codicibus.

300 3049 327 3103 t.
346 3046 391 3111 eo]
412 3045 507 3094 eadem
525 3041 604 3094 Man.
623 3056 686 3092 cnm
706 3038 783 3093 editt.
805 3042 958 3096 Ciceronis.

283 3116 355 3173 ibid.
373 3118 464 3176 Semel
477 3133 603 3186 procons
621 3117 707 3182 cursu]
729 3115 776 3168 Sic
795 3120 903 3188 scripsi.
921 3139 957 3156 ·-
976 3115 1061 3167 semel
1075 3113 1149 3186 quod
1165 3129 1237 3167 avus
1254 3129 1330 3169 sons.
1352 3115 1444 3170 Prino.
1464 3117 1518 3171 Be-

209 3191 277 3248 rsltl.
297 3191 358 3248 uid.
381 3221 416 3233 -
435 3191 526 3243 Semel
541 3192 614 3259 qrsod
627 3207 754 3262 proavus
772 3208 847 3243 cons.
868 3190 935 3246 nod.
957 3209 983 3245 et
1004 3209 1078 3261 seqq.

304 3272 331 3326 6
349 3269 501 3333 recreavit]
522 3263 583 3318 tid
604 3281 631 3318 et
651 3284 725 3336 seqq.
747 3293 782 3306 -
801 3272 909 3317 creavit
928 3267 1019 3320 Ptine.
1039 3267 1147 3322 Bersltl.

302 3345 331 3402 6.
349 3340 388 3393 Et
407 3341 520 3409 postea]
568 3339 717 3410 Postquam
742 3339 828 3407 Lugd.
857 3342 934 3394 Men.
963 3358 1026 3393 cum
1050 3339 1231 3396 deterioribus
1257 3336 1336 3391 libris
1362 3337 1517 3393 Ciceronis.

212 3416 293 3489 Quod
315 3431 406 3468 sutem
430 3414 549 3469 Orellius
569 3415 700 3468 Pseudo·
710 3420 829 3469 aeconio
850 3414 999 3469 lectionem
1024 3416 1121 3473 tribuit
1143 3423 1267 3489 etpost,
1288 3412 1315 3466 id
1342 3421 1463 3484 pertinet
1485 3413 1520 3466 sd

211 3493 323 3565 p.176
350 3490 433 3556 l..‚6
458 3488 505 3541 nbi
529 3487 623 3553 eedem
645 3492 712 3542 hsce
734 3490 876 3543 Ciceronis
899 3493 979 3543 verbs
1005 3491 1163 3547 eliciuntur.
1210 3493 1281 3545 lsem
1302 3495 1386 3558 post,
1415 3494 1521 3543 omisso

212 3576 241 3620 et
246 3566 420 3637 ,legiturp
443 3568 504 3621 122.
526 3563 546 3618 l.
564 3567 591 3623 5
629 3565 681 3617 tite
701 3581 763 3616 vero
783 3582 865 3618 nemo
884 3563 971 3619 edidit
990 3575 1019 3617 et
1034 3575 1108 3635 ,ι.οιι

304 3646 332 3699 6
353 3644 524 3704 maritimas,
538 3647 565 3692 et
578 3640 648 3710 Sic]
664 3642 755 3695 Prius.
767 3638 876 3694 Bersld.
892 3639 959 3695 Lod.
974 3668 1008 3680 ·-
1021 3647 1194 3706 maritimae,
1213 3641 1268 3695 Sic.
1286 3638 1355 3715 (om.
1369 3637 1412 3712 et)
1426 3641 1521 3692 ceteri.

290 3720 334 3774 11.
352 3714 464 3766 necdum
484 3717 624 3783 coeperest]
662 3713 833 3770 neretu-
803 3732 912 3767 -ssee
942 3715 1006 3768 tum
1032 3717 1066 3768 de
1090 3725 1203 3788 ceperat
1223 3718 1313 3770 Princ.
1340 3744 1380 3760 ι-
1407 3713 1522 3765 medem

213 3797 298 3846 stiam
317 3797 448 3861 coeperest
466 3788 528 3842 Ait.
548 3805 574 3842 et
595 3806 670 3861 seqq.

288 3871 332 3921 12.
352 3864 498 3916 Postulans
518 3867 605 3931 cone]
638 3861 706 3917 Lod.
726 3879 755 3919 et
773 3880 913 3936 seqq-
875 3861 1068 3917 -Postulat
1086 3883 1105 3916 a
1123 3883 1199 3920 eous.
1217 3866 1310 3918 Petne.
1330 3850 1439 3918 Bersld.
1461 3859 1522 3916 stt.

288 3937 360 3994 lbid.
379 3956 434 3990 ιιοιι
450 3940 608 4006 postulata]
630 3936 689 3994 std.
708 3954 735 3991 et
755 3956 831 4010 seqq.
853 3966 885 3982 -
906 3956 961 3991 non
978 3940 1105 4010 possetint
1124 3940 1214 3995 Petne.
1234 3937 1341 3992 Bersld.

289 4020 333 4073 16.
351 4015 563 4065 volumtatem-
617 4021 714 4065 -tum
731 4017 827 4082 ettam]
856 4011 903 4066 Sic
926 4016 1166 4087 corruptel'rtnc.
1188 4011 1377 4068 berctuald.
1399 4010 1523 4064 Lod.-

214 4090 387 4144 voluntatem
400 4105 493 4139 eornm
506 4096 606 4139 contra
625 4085 668 4162 (irs
681 4087 758 4145 Men.
771 4116 806 4130 -
821 4104 875 4140 otn.
889 4088 960 4141 hano
973 4105 1067 4142 vocem
1084 4089 1183 4160 bugd.)
1207 4090 1327 4142 Verrem
1346 4105 1409 4140 cum
1428 4088 1524 4139 mattis

214 4165 281 4218 stitis
299 4163 381 4215 rebus
398 4180 456 4214 esse
475 4170 659 4214 monstratam
678 4162 761 4228 dieis,
781 4170 838 4215 sum
857 4168 942 4214 etism
963 4163 1048 4235 bugd.
1067 4165 1131 4217 lios.
1151 4165 1228 4217 Mers.
1250 4164 1330 4216 Creo.

290 4241 334 4297 16.
353 4238 481 4290 vsdearst
473 4240 517 4304 ιι]
546 4236 709 4288 viderentur
727 4238 791 4290 iiot.
813 4239 895 4292 Creo.

291 4320 335 4372 19.
355 4331 373 4364 a
392 4331 461 4384 queo,
481 4331 499 4363 a
518 4330 571 4383 qssa
591 4314 636 4382 re]
663 4311 724 4365 ΔΗ.
744 4327 771 4364 et
791 4329 921 4383 seqq·
886 4329 958 4363 -c
978 4331 1028 4383 quo
1047 4331 1133 4382 quare
1152 4314 1244 4367 Prius.
1265 4309 1374 4364 Beseld.

290 4395 334 4446 21.
354 4387 464 4440 Psstrls'ee
481 4388 683 4458 privatimque]
717 4388 860 4440 Mnu.—
823 4387 1011 4457 —pnblieae
1036 4407 1069 4439 ac
1088 4394 1199 4458 iniquas
1224 4390 1316 4440 Ptine.
1338 4384 1447 4439 Beseld.
1466 4383 1526 4439 Atd.

216 4460 340 4518 Lotl.-
360 4462 469 4513 Publice
486 4465 650 4532 prtvssteque
670 4464 756 4531 Lupi.
765 4461 838 4521 ,lion
863 4463 944 4515 Cren.

291 4542 335 4595 22.
351 4537 560 4608 persequentes]
590 4533 676 4605 Lugd.
697 4535 762 4589 Hos.
782 4536 859 4590 Man.
879 4535 962 4589 Creu.
983 4565 1014 4579 ι·
1033 4543 1232 4607 prosequentes
1251 4535 1344 4588 Ptine.
1363 4532 1472 4588 Bersld.
1491 4561 1528 4577 -

214 4615 408 4685 prosequentis
426 4609 487 4666 uti.
508 4608 574 4662 Lod.

293 4689 339 4744 26.
359 4687 552 4755 venetica,
560 4683 622 4737 Non
643 4682 710 4738 sidit
732 4688 884 4758 Asconius,
912 4689 935 4738 sl
954 4685 1061 4756 legatur
1079 4694 1232 4752 venerunt,
1261 4681 1437 4740 obscnrttstts
1457 4681 1528 4737 nihil

217 4778 291 4816 esse:
312 4777 341 4814 nt
363 4773 436 4815 nnnc
459 4765 487 4813 tn
512 4725 627 4833 vulgetis
646 4759 724 4815 libris
745 4759 873 4836 legiturt’
899 4760 1045 4817 ΜΔΝϋΤ.
