3210 5280
221 208 281 289 isc
650 219 1090 288 PsEUDO·Ascottttts

219 360 423 426 soerisetiouis
443 360 473 423 in
503 361 638 424 Verrem
665 362 827 421 audentem
853 364 960 424 adesse
986 372 1078 444 atque
1101 361 1278 435 defensum,
1308 361 1339 422 in
1366 361 1524 424 exhorta·

219 454 458 518 tioneiudicurn
480 457 520 516 sd
538 466 624 516 recte
645 451 858 530 iudicandum,
893 466 955 517 tum
989 455 1018 516 in
1051 455 1141 516 minis
1165 467 1274 518 contra
1296 454 1517 529 aduersarios,

220 560 252 611 et
273 548 304 610 in
327 547 499 610 exhibenda
522 547 643 610 ratione
665 548 758 612 oiiicii
780 547 846 622 sui,
870 569 926 609 cur
947 546 989 608 ita
1016 548 1156 610 inuiuerit
1175 569 1339 623 accusare,
1362 557 1399 609 ut
1419 548 1521 628 prinis

220 641 343 703 actione
365 650 481 702 tantum
509 640 639 703 testibus
661 653 824 705 niteretur:
860 662 940 723 quac
966 641 1069 704 orrrnia
1093 640 1245 703 eiusmodi
1271 652 1360 714 erint,
1399 651 1434 702 ut
1456 661 1521 702 noo

194 740 282 793 enm
304 753 387 795 nova
409 731 531 808 dicere,
556 755 646 816 quesn
671 735 751 796 dictu
774 732 846 796 libri
863 732 1034 813 superioris
1049 733 1223 795 instaurare
1241 732 1395 794 videatur.
1439 731 1521 792 Post

219 824 297 885 baec
323 823 424 887 omnia
440 823 534 906 ipsius
558 825 723 891 Ciceronis
743 847 801 908 per
822 827 961 888 honores
976 825 1089 888 Verris
1110 847 1182 889 curn
1196 822 1379 888 criminibus
1392 822 1520 887 iunctos

220 915 333 981 divisio
354 916 574 1000 perordinem
596 930 771 1002 temporum
793 917 903 981 currit.
1596 919 1602 927 '

608 1187 1135 1276 ENARRATIO.

767 1374 973 1390 m

315 1519 321 1530 Ι

164 1566 213 1630 [υ]
304 1538 347 1617 (§.
372 1538 419 1616 l.)
449 1537 622 1604 Neminem
653 1549 794 1602 uernum
826 1542 984 1622 ignorare
1013 1538 1161 1602 arbitror
1190 1536 1273 1617 ind]
1321 1538 1398 1600 Hoc
1419 1548 1520 1600 toturn

180 1627 403 1713 eofignentinn
427 1641 474 1693 est
495 1628 678 1704 Ciceronis,
707 1641 741 1691 ut
761 1631 953 1706 sequentium
976 1628 1126 1693 libroruin
1150 1649 1225 1692 vera
1247 1628 1330 1692 ectio
1353 1629 1519 1693 rideaturs

220 1743 289 1782 nuso
312 1725 433 1784 Verres
455 1722 514 1784 inni
535 1716 592 1783 sira
613 1732 726 1803 sponte
748 1723 843 1805 elegit
865 1723 1006 1786 exilium.

299 1804 347 1892 '(§.
372 1817 403 1878 2.
426 1812 620 1895 Respondet]
663 1816 762 1877 Recte
784 1814 898 1877 dictum
920 1825 966 1877 est
986 1813 1178 1894 respondet:
1199 1833 1268 1874 usin
1289 1815 1372 1895 apud
1396 1824 1523 1876 veteres

221 1916 253 1968 et
284 1905 400 1970 iudices
429 1918 460 1969 ct
489 1906 536 1969 rei
568 1918 599 1969 ct
629 1917 829 1970 aconitorcs
858 1918 889 1970 et
918 1907 1100 1969 defensores
1127 1905 1289 1969 ciebantur
1319 1928 1337 1970 s
1364 1927 1523 1991 praecone

220 1999 397 2080 praetorio.

177 2115 208 2165 15
301 2089 434 2170 Patior,
457 2091 539 2174 iud]
583 2091 664 2157 Cum
680 2092 787 2154 dolere
805 2088 967 2166 debuerit,
991 2087 1095 2151 resisti
1116 2087 1194 2168 sibi,
1217 2092 1295 2171 puli
1313 2111 1348 2155 se
1369 2103 1402 2155 et
1417 2113 1521 2177 sequo

223 2184 325 2248 auimo
348 2185 434 2247 icere
457 2186 545 2260 dicit,
578 2196 612 2247 ut
633 2206 767 2268 pugnaui
791 2183 921 2246 victoria
944 2192 1167 2264 consequatur.

303 2281 347 2355 (§.
371 2279 416 2355 lt.)
438 2279 555 2362 Neque
586 2281 672 2341 enim
699 2277 792 2339 salus
820 2277 896 2339 nlla
923 2274 1133 2356 reipublicae
1152 2280 1264 2340 maior
1298 2274 1360 2355 est]
1403 2279 1523 2342 Eadem

219 2370 352 2452 repetit,
388 2370 516 2454 quaein
539 2367 639 2451 prima
662 2366 785 2430 actione
807 2365 999 2440 dictasunt,
1037 2384 1054 2428 e
1081 2376 1118 2428 re
1144 2367 1269 2449 publica
1292 2390 1360 2433 esse
1382 2371 1523 2434 damnari

220 2462 368 2524 Verrem.
700 2472 705 2483 ·

174 2575 207 2624 2⁰
307 2555 493 2636 Diligenter
512 2528 655 2632 reidctis]
699 2552 844 2615 lleiectos
866 2547 981 2612 iudices
1002 2570 1063 2631 pro
1084 2553 1197 2619 electis
1212 2550 1345 2638 intelligi
1360 2556 1522 2619 convenit.

225 2646 277 2708 lbi
302 2646 381 2708 cniiu
410 2643 538 2706 reiectio
568 2643 720 2716 iudicum,
753 2641 806 2703 ubi
832 2652 862 2703 et
890 2642 1024 2705 retentio
1052 2644 1239 2707 continetur.
1283 2646 1319 2709 lo
1349 2650 1522 2713 reiectione

224 2751 326 2802 erstem
356 2735 547 2800 occursatoris
578 2736 627 2798 vel
656 2735 733 2797 fides
760 2734 984 2813 accusationis,
1018 2736 1070 2800 vel
1098 2738 1346 2820 praevaricatio,
1371 2754 1522 2825 utsupra

225 2831 307 2909 dixi,
330 2839 472 2913 apparet.

238 2954 1522 2983 Μ

311 3049 337 3100 1.
356 3050 435 3117 prensi
453 3061 537 3095 uerae
556 3045 757 3113 accinctionis]
778 3040 844 3096 Lod.
863 3056 890 3095 et
909 3059 983 3113 seqq.
1003 3071 1037 3086 -
1057 3061 1126 3114 quas
1142 3063 1209 3096 vere
1228 3055 1418 3101 acremotionis
1431 3053 1522 3104 Priuc.

217 3146 254 3164 -
273 3137 342 3192 quus
360 3138 444 3171 verae
463 3124 649 3170 accinctionis
669 3116 775 3172 Bereld.
798 3146 828 3158 -
849 3121 927 3188 quasi
945 3133 1014 3168 vera
1031 3125 1207 3171 occursatione
1227 3120 1287 3174 ild.

293 3192 365 3247 ibid.
384 3194 528 3263 defensum
547 3198 577 3243 in
596 3191 674 3260 esen]
697 3190 781 3264 lugd.
802 3193 865 3245 lior.
881 3187 963 3244 ¹lituu.
985 3193 1065 3246 Creo.
1083 3220 1122 3234 -
1139 3193 1365 3266 defensumexlr.
1384 3201 1500 3270 priores.

312 3275 340 3325 2.
359 3271 427 3335 turn]
454 3285 509 3318 orn.
532 3268 610 3320 Mun.

313 3347 339 3399 7.
358 3346 467 3392 iunctos
485 3341 597 3408 divisio]
626 3346 734 3392 esimtas
751 3340 840 3392 diuiso
859 3342 954 3394 Princ.

310 3423 336 3475 8.
356 3414 593 3483 ENdIiItATlO]
625 3417 798 3483 figmentum
822 3416 962 3469 Ciceronis
979 3416 1074 3470 Prino.
1094 3415 1201 3470 Bereld.
1221 3443 1255 3458 -
1276 3417 1432 3473 lNlTIUM
1452 3421 1522 3476 EX-

218 3490 432 3547 POSl'l'iONlS
452 3489 535 3541 Creo.
552 3517 590 3532 —
609 3507 665 3545 orn.
684 3494 779 3543 ceteri.

310 3569 336 3622 9.
355 3567 455 3632 totum]
489 3581 544 3616 om.
565 3563 631 3615 bod.

293 3645 337 3694 10.
350 3635 438 3710 figur.
457 3647 499 3689 est
519 3639 671 3707 Ciceronis]
698 3635 786 3710 figur.
813 3657 872 3691 esse
890 3643 989 3695 Marci
1008 3639 1149 3693 Ciceronis
1167 3638 1275 3697 Bersld.
1296 3638 1364 3694 Lod.
1382 3670 1420 3684 -
1431 3641 1520 3715 figas.

217 3730 276 3766 esse
295 3714 436 3766 Ciceronis
455 3711 515 3765 eid.

294 3793 337 3847 13.
356 3788 511 3860 ciebantur]
538 3786 584 3841 Sic
603 3789 711 3858 scripsi.
733 3813 765 3828 -
785 3786 946 3838 dicebantur
964 3789 1056 3840 Prioo.
1071 3786 1182 3842 Bersld.
1194 3787 1256 3843 Ati.
1270 3787 1337 3843 Lod.
1357 3792 1384 3859 („
1392 3791 1518 3846 Fortasse

217 3862 414 3916 dreeebonlrer.'’
435 3863 533 3929 LOD.)
553 3892 586 3904 -
605 3861 763 3913 citabantur
783 3863 867 3934 bugd.
888 3864 950 3914 lior.
969 3862 1047 3914 Man.
1067 3862 1147 3916 Creu.
1290 3849 1301 3865 ’

293 3937 336 3994 ili.
354 3940 512 4006 praetorio]
539 3937 630 3990 Prioc.
644 3934 750 3990 Beruid.
766 3935 826 3991 Ald.
840 3934 909 3988 Lod.
928 3952 992 3989 oum
1010 3938 1121 3992 Gruerii
1135 3937 1198 3994 MS.
1219 3967 1252 3980 -
1269 3945 1412 4009 praetoris
1431 3939 1517 4013 bugd.

216 4014 282 4068 liet.
304 4012 380 4065 Man.
401 4015 479 4064 Creu.

293 4088 335 4142 15.
355 4084 451 4137 Patiar
471 4085 527 4138 iud.
566 4084 633 4138 Ceus
651 4083 755 4151 dolere]
778 4083 844 4138 Lod.
863 4099 889 4138 et
908 4102 982 4156 seqq.
1001 4111 1039 4127 -·
1057 4083 1156 4137 Patiar
1169 4077 1299 4140 iudiciurn
1317 4086 1413 4139 dolore
1427 4090 1518 4142 Prino.

216 4161 324 4216 Beeald.
343 4165 493 4229 -patiar
511 4159 629 4210 iudices:
654 4160 747 4210 dolere
766 4157 827 4212 ΔΜ.

291 4234 362 4289 ibid.
381 4238 487 4302 resisti]
509 4236 601 4287 Princ.
623 4233 727 4287 bersid.
747 4249 809 4286 oum
829 4233 939 4288 Graevii
959 4233 1021 4289 MS.
1040 4262 1076 4277 —
1095 4238 1200 4286 restitit
1218 4234 1279 4289 uid.
1299 4250 1326 4288 et
1346 4254 1423 4307 seqq.

295 4308 367 4362 ibid.
386 4313 425 4376 se]
452 4327 508 4362 orn.
527 4309 624 4364 Greer.
643 4325 705 4362 cum
726 4308 821 4360 codice
840 4324 899 4360 suo.

288 4389 335 4442 17.
354 4384 411 4434 ulla
430 4389 496 4452 reip.
517 4389 607 4435 maior
626 4387 682 4455 est]
706 4383 762 4434 ulla
781 4387 870 4432 molor
889 4381 1059 4451 Reipublicae
1078 4380 1128 4433 isac
1146 4390 1268 4452 tempore
1286 4387 1410 4435 inveniri
1424 4394 1518 4454 potest

217 4457 284 4513 Lod.
304 4475 366 4510 cum
387 4456 466 4510 edin.
487 4459 635 4510 Ciceronis.
656 4487 692 4501 -
710 4458 768 4508 nilo
787 4461 876 4507 maior
895 4461 964 4522 reip.
987 4461 1054 4523 (om.
1073 4461 1128 4522 est)
1149 4456 1232 4529 bugd.
1251 4457 1328 4510 Man.

199 4523 205 4534 ⁸
291 4539 335 4588 22.
353 4537 575 4603 praevaricatio]
604 4536 650 4585 Sic
668 4535 776 4604 scripsi.
804 4559 834 4570 -
858 4535 1112 4600 praevaricationis
1130 4533 1221 4585 Prioc.
1240 4530 1348 4586 Bercld.
1368 4533 1429 4586 eti.
1450 4532 1516 4589 Lod.

217 4637 252 4652 ..
267 4612 521 4678 praeuaricationis
536 4604 659 4675 perfidia
679 4604 760 4679 bugd.
782 4606 845 4657 Hor.
865 4606 942 4658 Mun.
962 4605 1043 4658 Creu.

295 4679 362 4732 ibid.
382 4684 478 4751 surpra]
510 4680 548 4732 dd
570 4681 631 4732 Act.
651 4681 674 4735 i.
696 4684 720 4747 d
740 4685 784 4737 17.

293 4761 337 4816 23.
356 4754 428 4824 diat]
457 4753 541 4828 bugd.
561 4755 626 4813 tin.
645 4756 723 4811 blus.
744 4756 823 4808 Creu.
841 4779 877 4797 -
895 4751 971 4806 inte
988 4757 1171 4827 antiquiores..
