3210 5280
521 214 571 282 m
594 214 736 283 nnuc.
756 217 854 286 nuo
874 216 1097 289 annucio.
1303 190 1308 199 '
1368 223 1429 288 aas

207 355 264 436 [Ρ.
288 354 378 437 ttt.]
422 395 433 417 .
478 397 489 420 .
532 355 629 421 .hoc
648 357 830 422 factumest
848 360 909 402 -¹
930 379 990 425 nse
1010 357 1175 435 videlicet,
1198 363 1285 448 quod
1307 362 1429 444 saepius

119 447 230 522 iterat,
272 447 366 511 valde
392 445 509 530 inpiam
536 448 721 514 Laterensis
746 450 1017 534 propositiom,
1051 451 1107 539 qui
1137 455 1323 519 candidato²
1358 455 1429 538 plus

120 541 322 624 inpedimenti
344 562 385 605 ex
408 562 547 624 persona
566 542 667 624 patris
688 562 757 607 esse
780 543 925 609 debuisse
941 544 1081 624 dixerit,
1104 568 1197 632 quam
1218 546 1339 612 laveris
1362 549 1429 632 pri·

120 634 261 720 vilegio³
283 646 426 698 naturae.
469 634 568 715 Quod
588 647 689 701 autem
705 637 743 699 de
764 649 855 721 patre
870 638 963 716 dicit,
985 638 1062 705 illud
1076 650 1145 704 esta
1168 662 1264 725 quum
1282 640 1430 724 princeps

120 740 205 791 esset
226 726 465 809 publicanorum
490 725 553 792 Cn.
574 727 698 813 Plancii
720 741 832 811 pater,
855 741 887 795 et
907 730 1043 796 societas
1063 733 1167 797 eadem
1188 733 1220 796 in
1242 735 1454 807 exercendiss

120 820 327 905 vectigalibus
353 818 542 904 gravissimo
567 822 680 885 damno
713 821 874 887 videretur
906 825 1049 900 adlecta,
1086 822 1294 889 desideratum
1323 837 1370 889 est
1397 825 1429 890 in

119 926 230 978 senatu
244 911 370 976 nomine
387 909 644 994 publicanorum,
668 925 704 976 ut
718 936 786 978 curn
802 915 840 978 iis
856 914 938 979 ratio
952 926 1121 999 putaretur
1134 916 1206 1002 lege
1224 918 1427 1000 Sempronia3

120 1020 154 1072 et
173 1005 367 1070 remissionis
390 1014 509 1067 tantum
531 1005 622 1068 lieret
644 1008 682 1069 de
712 1029 829 1071 summa
852 1008 1001 1091 pecunia,
1030 1020 1180 1093 quamum
1206 1009 1347 1094 aequitas
1369 1033 1430 1093 po·

120 1101 269 1181 stularct,
299 1118 361 1180 pro
390 1097 560 1182 quantitate
585 1098 787 1176 damnorum,
826 1103 939 1184 quibus
966 1102 1092 1165 lucrant
1118 1102 1224 1167 auriti
1249 1101 1430 1168 incursione

120 1195 242 1257 vexati.
284 1192 436 1258 Adstitit⁸
465 1192 565 1276 igitur
595 1191 715 1257 Caesar
743 1215 854 1258 causae
882 1194 1134 1277 publicanorum.
1178 1196 1332 1265 Caesaris,
1347 1197 1429 1260 desi·
1442 1225 1472 1272 tt

120 1287 216 1351 deriis
239 1285 428 1350 contradixit
455 1307 516 1369 pro
537 1286 673 1371 vigore‘
694 1285 827 1350 duritiae
849 1309 924 1352 suae
947 1290 1000 1352 Μ.
1028 1287 1133 1363 Cato,
1165 1301 1196 1353 et
1222 1290 1302 1354 diem
1328 1300 1429 1354 totum

120 1379 305 1464 prolixitate
328 1378 480 1442 orationis
495 1399 569 1442 suae
591 1380 777 1462 occupavit,
803 1392 836 1444 ut
856 1392 980 1443 senatus
1002 1383 1189 1446 decernendi
1213 1385 1346 1466 spatium
1365 1405 1429 1448 uon

122 1476 268 1537 haberet.
313 1474 356 1537 Et
375 1473 407 1536 id
428 1485 550 1554 tempus
572 1490 653 1556 ergo
669 1473 852 1536 Laterensis
867 1477 1073 1537 denotaverat
1088 1475 1276 1540 invidiosum
1296 1476 1428 1541 Plancio

121 1589 191 1631 esse
223 1567 385 1638 debuisse,
417 1567 583 1650 quominus
618 1566 710 1628 lieret
739 1566 868 1644 aedilis,
904 1569 1031 1650 quando
1059 1583 1150 1652 pater
1179 1569 1246 1633 eius
1276 1571 1428 1652 quaedam

122 1662 180 1742 [P.
206 1661 293 1741 tiu]
323 1659 451 1723 liberius
478 1671 509 1724 et
533 1657 671 1722 exertius
701 1661 850 1724 adversus
883 1663 1033 1746 quosdam
1060 1662 1216 1745 primores
1242 1662 1428 1747 senatuslin
1441 1681 1471 1728 1⁵

121 1753 361 1836 publicanorum
384 1753 571 1837 allegatione
592 1735 733 1817 dixissei.
776 1754 815 1817 ld
830 1767 961 1818 revocat
976 1762 1088 1818 orator
1108 1754 1177 1817 cd‘
1197 1754 1427 1835 defensionem,

121 1845 250 1910 licuisse
275 1846 380 1910 dicens
402 1845 568 1932 unicuique
590 1849 628 1908 de
650 1849 714 1910 suis
734 1845 855 1909 iniuriis
879 1846 976 1910 libere
999 1847 1164 1934 conqueri.

195 1984 232 2062 2.
258 1989 335 2089 Ego
361 1988 639 2087 publicanorum
676 1986 738 2061 in⁷
773 1989 817 2089 Q.
854 1987 1070 2065 Scaevolam
1103 1993 1223 2065 virum
1257 1993 1428 2068 omnibus

117 2102 265 2201 ingenio
301 2103 441 2174 iustitia
474 2103 683 2201 integritate
721 2111 969 2197 praestantem
1009 2127 1141 2200 aspere
1178 2113 1215 2177 et
1250 2103 1428 2177 ferociter

118 2214 217 2286 dicta
251 2207 560 2286 commemorem?
604 2211 758 2286 Consuli
782 2213 825 2288 P.
852 2212 1009 2287 Nasicae
1035 2237 1172 2310 praeco
1199 2213 1362 2288 Granius
1389 2214 1471 2296 ineu

119 2325 240 2400 medio
267 2324 371 2419 loro,
415 2350 524 2423 quum
550 2323 612 2397 ille
639 2325 760 2398 edicto
785 2322 951 2398 ἰιιιιίιίο8
989 2324 1133 2398 domum
1161 2324 1342 2399 decedens
1369 2348 1428 2397 ro

118 2445 244 2539 gasset
261 2436 457 2530 Granium,
485 2436 572 2535 quid
597 2437 718 2511 tristis
743 2430 896 2511 essert?
922 2460 969 2507 an
987 2437 1086 2534 quod
1103 2437 1262 2509 reiectae
1290 2437 1427 2508 auctio·

119 2573 188 2622 nes
215 2541 367 2622 essent?
406 2547 521 2621 lmmo
546 2570 660 2644 vero,
685 2549 825 2648 inquit,
853 2547 951 2648 quod
976 2542 1231 2646 legationes¹⁰.

205 2681 426 2748 Potentissime
445 2684 484 2745 ab
501 2681 655 2765 exemplis
669 2683 801 2768 qualitas
816 2683 960 2747 absoluta
974 2684 1134 2758 firmatur,
1155 2681 1277 2746 licuisse
1293 2679 1427 2747 Plancio

120 2774 240 2842 seniori
261 2777 413 2860 quaedam
438 2775 568 2838 liberius
594 2775 698 2838 dicere
718 2798 780 2859 pro
805 2775 955 2840 societate
977 2777 1234 2858 publicanorum,
1260 2775 1314 2860 qui
1335 2776 1425 2838 etiam
1437 2809 1469 2861 ²⁵

118 2870 150 2934 in
173 2870 253 2949 Q.¹¹
276 2868 460 2931 Scaevolam
488 2866 572 2932 omni
599 2868 715 2932 virtute
742 2868 1038 2952 praestantissimum
1063 2869 1164 2933 virum
1186 2868 1330 2931 fiduciam
1352 2889 1426 2932 suae

120 2960 274 3028 libertatis
303 2960 507 3024 erexerint¹².
551 2961 628 3024 Inde
653 2963 845 3025 transcendit
866 2965 904 3024 ad
930 2962 1106 3044 exemplum
1130 2960 1245 3025 famosi
1269 2962 1426 3045 quondam
1492 2987 1495 2991 ·

120 3054 288 3141 praeconis
324 3053 368 3134 Q.
399 3053 509 3118 Granii
545 3065 577 3117 et
606 3054 781 3137 adprime¹³
814 3053 1016 3130 dicacissimi‚
1060 3077 1152 3141 quera
1188 3076 1283 3138 quum
1322 3052 1426 3117 edicto

118 3150 259 3225 iustitio,
275 3148 387 3223 idest,
404 3147 567 3229 praedicto
581 3146 615 3209 in
628 3168 664 3210 re
682 3169 716 3231 p.
733 3160 894 3232 tempore,
910 3169 975 3230 quo
985 3149 1010 3188 ¹³
1032 3147 1106 3210 nibil
1122 3159 1270 3232 ageretur
1288 3145 1426 3210 ciuilium

122 3243 343 3330 negotiorum,
367 3241 482 3306 Nasica
503 3241 616 3304 consul
636 3238 1037 3324 compellavisset'obvium
1060 3239 1120 3303 sibi
1144 3240 1229 3304 forte
1252 3239 1425 3303 venientem
1438 3272 1469 3322 ,ο

120 3337 316 3420 dixissetque
331 3333 533 3399 ioculariter:
556 3334 668 3410 Grani,
686 3336 760 3418 quad
775 3332 874 3397 tristis
887 3332 946 3397 es?
960 3354 998 3396 an
1014 3336 1101 3419 quod
1115 3332 1276 3398 auctiones
1289 3332 1427 3397 reiectae

123 3430 181 3516 [P.
217 3429 307 3510 tto]
344 3426 440 3492 sum?
481 3425 616 3506 (Scimus
646 3426 726 3490 enim
752 3427 981 3510 praecolnibus
1011 3428 1170 3493 auctiones
1193 3425 1310 3490 fructui
1339 3445 1426 3501 esso,

122 3524 210 3608 quod
231 3543 289 3604 per
312 3542 369 3585 ens
391 3521 494 3585 onmia
520 3519 750 3594 distrahantur;
773 3519 828 3585 illo
851 3532 952 3583 atttem
973 3518 1093 3584 iustitio
1117 3541 1174 3583 nec
1194 3518 1314 3600 ipsae¹⁵
1335 3529 1428 3600 pote·

121 3626 193 3680 rant
216 3613 422 3692 exerceri¹⁶);
445 3612 517 3677 huic
540 3614 582 3677 P.
603 3611 744 3695 Scipioni
765 3633 782 3676 e
805 3613 966 3678 contrario
986 3634 1049 3677 non
1065 3613 1132 3676 sine
1151 3633 1257 3676 morsu
1272 3608 1427 3675 stomachi

86 3707 323 3794 ·reapondisse
346 3707 497 3772 Granium
523 3705 614 3771 dicit:
646 3704 741 3770 immo
767 3705 837 3770 ideo
864 3705 961 3770 tristis
985 3727 1069 3784 sum,
1102 3707 1187 3792 quod
1216 3704 1468 3791 legationes¹⁷as
1528 3738 1531 3744 ·

191 3997 215 4044 ί.
236 3994 558 4057 Spatiumaniusrorabsti.
595 3991 620 4038 2.
639 3993 700 4039 Coi.
719 3991 875 4039 candidatos.
912 3989 936 4040 3.
956 3994 1017 4039 eos.
1032 4006 1081 4052 pro
1095 3992 1177 4054 regio.
1215 3989 1240 4037 4.
1259 3992 1426 4049 (stempas,

259 4073 284 4112 ιι
295 4073 331 4113 ιιι
343 4067 405 4112 iutra
415 4066 474 4121 cap.
491 4065 548 4110 XV.
568 4062 598 4108 tt.
613 4062 637 4109 5.
650 4062 713 4109 cod.
725 4062 787 4109 adit.
800 4063 879 4109 Maias
890 4069 914 4109 st
927 4065 1013 4109 Wand.
1028 4059 1119 4122 adsuit.
1138 4060 1198 4115 Οι.)
1221 4061 1246 4112 5.
1259 4061 1322 4120 (pro
1330 4057 1426 4122 sigere]

256 4136 310 4182 cu.
324 4152 347 4194 p.
362 4133 421 4181 272.
438 4135 478 4183 ll.
498 4133 557 4188 Οι.)
593 4131 618 4177 6.
636 4133 742 4195 Spatium
754 4135 853 4178 ιιοιιιιι
866 4133 939 4178 iurans
955 4133 1134 4178 smabuturam.
1171 4128 1195 4176 l.
1216 4130 1276 4176 (ἔοι.
1289 4144 1365 4190 napae
1382 4144 1427 4187 pro

257 4207 293 4252 ιἰι.
331 4204 356 4251 d.
382 4205 442 4251 θοι.
467 4203 614 4250 dictastitio.
653 4200 676 4248 9.
696 4202 757 4247 God.
777 4200 894 4262 Quintius
912 4202 968 4262 qaia
988 4206 1063 4246 erest.
1102 4196 1141 4248 tt.
1159 4199 1277 4257 Optimam
1302 4200 1427 4245 lectionesa

255 4277 394 4337 lagationes
418 4288 461 4331 pro
481 4275 578 4333 vulgato
596 4273 681 4316 suendo
696 4271 812 4332 legiones
831 4272 903 4317 babet
921 4273 991 4316 stiam
1009 4273 1083 4316 cedes
1101 4269 1246 4329 'thuringiae
1269 4270 1329 4324 apsi
1350 4267 1426 4313 Gras-

258 4347 331 4392 sism.
370 4343 410 4390 ll.
431 4344 491 4391 eoa.
511 4357 573 4404 qaue
592 4355 636 4397 pro
656 4339 686 4401 Q.
725 4338 766 4386 12.
786 4341 908 4396 (Portam
926 4340 1081 4385 exarserint.
1109 4339 1168 4393 Oa.)
1205 4334 1245 4383 ¹3.
1264 4336 1326 4383 (lod.
1339 4335 1425 4395 edpri·

256 4429 322 4461 mas.
351 4412 401 4460 tt.
419 4413 662 4473 Cod.qaiprnqao.
699 4406 739 4455 ts.
759 4410 897 4468 Compar.
938 4408 1192 4456 ιῌῖοιηκινιινι.
1229 4403 1426 4468 ll.Cod.legu-

257 4485 333 4530 tinnis
351 4498 395 4540 pro
411 4483 560 4544 legationes.
597 4479 656 4525 Novi
675 4479 783 4537 squidem
799 4480 1007 4542 grammaticorum
1030 4480 1196 4524 cancellorum
1214 4482 1382 4532 praeceptam,
1401 4481 1427 4521 ιι

259 4568 306 4598 non
329 4555 359 4598 sit
377 4554 400 4598 e'a
419 4566 462 4608 pro
486 4565 514 4597 ss
537 4552 581 4596 nisi
605 4550 627 4593 in
646 4554 730 4606 quarto
753 4549 836 4603 plurali
858 4561 929 4604 easa3
955 4553 979 4594 ιι
998 4549 1092 4607 qnidam
1113 4548 1232 4594 suminam
1251 4546 1384 4591 cusantiam
1402 4547 1425 4591 in

258 4624 310 4668 iam
334 4636 389 4683 gea.
411 4636 460 4667 eas.
497 4621 549 4681 Ego
576 4626 653 4664 ιιιιιι
678 4618 775 4667 minitas
800 4623 947 4666 ιιιιιιιιιιιιι
971 4612 1086 4665 eiusmodi
1107 4619 1248 4674 scripturam
1266 4627 1319 4661 ιιιι
1336 4615 1384 4673 nu
1402 4618 1426 4661 ia

257 4694 359 4750 antiquis
378 4692 514 4751 endiribss;
532 4692 602 4751 idque
620 4690 667 4735 iarn
686 4687 769 4733 nannai
781 4690 811 4736 ad
830 4687 919 4749 nam.
938 4689 995 4735 vit.
1010 4690 1058 4736 tur.
1078 4688 1124 4735 cir.
1142 4702 1167 4746 p.
1187 4681 1229 4734 3³.
1248 4681 1290 4732 88.
1312 4686 1336 4731 is
1350 4677 1433 4732 rsuea'

259 4763 454 4823 nsuegesptteo.
