3210 5280
309 229 316 240 '
414 223 459 289 ΙΝ
483 224 623 290 ΟΒΑΤ.
647 224 766 291 POST
787 223 894 287 RED.
916 224 981 294 An
1002 223 1106 290 Poe.
1360 223 1420 286 est

205 365 412 446 Sponsionem
436 368 591 448 qttandam
614 377 760 428 votorum
782 384 911 427 suorram
932 384 1083 446 perquam
1106 363 1265 427 oratorie¹
1295 363 1368 426 faeit
1390 363 1421 425 in

120 459 274 534 exordio,
300 469 333 521 ut
349 479 413 523 non
427 459 602 521 lntmanitus
618 461 732 531 ιιιοάο,
756 479 865 520 verum
888 455 979 519 etiam
1002 456 1148 520 divinitus
1172 461 1209 519 de
1225 456 1420 519 restitutione

117 573 174 617 ena
197 552 361 616 iudicatum
384 550 523 633 intellegi
551 551 639 625 relit3
663 550 929 634 quandoquidem
952 549 1087 612 siceum
1113 563 1234 614 constet
1266 551 1366 614 orrrnia
1390 550 1420 613 in

117 646 322 729 praeteritum
344 667 405 727 pro
428 647 547 728 patriae
568 645 778 707 incolumitate
799 643 952 718 sensisse,
984 653 1019 706 nt
1047 665 1201 727 nunquam
1225 647 1263 706 de
1284 666 1344 706 suo
1366 665 1420 723 pe·

118 737 221 801 rieule
243 739 422 812 laboraret,
453 760 546 819 quitur
571 738 697 801 exilium
727 759 791 801 non
822 736 969 800 meruerit
998 748 1175 813 aetermuu,
1199 741 1254 800 scd
1281 739 1446 800 mature²⁵

117 832 150 895 in
172 831 302 915 patriam
326 844 358 895 et
380 831 512 895 decretis
533 842 659 894 senatus
681 842 713 894 et
733 852 888 896 consensu
909 829 1020 917 populi
1043 830 1203 894 restitutus
1224 830 1276 892 sit.

194 951 231 1029 2.
257 957 430 1030 Miseram
456 953 758 1053 p1·ofeeti0nem³.

202 1073 381 1156 Vigilauter
405 1074 588 1136 medellaml
615 1072 732 1156 pudori
753 1094 811 1137 suo
833 1071 989 1148 adhibuit,
1024 1071 1156 1138 dicendo
1178 1072 1297 1137 tristem
1322 1073 1421 1156 magis

116 1165 369 1248 profectionem,
394 1189 484 1250 qnam
515 1166 756 1251 ignominiosum
779 1165 854 1229 illud
878 1165 1004 1247 exiliunt
1026 1165 1142 1240 fuissea
1172 1177 1205 1229 ut
1228 1188 1290 1230 non
1313 1166 1353 1229 sit
1375 1166 1420 1228 in·

117 1259 220 1332 fame,
251 1261 337 1342 quod
358 1260 455 1322 solam
478 1257 622 1322 babuerit
642 1257 799 1322 iniuriam.
1435 1280 1464 1328 to

194 1377 231 1456 3.
258 1383 345 1456 Eius
372 1383 579 1456 devotionis
606 1408 661 1456 me
688 1407 770 1456 esse
797 1385 1002 1456 convictum
1029 1381 1186 1465 iudici0⁵
1214 1384 1377 1457 deorum.

202 1502 337 1565 Vetusto
367 1500 490 1563 locutus
518 1514 583 1573 est;
622 1500 689 1563 voti
710 1500 790 1563 enim
813 1500 998 1564 convictos⁶
1031 1500 1159 1564 dicimus
1181 1523 1251 1575 eos,
1293 1500 1347 1584 qui
1383 1502 1421 1562 ad

118 1593 263 1656 effectum
282 1591 467 1675 perveniant
489 1615 617 1668 eorum,
641 1613 720 1676 quae
742 1591 800 1655 sibi
822 1591 950 1657 evenire
973 1614 1096 1676 semper
1118 1593 1308 1677 optaverint.
1332 1593 1420 1658 Con-

118 1685 236 1749 victnm
258 1707 338 1772 ergo
360 1707 394 1748 se
416 1686 503 1750 dicit.
1066 1694 1070 1699 ’
1093 1691 1098 1699 ’

192 1805 229 1885 lt.
256 1810 340 1885 Non
376 1821 500 1884 tantae
536 1809 737 1910 voluptati⁷
776 1821 883 1884 erant
917 1813 1101 1910 suscepti,
1141 1823 1298 1912 quantae
1325 1837 1464 1886 truncis

117 1932 205 1996 sunt
230 1925 404 1997 restituti.
595 1935 599 1946 '

204 2039 386 2122 Concepte⁸
409 2039 510 2121 posita
534 2040 696 2104 sententia.
740 2039 863 2103 Etenim
886 2062 981 2125 qtrtam
1008 2052 1110 2104 manet
1131 2039 1259 2104 inlibata
1274 2040 1421 2116 felicitas,

119 2131 224 2198 minor
253 2144 301 2197 est
329 2134 549 2218 gratulantium
580 2136 720 2206 fructus;
755 2155 850 2216 quum
881 2153 960 2197 vero
993 2135 1032 2195 ab
1062 2134 1174 2197 dolore
1204 2133 1423 2198 intercedentis

122 2225 254 2290 iniuriae
282 2230 321 2290 ad
343 2227 585 2309 prosperitatem
608 2228 753 2291 fortunas
774 2237 963 2302 revocatur,
997 2225 1155 2308 pressiore
1176 2225 1291 2291 iudicio
1314 2249 1424 2291 sensns

121 2318 280 2383 felicitatis
303 2319 467 2402 accipitur.
1434 2351 1465 2398 20

197 2438 233 2518 5.
262 2444 337 2522 Sed
373 2455 554 2545 tamquam
593 2447 689 2520 bona
725 2442 897 2517 valetudo
932 2444 1126 2518 iucundior
1163 2455 1233 2518 est·
1256 2447 1322 2540 iis,
1361 2448 1424 2544 qui

119 2557 249 2657 gravi⁹
277 2560 406 2632 morbo
432 2562 591 2633 recreati
618 2570 715 2632 sunt.

199 2671 284 2742 'Ant
306 2676 363 2741 roei
385 2677 590 2763 ἲδιοπρεποῦς
611 2688 642 2740 et
664 2697 759 2759 snpra
779 2673 909 2759 copiose
931 2687 962 2739 et
984 2675 1035 2740 hie
1063 2675 1322 2740 abundantissime
1347 2675 1425 2737 dila-

118 2766 198 2831 tavit
219 2768 419 2846 sententiam,
445 2771 554 2834 volens
570 2773 734 2834 ostendere
749 2771 818 2853 plus
834 2792 903 2834 esse
918 2769 1139 2856 gratulationis
1157 2772 1234 2833 mala
1255 2769 1421 2851 depulisse,

119 2881 213 2945 qttam
240 2861 385 2924 fortunae
412 2863 606 2926 incommoda
636 2885 793 2948 nunquam
823 2862 937 2926 sentire
959 2864 1113 2945 potuisse.
1168 2863 1293 2947 Quippe
1316 2869 1466 2925 sensus2⁵

120 2952 389 3017 incommodorum
421 2957 675 3019 commendabilia
703 2957 779 3019 facit
811 2955 882 3029 illa,
913 2977 992 3039 quae
1022 2976 1174 3038 prospera
1203 2967 1293 3030 stant,
1323 2954 1425 3036 qetalis

120 3045 274 3110 sententia
297 3049 479 3134 Vergiliana
502 3028 567 3125 esf,
606 3049 761 3122 „forsitan
784 3061 815 3113 et
836 3051 913 3112 hacc
935 3048 1009 3112 olim
1032 3047 1204 3122 meminisse
1226 3047 1424 3111 iuvabit''¹⁰.

122 3138 187 3203 Vel
200 3143 222 3181 ¹¹
246 3151 280 3203 ut
301 3143 395 3206 Plato
418 3143 448 3205 in
469 3144 613 3234 πολιτείᾳ
622 3145 648 3184 ¹²
669 3143 717 3205 his
740 3155 773 3205 nt
794 3144 909 3225 opinor
925 3140 1029 3205 verbis
1045 3144 1171 3206 eandem
1187 3140 1424 3225 conceptionem

124 3233 296 3297 tententiae
319 3239 441 3317 posuit:
480 3223 529 3325 ἆρ’
553 3224 644 3304 οὖνιδ
671 3232 879 3323 μνημονεύεις
908 3232 982 3313 τοὺς
1005 3236 1065 3302 τῶν
1086 3232 1271 3322 καμνόντων
1292 3229 1426 3320 λόγους,

121 3319 179 3405 ob'e
200 3330 349 3414 λέγουσιν
371 3321 421 3394 ὅτ’
445 3326 486 3395 ἂν
507 3325 686 3416 κάμνωσιν,
707 3325 749 3407 ὡς
770 3327 863 3396 οὐδὲν
884 3325 950 3417 ἄρα
973 3330 1058 3396 ἐστὶν
1079 3321 1170 3411 ἥδιον
1186 3329 1244 3395 τοῦ
1258 3323 1424 3414 ὑγιαίνειν.
1438 3338 1469 3386 ³⁰

121 3415 325 3511 allicienda
354 3416 503 3497 ἐλελήθει
531 3427 607 3512 πρὶν
627 3418 759 3510 κάμνειν
780 3415 913 3505 ἥδιστον
935 3419 982 3490 ὅν.
1024 3424 1067 3489 Et
1089 3425 1247 3488 isocrates
1290 3423 1307 3458 *³
1351 3422 1368 3456 ⁸*
1411 3420 1428 3455 ⁶

200 3544 250 3618 ll.
278 3538 313 3618 l.
341 3545 373 3619 Α
399 3549 627 3645 parentibus,
654 3549 691 3621 id
717 3548 994 3647 quodaneeesse
1020 3559 1115 3645 erat,
1141 3573 1279 3647 parvus
1306 3545 1427 3622 sum¹l
1455 3596 1461 3603 -

120 3669 360 3758 procreatus,
387 3685 407 3733 a
434 3664 541 3735 vobis
567 3672 675 3735 natus
701 3686 780 3735 sum
806 3663 1024 3735 consularis.

207 3776 378 3858 Popularis
408 3779 525 3864 magis,
559 3800 650 3863 quarn
680 3801 788 3862 pressa
815 3764 846 3844 eit
872 3778 980 3866 gravis
1002 3780 1080 3841 baec
1103 3777 1252 3842 sententia
1283 3777 1425 3853 videtur3

122 3870 178 3932 sed
199 3869 274 3932 facit
299 3874 337 3932 ad
364 3893 454 3935 autres
480 3873 588 3958 volgi,
621 3885 654 3936 ut
679 3896 773 3958 quiam
805 3886 952 3955 parentes
985 3875 1221 3956 procreaverint
1246 3873 1468 3948 bominem,35

124 3961 187 4045 ipsi
210 3965 396 4044 provenisse
418 3978 448 4029 et
470 3971 704 4051 qttotlaunnodo
730 3968 879 4051 gradibus
900 3968 1057 4032 bonorum
1083 3967 1315 4031 conroborasse
1343 3965 1428 4030 eide-

194 4217 219 4260 l.
238 4217 297 4261 Cod.
323 4219 457 4264 oratoriae.
495 4217 519 4263 2.
540 4221 598 4265 cod.
622 4227 745 4265 meteres.
782 4218 806 4267 3.
827 4224 887 4268 Cod.
905 4219 1103 4281 professionem,
1123 4225 1163 4268 sad
1189 4223 1247 4266 bana
1266 4223 1327 4266 infra
1344 4218 1427 4280 prose-

263 4289 376 4331 ctionem.
414 4285 438 4332 ὅ.
459 4289 492 4332 lta
512 4291 589 4343 dot„
615 4296 639 4335 ut
656 4291 712 4336 alibi
734 4293 874 4350 quaerella,
895 4294 988 4337 tutelln.
1026 4291 1050 4337 5.
1071 4292 1131 4336 Cod.
1155 4290 1284 4335 iudicium.
1322 4289 1345 4334 6.
1366 4292 1426 4334 tiod.

262 4359 395 4400 convictus.
434 4354 457 4402 l.
478 4357 536 4403 ttdd.
552 4360 989 4421 peiustuntuoolteptote··qnunte.
1026 4359 1050 4405 t.
1071 4360 1284 4417 Codconeeptna.
1322 4359 1429 4404 litante·

260 4440 312 4469 rnna
330 4428 466 4472 adverbium
482 4430 564 4473 lexicis
581 4431 720 4477 addendum.
758 4428 782 4474 9.
801 4431 861 4475 tta.
880 4431 987 4491 agraet.
1026 4427 1065 4475 fl).
1086 4431 1145 4475 Cod.
1165 4431 1265 4475 iuuerit.
1303 4428 1342 4473 ll.
1367 4431 1428 4473 (lod.

262 4509 328 4540 vero.
368 4494 488 4542 ΝΛΜ.
509 4495 647 4548 sotaeuu.
686 4491 885 4568 tastum
901 4493 948 4550 oei.
986 4497 1026 4545 tt.
1047 4501 1106 4546 eoa.
1129 4514 1193 4545 eum.

196 4621 242 4672 27.
261 4616 329 4669 Aen.
351 4619 370 4670 Ι.
391 4621 470 4675 206.:
501 4637 554 4689 qno
574 4618 636 4671 loeo
656 4618 716 4672 vide
737 4620 888 4690 lleyntnm,
917 4624 963 4691 qut
985 4636 1061 4690 parea
1082 4620 1236 4673 locutiones
1255 4623 1378 4689 congerit
1399 4637 1432 4671 ex

123 4688 259 4753 flomero,
281 4692 427 4761 Euripide,
455 4695 557 4746 Naevio
578 4710 658 4764 atque
678 4699 829 4761 uice-rone,
858 4701 901 4748 cut
924 4712 1062 4770 postratno
1083 4693 1221 4750 addendus
1242 4710 1282 4749 ast
1303 4695 1379 4748 locos
1400 4697 1432 4747 tle

123 4764 190 4839 ttep.
210 4766 272 4821 Lib.
292 4768 314 4820 l.
335 4773 363 4820 in
383 4770 542 4840 traginensis
564 4772 685 4823 incertae
706 4769 786 4829 sedit.
