3210 5280
496 164 1052 287 incasuruorcncco.
1362 214 1425 281 au

201 355 420 422 Artificinlitei·
452 368 484 423 et
514 357 696 444 dignitatem
721 357 867 442 personia
901 357 1027 423 testium
1061 359 1216 441 derogat,
1250 366 1282 419 et
1311 354 1425 420 falsum

118 449 241 516 dicendi
261 471 373 515 causas
392 452 583 534 interponit,
596 465 642 518 -ut
660 453 740 517 nihil
759 453 792 515 in
812 463 913 517 totum
933 452 1103 538 religiom
1120 451 1193 516 fidei
1214 453 1425 537 relinquatur.

193 571 231 651 11.
259 575 438 677 Quidnam
465 578 533 651 sit¹
564 578 730 677 dicturus
757 588 922 681 expecto.
980 670 985 678 ι

203 692 478 758 Praevenitnr'ab
500 699 629 760 oratore
649 694 811 760 imminens
832 694 1064 771 testimonium,
1087 696 1121 758 rit
1145 688 1199 758 aut
1219 694 1293 757 nihil
1315 692 1426 758 conari

117 791 158 852 ad
175 783 391 852 ⁴incutiendum
418 791 569 863 studeant,
599 801 653 853 a‘ut
681 791 770 874 prius
799 811 891 875 quiam
917 790 1072 865 dixerint,
1106 782 1303 851 refellantur.
1349 791 1451 852 Sus-t

116 880 226 967 pendit
241 893 351 945 *tamen
372 894 405 947 et
419 883 771 966 ipse-responsionem,
796 905 833 947 ne
855 886 1025 947 absurdum
1046 881 1169 946 laceret
1189 880 1354 965 copiosius
1370 904 1427 947 ex·

118 978 282 1062 sequendo
306 997 373 1040 eam
395 997 486 1052 rem,
516 998 597 1062 qnae
619 999 682 1041 non
705 990 772 1041 erat
794 981 833 1041 ab
855 987 934 1040 teste
957 977 1093 1059 prolata.

196 1099 319 1173 XXII.
348 1091 382 1172 1.
419 1100 630 1186 Trallianos
648 1094 802 1177 vc'aursam
828 1097 1033 1200 publicam‘l
1060 1097 1263 1173 Meandro³
1291 1101 1429 1175 homini

118 1212 274 1286 sordido
301 1215 540 1286 commisisse.

164 1349 169 1357 '
199 1324 394 1414 Ἕτὲκβασις
415 1331 452 1393 fu
480 1333 519 1392 ad
542 1331 742 1394 refutandum
765 1331 924 1414 publicum
947 1328 1156 1395 testiinonium
1178 1320 1427 1394 Trallianorum.
1442 1349 1472 1398 tt

93 1478 96 1495 ,
121 1423 167 1488 Et
184 1422 264 1485 bene
279 1422 439 1505 praemisit
462 1437 571 1488 orator
585 1426 700 1487 habere
722 1424 873 1509 qrrandam
888 1449 922 1489 se
938 1437 968 1487 ct
983 1424 1112 1488 fratrem
1127 1445 1216 1486 suum
1232 1444 1300 1486 cum
1319 1428 1428 1489 eodem

119 1512 244 1600 populo
272 1516 549 1591 necessitudinem,
584 1529 619 1579 nt
646 1517 798 1603 quidquid
822 1522 970 1582 adversus
998 1539 1053 1582 eos
1080 1517 1212 1592 dixerit,
1248 1519 1429 1581 necessitate

119 1609 192 1672 fidei
219 1621 348 1673 coactus
371 1610 486 1674 dixisse
507 1612 666 1675 videatur.
720 1613 910 1677 Acutissime
940 1623 1104 1693 practerea
1133 1609 1233 1674 onmis
1259 1609 1430 1674 auctoritas

118 1702 263 1786 publica,
288 1724 368 1786 quae
394 1702 503 1769 adesse
524 1715 652 1787 poterat
674 1702 810 1779 civitati,
835 1708 998 1768 deducitur
1014 1706 1043 1768 in
1059 1705 1202 1787 planum3
1226 1726 1321 1789 quum
1343 1704 1430 1769 solus

119 1797 305 1861 lileandrius
332 1802 372 1860 ad
397 1798 607 1863 testimonium
631 1797 794 1861 dicendum
818 1799 1025 1881 processerit,
1051 1798 1142 1862 nullis
1168 1797 1357 1861 ornamentis
1381 1797 1430 1862 vel
1443 1803 1473 1852 ¹5

120 1910 244 1951 morum
264 1890 313 1953 vel
336 1892 496 1974 dignitatis
517 1891 698 1954 instructus.
744 1892 790 1954 lta
806 1893 892 1975 qrrod
915 1893 1047 1954 calidum
1065 1912 1133 1953 csse
1156 1901 1266 1955 contra
1282 1892 1429 1953 Flaccum

120 1992 249 2064 poterat
275 2004 315 2045 en
341 1984 603 2066 contemplatione
627 1983 746 2065 publici
772 1985 956 2061 testimonii,
980 2007 1042 2067 pro
1064 1985 1190 2047 adiecto
1216 1984 1430 2066 accipiendum

120 2076 299 2151 videbitur,
325 2098 388 2140 uno
409 2077 578 2160 loquente,
603 2089 634 2139 et
656 2099 716 2154 eo,
740 2078 795 2162 quui
818 2079 935 2143 nonsit
960 2079 1062 2162 aliqua
1086 2080 1248 2142 honestate
1266 2078 1429 2159 srtbuixus.

198 2194 235 2273 2.
263 2201 378 2301 Quasi
404 2200 657 2276 ministrator⁴
684 2203 823 2275 aderat.

208 2361 219 2382 .
264 2319 298 2380 .⁵
321 2318 440 2401 accipe.
484 2319 736 2389 Ministrntorem
751 2320 822 2382 hic⁶
843 2319 922 2383 enim
946 2319 1037 2394 dicit,
1055 2320 1108 2402 quii
1124 2318 1185 2381 tela
1199 2318 1430 2404 gladiatoribus
1441 2333 1474 2382 ao

121 2411 284 2496 suggerite
322 2414 363 2498 ad
389 2434 480 2497 quiem
510 2416 636 2477 modum
668 2412 735 2477 vult
758 2413 901 2498 intellegi
928 2412 1020 2477 etiam
1049 2414 1172 2477 abhoc
1195 2413 1431 2479 accusatoribus

121 2505 252 2600 criudna
274 2505 514 2571 subministrari.

198 2624 235 2702 3.
264 2629 387 2730 Quare
421 2633 454 2704 si
488 2594 584 2706 husie
610 2633 745 2708 habeut
772 2643 957 2708 auctorem
986 2633 1167 2707 Tralliani
1193 2631 1334 2706 doloris
1360 2634 1430 2707 sui.

207 2765 448 2842 -⁷P0unu.
493 2812 503 2831 .
548 2813 558 2832 .
640 2752 642 2757 ¹

463 2888 762 2991 [Desiderantur
781 2894 952 3005 paginae
977 2889 1093 2992 octo]
1442 2922 1476 2973 as

670 3021 688 3055 0
772 3020 789 3055 ὗ
874 3022 891 3053 lt

200 3104 361 3181 XXXII.
389 3100 424 3182 l.
472 3107 590 3203 Quod
619 3107 730 3206 patri
760 3107 804 3180 L.
838 3105 972 3180 Flacci
1002 3107 1117 3181 aedili
1153 3106 1285 3182 curuli
1320 3122 1435 3199 poter

125 3231 216 3290 tuns
245 3218 548 3317 tribunusplebi
573 3219 670 3292 diem
696 3217 847 3292 dicerit.

211 3334 267 3417 [P.
290 3334 378 3416 262]
422 3336 440 3369 ⁸
482 3336 500 3368 ⁶
542 3335 559 3369 ⁴
582 3345 643 3397 tem
659 3338 698 3398 ad
717 3334 913 3419 consulatum
935 3355 1033 3417 usque
1055 3333 1254 3414 pervenerim
1277 3332 1330 3397 ille
1353 3354 1432 3397 vero

124 3427 271 3508 deposita
294 3426 476 3491 etribunicin
519 3438 676 3510 potestate
714 3426 876 3491 damnatos
903 3428 954 3492 sit.
1013 3427 1056 3490 Et
1086 3428 1309 3489 lirmmnentum
1340 3424 1433 3489 adicit
1444 3438 1475 3490 ³⁰

124 3522 198 3584 huic
226 3521 489 3605 argumentationi
515 3519 581 3587 cino
613 3557 652 3568 -
688 3523 749 3569 -⁸
782 3524 1016 3606 huncquoque
1044 3518 1220 3583 Decianum
1250 3519 1326 3584 nihil
1358 3530 1434 3603 aput

123 3614 258 3679 animuin
283 3616 389 3679 Flacci
411 3616 568 3679 resedisse
596 3637 637 3679 ex
662 3614 722 3678 illis
744 3613 910 3678 inimicitiis
934 3612 1120 3688 credidisse,
1151 3616 1278 3696 qrrando
1309 3612 1433 3697 quidem
1556 3652 1578 3662 ·-

124 3727 190 3772 non
216 3708 406 3772 dubitaverit
426 3712 485 3772 sub
507 3711 617 3774 eodem
640 3707 768 3773 tribuno
791 3707 935 3771 militare.

201 3828 238 3906 2.
266 3832 384 3932 Quum
409 3833 563 3931 prodire
588 3830 739 3907 nollet⁹.
775 3831 860 3907 Non
886 3843 945 3907 cst
969 3832 1039 3906 hoc
1065 3834 1104 3905 in
1129 3833 1341 3928 absentem,
1368 3830 1434 3905 sed

123 3945 163 4018 in
188 3942 375 4020 latentem.
398 3952 401 3959 '
1444 3963 1476 4013 ss

210 4065 286 4111 -¹⁰
308 4064 456 4128 Breviter
479 4077 509 4128 et
539 4054 763 4146 expedite'per
787 4061 998 4127 definitionem
1026 4059 1208 4144 probarit¹¹
1232 4058 1308 4124 nihil
1329 4057 1435 4144 inique

201 4278 227 4327 i.
247 4281 307 4326 eon.
326 4282 366 4336 ai,
386 4270 541 4328 extrita'tob
553 4284 731 4328 similitudinem
748 4281 868 4340 sequentis
885 4280 912 4327 d.
949 4278 974 4326 2.
993 4281 1065 4326 Deest
1084 4280 1107 4323 in
1119 4280 1171 4327 edd.
1181 4278 1318 4337 pellicana.
1356 4274 1381 4322 3.
1401 4277 1437 4322 lta

265 4352 318 4395 eod.
345 4353 396 4396 sins
420 4352 510 4409 siphin.
533 4358 556 4397 st
578 4354 630 4398 sins
651 4353 670 4400 i.
708 4350 733 4396 l.
753 4352 813 4397 Cot.
832 4353 966 4396 nistretnr.
1004 4346 1028 4395 5.
1051 4349 1149 4394 Unicum
1174 4349 1248 4395 larius
1270 4347 1368 4393 verbnm
1390 4347 1434 4394 Gr.

265 4421 429 4476 sapplandnnn.
468 4418 492 4467 ⁶.
511 4421 583 4480 (Cod.
601 4420 659 4467 dis:
683 4423 743 4467 unde
764 4422 842 4466 Maius
863 4421 920 4467 lecit
935 4421 977 4474 is,·
995 4433 1039 4480 ego
1057 4416 1108 4481 die.
1127 4417 1186 4467 Os.)
1223 4414 1246 4463 7.
1266 4417 1437 4461 Desiderandus

264 4492 357 4536 Graeca
368 4491 440 4536 verba
452 4494 508 4536 dno.
545 4488 570 4535 d.
590 4492 728 4536 Versiculos
742 4504 800 4537 unns
812 4505 865 4535 enm
878 4491 974 4535 dimidio
986 4489 1030 4535 Gr.
1068 4487 1093 4536 9.
1112 4489 1173 4534 Cod.
1186 4487 1259 4532 nolet.
1270 4486 1330 4533 ΕΜ.
1345 4486 1435 4531 nolles.

185 4606 189 4611 ,
266 4557 308 4609 1⁰.
328 4562 436 4618 Spatium
454 4574 524 4606 onina
542 4561 661 4607 vocabuli.
699 4559 740 4606 ll.
760 4561 821 4606 Cot.
836 4559 964 4621 prolatu.
1064 4586 1068 4595 ·

203 4689 247 4739 21.
267 4683 401 4736 Notemns
421 4700 485 4754 ergo
504 4681 668 4736 vocabulum
686 4679 878 4757 gladiatorium
898 4686 1096 4745 ›tumstrntom
1113 4683 1190 4753 itque
1210 4692 1304 4733 tentus
1323 4674 1438 4735 adulatur

128 4776 213 4814 novae
234 4757 380 4813 rosecium
400 4757 525 4813 editioni.
