3210 5280
515 209 565 272 lu
589 209 732 274 ORAT.
756 210 850 276 PRO
873 209 1050 301 SESTIO.
1376 204 1439 268 309

122 350 165 410 L.
196 347 274 413 Piso
310 358 341 410 et
372 352 436 412 duo
467 347 627 414 Curiones
659 362 690 413 et
715 350 769 414 alii
797 372 891 436 quam
914 349 1039 431 plurimi
1061 349 1225 416 nominati.
1270 353 1333 415 Sed
1356 352 1437 414 eninr

120 444 284 507 coniectus
324 445 356 508 in
385 465 543 506 carcerem
577 445 705 507 Vettius
737 445 851 507 ibidem
880 466 1061 527 supremum
1088 447 1167 511 diem
1198 445 1279 507 vitae
1310 444 1435 519 habuit,

119 560 161 609 ex
191 559 300 599 eorum
326 538 471 600 videlicet
494 540 673 613 mandatu¹,
708 550 858 621 quantum
889 560 998 601 rumor
1027 538 1169 616 serebat,
1207 538 1351 614 occisus,
1383 537 1439 623 qui

103 628 190 694 ‘utut
213 634 252 693 ad
274 631 497 696 calumniosum
520 633 597 695 illud
619 631 788 695 indicium²
809 634 1075 696 subornaverant.

196 756 358 829 Lxlttt.
388 750 422 829 l.
453 757 500 831 Ut
526 755 655 831 illnm³
682 782 783 831 meae
809 758 1111 855 proscriptionis.
1182 763 1187 773 ’
1446 775 1463 825 s

204 874 453 958 vigilantissime
480 874 644 939 Claudiam
674 876 798 960 legem,
821 896 901 959 quae
928 878 967 937 de
989 873 1086 938 exilio
1110 873 1277 940 Ciceronis
1299 876 1436 939 eiusdem

118 971 180 1033 lata
210 970 338 1045 iuerat,
378 970 484 1032 maluit
514 968 783 1052 proscriptionem
817 968 999 1045 nominare,
1036 970 1300 1053 quemadmodum
1333 969 1437 1032 multis

117 1064 197 1129 locis
218 1064 308 1127 iecit.
579 1061 582 1074 ¹
1483 1073 1485 1076 ’

194 1184 231 1261 2.
265 1189 394 1287 Neque
421 1191 547 1287 putavi
574 1190 619 1263 dc
646 1213 720 1262 nno
748 1189 941 1287 sagittario
968 1213 1025 1260 me
1053 1186 1183 1287 qneri⁴
1223 1190 1436 1264 convenire.

203 1308 255 1371 De
283 1306 356 1387 ipso
379 1307 511 1369 Vatinio
540 1307 677 1383 scilicet,
709 1327 802 1391 quem
833 1306 1048 1390 sagittarium,
1083 1307 1173 1390 quasi
1196 1307 1258 1369 levi
1280 1319 1482 1370 armaturam

119 1401 309 1474 subnixum,
327 1402 378 1462 bic
394 1401 550 1481 appellat,
568 1400 623 1484 qui
638 1402 790 1464 timendus
806 1422 869 1465 uon
886 1400 1065 1473 videretur,
1089 1422 1184 1483 quum
1201 1401 1318 1482 maiora
1335 1411 1440 1464 essent

120 1494 179 1557 alia
202 1493 232 1554 in
255 1494 396 1556 exercitu
421 1493 461 1557 C.
487 1493 651 1569 Caesaris,
677 1516 759 1579 quae
781 1494 881 1578 tnagis
904 1492 1021 1557 Cicero
1044 1492 1154 1556 timere
1176 1496 1321 1559 deberet.

196 1614 233 1691 3.
261 1620 354 1693 Acta
382 1644 460 1691 mea
489 1620 560 1691 sibi
595 1621 647 1691 ait
680 1618 900 1718 displicere:
941 1619 1008 1690 sed
1035 1616 1144 1719 quis⁵
1185 1615 1335 1715 nescit?
1374 1623 1438 1720 qni

120 1735 236 1833 legem
264 1732 402 1805 meam⁶
431 1743 655 1806 contemnat.

207 1855 314 1914 Acute
342 1854 367 1923 †
394 1850 517 1930 rapuit,
552 1871 615 1912 non
642 1860 676 1910 ut
699 1864 732 1904 se
755 1857 907 1929 purgaret
929 1858 1067 1921 tantiam,
1104 1849 1327 1912 verumetiam
1352 1863 1385 1912 ut
1407 1849 1484 1914 ints

120 1948 176 2027 [P.
193 1945 262 2023 38.]
285 1947 415 2007 eundem
433 1945 473 2006 P.
489 1942 650 2005 Vatinium
667 1938 783 2002 crimen
799 1938 978 2004 buiusmodi
993 1955 1209 2026 retorqueret.
1234 1946 1313 2006 Nam
1327 1946 1437 2027 quodll

119 2041 161 2102 ait
184 2043 223 2102 ab
246 2061 285 2102 eo
309 2041 411 2120 legem
428 2058 514 2099 suam
531 2058 598 2099 csse
614 2046 846 2115 contemptam,
873 2034 1028 2117 siguificat
1045 2056 1130 2110 eam,
1151 2058 1232 2121 quae
1254 2040 1437 2102 auctoribus

119 2135 302 2197 consulibus
342 2134 453 2194 eodem
489 2129 669 2195 Cicerone²
710 2139 740 2190 et
773 2125 814 2190 C.
849 2128 992 2192 Antonio
1025 2132 1063 2192 de
1098 2131 1216 2193 ambitu
1249 2131 1331 2191 lata⁸
1373 2145 1439 2208 est,

120 2228 220 2289 multo
242 2226 387 2289 severior
409 2246 501 2309 quam
527 2225 632 2287 luerat
654 2221 706 2282 illa
735 2219 924 2301 Calpurnia;
955 2223 1232 2302 praescribebatur
1254 2224 1334 2286 euim
1358 2223 1439 2288 iuter

120 2335 246 2394 cetera,
272 2343 310 2383 ne
326 2319 507 2380 candidatus
528 2330 598 2380 ante
614 2316 791 2388 biennium,
815 2336 907 2394 quam
926 2316 1140 2398 magistratum
1163 2317 1320 2397 petiturus
1342 2331 1436 2396 esset,
1448 2333 1481 2382 to

120 2436 232 2477 munus
255 2414 376 2494 populo
400 2412 566 2485 dederet⁹,
591 2422 727 2491 propter
754 2409 902 2470 atnbitum
926 2408 1064 2481 scilicet,
1089 2431 1127 2471 ne
1152 2412 1215 2471 boc
1238 2411 1308 2492 ipso
1334 2433 1439 2493 popu·

120 2507 196 2569 laris
218 2509 336 2570 animus
360 2506 570 2568 eblanditus¹⁰
593 2501 804 2586 designationi
819 2503 885 2564 eius
900 2505 1131 2565 succumberet.
1177 2505 1342 2568 Adversus
1359 2506 1439 2568 banc

121 2601 198 2663 dicit
212 2600 375 2663 Vatinium
391 2599 524 2674 iecisse,
549 2620 644 2682 quum
662 2596 793 2658 maxime
808 2596 941 2658 ambiret
957 2598 995 2658 ad
1011 2597 1213 2661 obtinendum
1230 2600 1435 2669 tribunatum.

196 2723 233 2798 ll.
262 2725 364 2799 Unus
391 2723 472 2817 leo,
507 2722 655 2795 ducenti
681 2722 861 2793 bestiarii.

205 2844 309 2922 Quum
332 2841 478 2903 Vatinius
500 2839 648 2902 invidiam
678 2836 735 2899 sibi
762 2857 903 2918 magnam
929 2839 1098 2902 conflasset
1120 2844 1157 2903 de
1184 2854 1338 2923 apparatu
1355 2845 1480 2928 ‘gh—25

120 2935 296 3007 diatorum,
332 2933 537 2996 simulaverat
565 2953 598 2994 se
624 2930 792 2993 bestiarios
817 2932 926 3013 potius
953 2936 1069 2996 babere
1100 2957 1194 3018 quarn
1225 2937 1437 3019 gladiatores;

120 3040 152 3090 et
176 3051 268 3090 tanum
293 3028 497 3109 gladiatorem
520 3025 749 3100 confitebatur,
776 3023 827 3085 cui
849 3045 962 3088 nomen
984 3027 1089 3090 Leoni
1111 3029 1182 3091 tuit.
1226 3032 1318 3093 Hanc
1340 3031 1438 3112 igitur

130 3123 308 3184 astutiam¹¹
332 3121 383 3182 M.
407 3118 531 3182 'stillius
552 3117 692 3180 inridens
714 3140 807 3180 ttnttnt
824 3120 945 3180 leonem
968 3120 1060 3193 dicit,
1086 3124 1239 3183 ducentos
1254 3123 1434 3199 bestiarios,

119 3215 150 3276 id
174 3227 240 3286 est,
265 3226 454 3284 venatorem
484 3211 549 3273 siue
572 3212 668 3274 dnbio
684 3213 807 3274 ¹voleus
829 3213 962 3295 intelligi
991 3219 1150 3276 οιιιιιιεηι12
1173 3217 1261 3299 [dicit
1284 3221 1437 3282 ducentos

120 3306 303 3384 bestiarios]
345 3309 424 3368 banc
459 3328 580 3367 mamuu
621 3303 837 3388 gladiatoriam
875 3306 1037 3370 seditionis
1076 3330 1168 3371 causa
1210 3323 1480 3391 comparataon

121 3403 196 3462 Hoc
218 3401 309 3462 etiam
333 3402 447 3461 dictum
477 3403 515 3461 de
539 3400 651 3461 Leone
675 3397 799 3465 Tullius
823 3399 903 3463 Tiro
931 3399 1062 3465 libertus
1085 3401 1220 3470 eiusdem
1244 3407 1325 3469 inter
1346 3404 1436 3470 iocos

121 3493 287 3558 Ciceronis
311 3498 506 3559 adutuuerat.
632 3560 635 3566 ,
1190 3482 1219 3561 0

189 3762 213 3808 l.
233 3765 271 3807 Sir
290 3763 349 3807 Cod.
371 3765 466 3828 Maiuq:
486 3762 612 3807 mundato.
638 3764 684 3810 Oa.
721 3761 746 3808 2.
766 3762 826 3808 Cod.
848 3763 978 3810 iudicium.
1015 3763 1039 3811 ³.
1060 3768 1120 3812 cod.
1146 3774 1226 3822 recte,
1247 3777 1272 3814 ut
1290 3771 1341 3816 Cic.
1367 3773 1433 3826 ipse,

255 3835 336 3877 illum.
374 3835 453 3876 Matris
473 3835 494 3877 in
515 3838 625 3877 contextu
645 3834 725 3877 Sebol.
750 3836 813 3878 dedit
833 3835 914 3879 illiue.
934 3835 980 3882 02.
1018 3835 1042 3879 l.
1062 3838 1123 3882 Cod.
1148 3842 1246 3896 quaeri.
1282 3840 1306 3884 6.
1327 3840 1387 3885 Cod.
1406 3856 1435 3886 ee

256 3916 329 3960 quen
348 3904 400 3947 edd.
416 3909 505 3947 tantum
518 3916 584 3961 quta.
622 3901 645 3946 6.
667 3903 882 3947 mutuaturum.
920 3903 944 3948 7.
964 3906 1026 3950 God.
1045 3903 1197 3951 Ciceronem.
1236 3908 1260 3952 8.
1282 3911 1431 3954 Gudlueta.

258 3971 281 4016 9.
296 3973 361 4030 Lego
374 3964 467 4016 ederet.
487 3973 533 4017 Oa.
575 3969 689 4017 tosttou
705 3987 801 4017 sensum
817 3975 936 4027 passivum
952 3975 1076 4019 Prisciano
1090 3978 1136 4019 lam
1149 3981 1279 4037 cognitam.
1320 3980 1358 4022 ll.
1370 3980 1431 4024 Cod.

256 4042 390 4085 t'uttt'tt'nm.
430 4041 469 4089 12.
490 4043 523 4085 lta
541 4045 594 4086 rod.
617 4044 648 4086 ita
668 4042 989 4088 ott-alereturadmcaum.
1028 4045 1078 4089 Nisi
1092 4045 1153 4090 torte
1172 4049 1250 4100 potius
1263 4051 1432 4094 emendandum

257 4118 291 4155 est
310 4125 405 4240 pinnae.
451 4113 512 4156 mar.
533 4113 590 4157 sut.
616 4113 663 4156 del.
690 4117 744 4155 sunl
768 4125 806 4156 tr.
826 4114 887 4157 anate
906 4116 1007 4169 repetita
1024 4113 1086 4159 dicit
1103 4114 1221 4161 ducentur
1239 4118 1389 4172 bestiarios,
1419 4132 1432 4161 a

254 4195 291 4226 me
340 4213 345 4225 .
375 4181 421 4230 Oa.

208 4318 234 4373 lt.
254 4319 366 4371 Caesart
386 4335 481 4372 necem
503 4323 589 4374 Vetttl
608 4318 742 4374 adscribit
763 4322 909 4374 Suetontnt
928 4338 990 4393 cap.
1009 4325 1073 4377 XX.

114 4471 135 4518 v
167 4399 247 4525 51th
257 4396 553 4523 qupgqopnterpretem
575 4413 699 4449 nostrum
719 4413 770 4470 pro
790 4396 882 4449 Plane.
905 4400 1051 4452 XXXllll.
1076 4409 1114 4458 t.;
1146 4404 1267 4472 itemque
1287 4420 1337 4473 pra
1356 4400 1431 4456 Sulla

139 4507 145 4520 ·
186 4508 234 4601 bo·
252 4509 352 4599 ¹Gratia
379 4509 501 4598 liabenda
528 4563 569 4600 est
596 4548 739 4617 lnterpretl
767 4553 892 4619 egreglo,
925 4555 971 4618 qut
992 4553 1011 4596 s
1015 4553 1133 4602 berault
1154 4567 1314 4620 peracutum
1337 4558 1430 4605 totum

114 4633 169 4669 tam
190 4637 251 4670 vere
273 4637 382 4691 eantque
403 4620 519 4672 luruudc
540 4621 619 4675 noble
640 4618 780 4680 enucleam
803 4627 830 4674 lu
847 4643 900 4693 quo
915 4624 1076 4696 etpllaudo
1090 4628 1225 4679 lacertum
1239 4627 1428 4682 laboraverant

113 4694 257 4747 Manutius
278 4713 357 4766 atque
380 4696 532 4750 Abramiut.

189 4774 235 4829 52.
256 4770 321 4826 sut.
343 4776 371 4824 lu
391 4772 469 4824 llbrlt
491 4770 578 4827 trtbut
598 4771 632 4824 de
650 4778 721 4826 loet't
739 4773 890 4827 Ciceronis.
917 4776 970 4828 Oa.
