3210 5280
763 211 990 280 uscoulus

544 418 547 427 '
629 409 762 474 VERS.
786 413 817 475 A
840 410 995 475 NOVlS.
1019 410 1130 475 DLX.

308 527 352 601 (§.
377 526 443 605 68.)
465 533 521 593 lese
542 530 680 612 qnidam
701 531 864 611 Graecus,
885 534 1043 614 quicum
1064 535 1129 594 isto
1148 535 1241 612 vivit,
1261 528 1385 611 homo,
1402 556 1475 600 vere
1496 547 1533 598 ut

228 614 359 698 dicam,
380 622 429 681 sic
450 623 536 683 euim
555 623 717 700 cognovi,
737 622 923 698 numanus,
944 621 1003 684 sed
1013 621 1160 699 tamdiu,
1182 622 1346 705 quamdiu
1370 635 1435 688 nut
1454 644 1532 689 curu

225 707 305 768 aliis
326 718 393 787 est,
414 720 476 771 aut
497 713 567 791 ipse
586 731 711 773 secum.

200 821 213 866 5
286 798 526 875 ¹Pbilodcmuru
548 801 720 884 significat,
744 799 798 884 qui
819 798 878 862 tuit
901 799 1081 883 Epicureus
1103 801 1155 865 illa
1178 811 1279 868 aetate
1301 801 1528 880 nobilissimus,

222 888 309 953 cuius
332 902 362 955 et
383 897 528 975 poemata
551 907 621 956 sum
650 894 780 958 lasciva.

513 1041 656 1108 CIRCA
679 1045 812 1109 VERS.
837 1043 871 1109 A
892 1043 1046 1108 NOVlS.
1070 1042 1243 1109 CCCXX.

303 1164 347 1243 (§.
371 1163 440 1242 82.)
473 1166 704 1247 Quamquam3
727 1165 822 1248 quod
840 1165 888 1227 ad
905 1186 958 1227 me
978 1167 1115 1241 attinet,

533 1275 708 1338 nunquam
733 1257 831 1316 istam
852 1256 1050 1315 imminuam
1071 1274 1192 1316 curam
1212 1252 1396 1330 inficiando
1417 1256 1488 1319 tibi.

176 1359 207 1406 ιο
303 1346 414 1425 Prope
436 1345 540 1408 uotiuis
564 1358 628 1420 est,
663 1367 753 1426 quam
777 1355 810 1406 ut
831 1344 1026 1407 iudicandum
1047 1344 1104 1421 sit,
1140 1347 1223 1407 hisne
1246 1365 1369 1407 uersum
1392 1367 1461 1410 esse
1485 1348 1525 1409 L.

219 1435 310 1498 Accii
331 1441 467 1520 potitae,
492 1450 523 1499 et
544 1438 604 1500 diei
626 1459 642 1499 a
666 1440 807 1518 Thyeste
830 1440 945 1503 Atreu.

551 1585 695 1651 muca
718 1587 851 1651 VERS.
875 1589 905 1651 A
930 1589 1083 1654 Novis.
1108 1588 1180 1655 CC.

300 1710 345 1784 (§.
368 1706 435 1784 89.)
466 1707 568 1787 Quod
592 1707 759 1788 populari
788 1709 844 1771 illi
867 1710 1039 1773 sacerdoti
1064 1720 1239 1777 sexcentos
1270 1710 1317 1773 nd
1334 1710 1456 1774 bestias
1476 1731 1529 1773 so·

216 1804 287 1864 cios
307 1799 609 1881 stipendiariusque
628 1800 757 1860 misisti.

173 1916 203 1963 15
300 1890 505 1953 Manifestum
528 1901 576 1952 est
599 1891 639 1952 P.
665 1888 811 1953 Clodium
833 1887 1016 1973 significari.

533 2035 674 2103 ciues
697 2037 831 2101 vaus.
854 2040 894 2135 ΑΙ
909 2036 1063 2102 uovrs.
1090 2036 1200 2104 cxx.

296 2161 341 2235 (§.
365 2110 433 2236 ill.)
455 2156 591 2241 Ecquid
610 2157 715 2235 uides,
734 2159 859 2241 ecquid
875 2164 992 2239 scutis,
1021 2158 1097 2242 lege
1118 2160 1302 2226 iudiciaria
1321 2160 1417 2240 tnta,
1438 2183 1525 2245 qnos

212 2253 356 2333 postllnc
378 2251 504 2313 iudices
524 2268 637 2313 summ
657 2247 818 2310 babituri.

295 2343 418 2424 Legem
448 2339 638 2403 iudiciariam
661 2350 731 2401 ante
759 2338 879 2422 aliquot
904 2360 1026 2414 anuos,
1064 2339 1178 2422 quibus
1207 2341 1402 2422 temporibus
1429 2364 1524 2406 aecer-

169 2448 296 2506 rosetus
318 2447 365 2497 est
387 2434 508 2496 Verres
532 2455 549 2496 a
573 2432 750 2507 Cicerone,
782 2431 853 2493 tulit
874 2433 1024 2496 Aurelius
1047 2431 1144 2496 Cotta
1167 2447 1315 2515 praetor,
1347 2456 1409 2518 qua
1434 2456 1523 2500 eom·

212 2529 364 2591 inimicata
388 2539 459 2589 sum
480 2526 590 2589 iudicia
614 2525 732 2588 senatui
755 2537 785 2588 et
810 2525 966 2609 equitibus
992 2526 1145 2590 Romanis
1168 2538 1198 2588 et
1223 2528 1356 2590 tribunis
1378 2531 1522 2594 aerariis.

212 2624 335 2688 Rursus
357 2619 468 2682 deinde
493 2619 665 2701 Pompeius
695 2618 726 2680 in
751 2621 915 2682 consulatu
940 2622 1096 2695 secundo,
1128 2641 1192 2704 quo
1214 2621 1291 2683 haec
1312 2620 1417 2685 oratio
1440 2623 1524 2686 dicta

213 2728 277 2791 est,
301 2713 533 2796 promulgavit,
557 2726 591 2774 ut
607 2711 798 2793 amplissimo
814 2733 854 2772 ex
876 2733 972 2774 censu
994 2734 1034 2775 ex
1049 2713 1197 2777 centuriis
1214 2713 1304 2777 aliter
1319 2736 1410 2798 quam
1431 2729 1522 2780 autea

211 2808 286 2871 lecti
309 2808 444 2880 iudices,
468 2826 568 2890 aeque
589 2816 691 2866 tamen
714 2804 836 2867 exiliis
859 2803 958 2868 tribus
981 2807 1159 2882 ordinibus,
1184 2829 1234 2870 res
1257 2807 1444 2871 iudicarent.

305 2984 330 3033 1.
348 2992 405 3033 om,
427 2973 494 3027 Lod.
515 2972 599 3044 bugd.
620 2972 684 3027 llos.
704 2974 782 3026 Mun.

304 3060 330 3106 9.
349 3049 472 3119 quidam]
494 3048 579 3119 Lugd.
599 3048 664 3101 Hor.
683 3049 760 3101 Man.
781 3051 860 3102 Creu.
882 3077 916 3090 -
936 3049 1044 3120 qrddem
1065 3052 1153 3104 Ptine.
1174 3050 1279 3104 Berald.
1301 3047 1363 3106 Ald.
1383 3051 1452 3104 Lod.

301 3132 328 3186 3.
348 3124 471 3189 tamdiu,
497 3122 628 3194 quamdiu
651 3132 701 3174 aust
724 3126 797 3190 essm]
832 3123 939 3175 tamdiu
957 3134 1006 3176 aut
1025 3142 1085 3176 eum
1105 3129 1197 3181 Peluo.
1215 3126 1323 3181 Berald.
1349 3156 1386 3169 -
1412 3128 1522 3180 tamdiu

208 3200 339 3274 quamdiu
366 3217 428 3251 cum
459 3196 519 3252 Ald.
549 3214 576 3250 es
605 3215 680 3270 seqq.
709 3227 747 3241 -
775 3196 928 3250 librarium
958 3199 1102 3252 aberrante
1127 3201 1209 3254 oculo
1234 3202 1405 3255 simillimam
1424 3220 1521 3256 vocem

209 3281 336 3332 omisisse
355 3290 437 3345 quum
456 3272 619 3325 dissimilem
641 3279 814 3343 supposuisse
833 3278 888 3326 veri
910 3275 1028 3327 similius
1049 3291 1098 3328 est.

273 3398 283 3417 ,
306 3356 331 3409 5.
350 3347 550 3414 Philodemrsm]
571 3346 739 3399 Filodemum
767 3352 857 3402 Ptine.
886 3378 923 3391 -
955 3348 1144 3418 ,Scholiasta
1165 3352 1272 3404 Horatii
1293 3352 1465 3423 Cruquionus
1485 3353 1520 3406 ad

208 3427 231 3480 Ι.
252 3425 339 3479 Serm.
367 3429 399 3487 2,
429 3427 490 3478 121.
529 3420 702 3474 Philodemus
718 3423 780 3490 fuit
795 3432 881 3488 poeta
901 3423 1066 3493 Epicrsreus,
1095 3431 1141 3496 qui
1168 3427 1274 3478 Graece
1298 3434 1414 3500 scripsit
1433 3431 1520 3499 plreru

207 3498 441 3574 epigrammata.”
461 3497 593 3552 canat.
639 3499 705 3550 Eius
731 3499 836 3568 aliquos
864 3500 946 3552 hodie
974 3519 1081 3571 quoque
1107 3506 1241 3553 amatoria
1267 3507 1465 3575 epigrammata
1491 3509 1521 3558 ia

207 3573 364 3647 anthologia
386 3572 490 3627 Graeca
512 3577 623 3642 reperiri
645 3578 751 3625 monuit
773 3579 833 3625 iam
847 3574 989 3626 Turnebus
1010 3574 1120 3630 Adsere.
1143 3578 1222 3631 xxi.
1243 3582 1286 3635 15.

300 3655 325 3706 7.
346 3665 401 3700 om.
422 3646 488 3699 lod.
511 3645 596 3718 lugd,
619 3649 681 3700 lior.
703 3653 779 3702 silon.
876 3658 921 3705 10.
943 3652 984 3716 ut]
1006 3667 1061 3704 om.
1082 3651 1189 3707 Rerald.

281 3731 327 3781 11.
350 3725 441 3789 Accii]
463 3725 643 3779 Aeci,l’rinc.
663 3751 699 3764 —
719 3728 795 3774 Attii
818 3727 892 3778 Man.

282 3797 353 3850 lbid.
370 3799 481 3867 poetae]
499 3804 580 3864 poete
599 3799 690 3850 Ptine.
872 3797 943 3852 lbid.
963 3818 981 3849 a
1000 3798 1132 3872 Thyeste]
1154 3799 1272 3852 athieste
1291 3802 1385 3856 Ptine.

279 3873 352 3929 lbid.
371 3875 474 3939 Atreo]
496 3874 590 3926 Priue.
609 3871 718 3927 Berald.
737 3901 773 3915 -
792 3879 822 3924 iu
835 3878 924 3926 Atreo
937 3874 996 3929 atd.
1010 3891 1036 3929 et
1050 3891 1124 3947 seqq.
1139 3875 1311 3950 improbante
1325 3875 1418 3934 Madv.
1430 3897 1458 3953 p.
1473 3885 1518 3937 77.

280 3954 324 4006 12.
345 3965 401 4001 om.
422 3947 491 4000 Lod.
513 3946 597 4018 Luqd.
618 3947 682 4000 llos.
703 3947 779 4003 Mau.

281 4023 327 4078 111.
346 4024 446 4089 socios]
468 4020 574 4077 Berald.
596 4021 656 4075 Ali.
677 4022 744 4076 Lod.
766 4021 850 4096 and.
864 4029 1000 4076 -sotios
1018 4026 1111 4079 Ptine.
1131 4023 1185 4098 (sic
1204 4040 1231 4078 et
1250 4022 1335 4099 iufra)
1356 4053 1391 4082 -.
1413 4032 1519 4079 amieos

204 4105 296 4154 socios
314 4097 391 4151 Mun.
410 4126 445 4141 -
464 4101 569 4149 amcos
585 4102 726 4167 sociosque
744 4099 809 4152 llos.
830 4101 912 4151 Creu.
926 4127 962 4142 -
976 4100 1143 4155 vocabulum
1163 4105 1285 4167 amieos,
1304 4118 1335 4156 ut
1350 4103 1384 4154 ab
1398 4106 1518 4156 Asconio

205 4177 298 4239 abest,
320 4178 360 4226 sic
379 4177 463 4225 etlam
484 4188 516 4223 ex
536 4172 670 4225 Cicerone
691 4173 881 4245 expellendum
902 4172 1017 4229 videtur.

277 4252 322 4309 16.
343 4265 399 4302 om.
419 4244 486 4301 lod.
506 4247 590 4318 Lugd.
611 4246 675 4301 llos.
697 4250 774 4302 Man.
1034 4262 1039 4270 ·

279 4331 322 4384 17.
342 4321 448 4394 Ecquid
466 4352 485 4364 ·
506 4321 611 4392 ecquid]
638 4321 676 4374 Et
695 4322 761 4393 quid
778 4355 796 4367 -
815 4333 843 4375 et
862 4323 930 4394 quid
947 4326 1038 4377 Ptine.
1058 4323 1169 4380 Berald.

279 4404 322 4457 18.
343 4416 411 4470 quos
425 4396 543 4468 posticae
563 4397 667 4448 iudices
685 4415 779 4449 sesmns
797 4397 870 4466 isam]
898 4417 966 4469 quos
980 4400 1098 4468 posthae
1115 4400 1221 4451 iudices
1241 4404 1328 4452 simus
1346 4397 1409 4452 tat.
1431 4399 1518 4470 Lugd.

202 4476 268 4530 Hor,
283 4478 361 4530 Man,
382 4504 419 4516 -
438 4470 512 4543 qrsod
525 4471 643 4539 posthac
661 4490 754 4523 sumus
773 4472 834 4524 tat.
855 4482 923 4537 (om.
943 4475 1057 4547 indices)
1077 4478 1168 4529 Priac.
1189 4475 1297 4529 Berald.
1313 4475 1373 4528 ald,
1394 4499 1430 4513 -
1449 4494 1518 4545 quos

199 4550 317 4621 posthac
336 4566 430 4601 sumus
448 4545 511 4598 tat.
534 4547 599 4599 Lod.
624 4576 661 4588 —
683 4547 757 4618 qseod
771 4546 889 4616 posthac
908 4548 1010 4600 iudices
1029 4557 1114 4602 simus
1132 4549 1195 4603 tat,
1216 4551 1297 4604 Creu.
1319 4579 1357 4592 -
1376 4550 1516 4602 ludicari-

201 4645 267 4679 sum
287 4631 370 4678 etism
392 4624 558 4677 Garatonius
578 4620 684 4673 videtur
704 4638 861 4695 recepturus
882 4622 981 4688 luisse,
1010 4631 1034 4677 si
1057 4630 1167 4678 Asconii
1189 4631 1351 4681 auctoritate
1371 4643 1432 4677 eum
1466 4626 1517 4677 fn-

201 4718 304 4756 matum
326 4703 505 4771 cognovisset.
870 4704 914 4753 22.
935 4703 1091 4768 consistatis]
1112 4703 1256 4752 consolatu
1276 4703 1367 4754 Prine.

276 4778 321 4835 23.
341 4776 424 4827 aliter
443 4772 536 4842 quam]
559 4768 620 4826 ald.
639 4786 666 4824 et
685 4787 759 4843 seqq.
779 4799 816 4814 -
834 4773 968 4843 aliterque
987 4776 1079 4830 Ptine.
1103 4805 1130 4817 -
1153 4777 1238 4828 aliter
1256 4786 1338 4846 atque
1355 4771 1467 4829 ueriti.
