3210 5280
1309 186 1371 250 293

65 342 256 430 acceptum
276 331 439 405 serimus.
491 332 631 431 Agauen
649 330 823 406 claudunt
837 327 1067 403 novellorum
1086 293 1201 403 Tullii
1214 332 1372 428 scripto·

63 471 145 518 rum
169 444 306 517 nobilia
325 444 530 544 fragmenta
548 445 641 538 duo,
667 467 761 542 quae
784 466 830 515 ex
846 442 1036 515 Vaticanis
1058 446 1280 516 membranis
1299 447 1372 541 pri·

63 580 144 628 mus
166 557 297 629 extulit
320 558 380 628 vir
403 557 455 631 ill.
481 554 729 650 Niebuhrius3
757 557 820 652 qui
847 554 1056 652 complures
1086 580 1230 655 quoqne
1253 582 1371 630 emen·

63 669 233 740 dationes
251 691 336 740 suas
351 677 459 766 atque
473 669 754 742 observationes
767 669 805 738 in
818 678 960 763 partem
974 667 1072 739 illam
1087 669 1246 740 Tulliani
1260 672 1371 740 intar-

62 783 181 878 pretis
195 804 215 852 a
234 804 290 852 me
304 780 501 853 Mediolani
514 780 647 853 editam
660 777 935 877 perhumaniter
949 781 1036 852 mihi
1050 782 1204 853 utendas
1218 782 1370 875 obtulit,

64 917 156 990 quas
182 917 250 993 ego
268 894 431 990 propriis
451 892 563 987 locis,
582 893 770 988 adscripto
790 892 868 962 eius
886 893 1052 986 nomine,
1069 893 1221 966 inserui.
1262 894 1371 991 Frag-

64 1006 198 1076 mentis
213 1013 332 1076 autem
353 1028 424 1102 pro
442 1005 597 1078 Fonteio
615 1028 724 1076 unum
744 1025 810 1101 ego
832 1001 1032 1075 alterumve
1054 1004 1194 1099 addidi,
1211 1008 1369 1104 itemque

64 1127 196 1189 contra
219 1115 404 1189 Metellum
423 1141 444 1188 a
465 1115 635 1212 rhetore,
654 1139 761 1214 quem
782 1138 900 1211 nuper
918 1116 1033 1210 edidi,
1052 1128 1319 1190 conservatum.

142 1223 225 1326 [De
276 1226 536 1300 Verrinarum
583 1228 808 1298 orationum
842 1226 1087 1323 palimpsesto
1139 1223 1369 1324 Vaticano]

63 1340 130 1412 vl.
156 1337 257 1413 Nihil
283 1362 365 1410 esse
387 1341 424 1411 in
455 1348 535 1412 arte
563 1338 728 1412 oratoria
756 1335 956 1434 perfectius
980 1336 1160 1410 Tullianis
1190 1341 1367 1413 adversus

64 1450 107 1525 C.
137 1452 293 1524 Verrem
322 1452 505 1524 secundae
530 1451 686 1524 actionis
712 1450 964 1544 orationihus,
1000 1451 1090 1521 satis
1116 1450 1211 1547 apud
1238 1453 1368 1526 doctos

66 1563 298 1660 exploratum
324 1561 607 1660 confessumque
632 1573 700 1636 est.
735 1561 811 1633 lam
827 1586 919 1634 vero
943 1563 1217 1660 antiquissimus
1240 1565 1368 1637 harum

63 1677 273 1748 orationum
285 1672 545 1771 palimpsestus
559 1675 677 1747 codex
696 1675 734 1746 in
754 1671 932 1745 Vaticana
949 1674 1170 1748 bibliotheca
1192 1701 1213 1748 a
1230 1702 1287 1750 me
1306 1678 1370 1750 ob·

64 1796 236 1860 servatus
259 1785 347 1880 fuit,
373 1795 477 1858 tanto
500 1786 758 1885 calligraphiae
781 1785 979 1883 splendore
1005 1790 1188 1885 scriptus,
1218 1800 1257 1863 ut
1279 1789 1371 1863 nihil

65 1899 144 1971 sere
169 1899 394 1994 speciosius,
420 1896 584 1996 nihilque
606 1901 724 1995 prima
751 1896 998 1971 Romanorum
1028 1900 1226 1973 Caesarum
1250 1910 1370 1974 aetate

65 2008 212 2107 dignius
233 2010 302 2080 sit:
322 2010 424 2080 cuius
450 2011 607 2105 optimae
624 2008 927 2108 palaeographiae
947 2019 987 2081 ut
1003 2014 1187 2108 specimen
1210 2013 1369 2108 ederem,

66 2121 185 2220 delegi
206 2120 342 2194 codicis
367 2130 566 2193 extremam
577 2123 764 2220 paginam,
785 2123 844 2192 cui
860 2121 958 2194 nulla
972 2125 1133 2196 secunda
1146 2130 1370 2225 superimpo-

65 2236 137 2307 sita
159 2235 345 2330 scriptura
366 2242 434 2306 est.
487 2234 607 2331 Atque
629 2231 725 2304 hunc
746 2232 907 2305 codicem
929 2235 1075 2307 curiose
1097 2261 1204 2333 quum
1230 2238 1369 2312 lectita·

63 2370 163 2440 rem,
181 2347 305 2419 statim
320 2346 582 2444 agnoscebam,
600 2345 843 2417 Verrinarum
861 2347 1067 2419 orationum
1086 2357 1243 2446 textum,
1261 2376 1368 2450 quem

64 2460 100 2531 in
125 2458 347 2529 editionibus
371 2481 502 2556 magno
523 2481 636 2553 opere
659 2457 896 2554 depravatum
914 2456 1086 2557 legimus,
1115 2460 1161 2531 ad
1183 2459 1258 2535 hoc·
1280 2466 1370 2536 anti·

65 2570 279 2666 quissimum
312 2566 426 2640 veluti
460 2567 698 2666 archetypum
733 2591 816 2640 esse
850 2569 1110 2669 retingendum.
1161 2571 1241 2645 Etsi
1274 2574 1369 2647 enim

65 2682 318 2775 amanuensis,
337 2679 581 2778 calligraphus
599 2680 892 2779 fortassemagis
913 2705 1019 2779 quam
1034 2683 1217 2778 eruditus,
1240 2685 1371 2757 menda

64 2817 212 2890 semper
236 2817 311 2866 non
333 2795 482 2888 vitavit,
508 2791 744 2865 nihilominus
770 2800 810 2863 ut
833 2793 872 2864 iu
892 2801 965 2864 tam
983 2793 1057 2867 alta
1080 2797 1296 2894 antiquitate
1314 2806 1372 2870 tot

65 2905 164 2978 hona
182 2906 220 2976 in
239 2904 308 2977 hoc
328 2906 468 3001 scripto
487 2905 624 2999 nitent,
651 2911 693 2975 ut
708 2925 810 2991 „non
830 2926 897 3003 ego
921 2903 995 2977 illis
1017 2905 1184 2977 offendar
1206 2906 1375 3003 maculis,

64 3039 157 3115 quas
171 3026 233 3088 aut
251 3018 393 3088 incuria
414 3016 525 3109 fudit,
552 3024 615 3087 aut
628 3013 922 3110 humanaparum
946 3016 1043 3088 cavit
1059 3018 1223 3089 natura.''
1248 3017 1370 3117 Atque

64 3130 201 3202 utinam
216 3152 308 3225 opus
323 3129 534 3200 universnm
546 3128 582 3199 in
597 3126 722 3201 codice
741 3121 1010 3199 contineretur!
1038 3126 1074 3201 N
1077 3153 1145 3202 une
1164 3153 1248 3202 ecce
1266 3154 1370 3203 more

66 3240 386 3338 pervulgatissima
409 3239 749 3336 palimpsestorum,
772 3236 870 3309 nulla
891 3239 930 3310 in
947 3238 1071 3312 codice
1089 3243 1209 3314 oratio
1227 3243 1371 3341 integra

66 3361 147 3447 est3
186 3351 251 3424 sed
269 3352 399 3448 primi,
425 3350 595 3445 secundi,
621 3350 810 3447 quietique
830 3349 918 3423 iibri
935 3361 1062 3448 partes
1085 3351 1180 3426 haud
1207 3355 1369 3428 modicae

63 3472 171 3561 sunt,
189 3465 289 3534 tertii
311 3486 402 3535 vero
426 3460 690 3558 amplissimae,
711 3463 832 3558 quarti
856 3463 1044 3558 minimae3
1072 3473 1224 3538 cunctae
1250 3475 1369 3539 autem

65 3574 264 3670 susdeque
285 3598 506 3673 perversae,
534 3573 603 3645 etsi
621 3571 748 3644 harum
767 3574 931 3646 ordinem
950 3574 1146 3649 collatione
1165 3601 1245 3649 cum
1263 3577 1370 3650 libris

66 3685 174 3758 editis
192 3709 371 3759 revocare
389 3686 496 3759 facile
517 3684 619 3777 fuit3.
632 3706 706 3756 non
726 3683 845 3757 facilis
866 3694 985 3758 tamen
1006 3709 1116 3784 saepe
1135 3688 1266 3784 lectio,
1284 3692 1369 3788 quia

65 3795 199 3869 multae
220 3799 373 3896 paginae
393 3822 413 3869 a
433 3797 663 3870 rescribente
689 3797 907 3868 obscuratae
928 3820 1146 3897 pessumque
1168 3801 1274 3882 datae
1295 3801 1370 3874 sue·

65 3915 174 4003 runt,
201 3907 397 4011 nonnullae
416 3910 522 3981 etiam
544 3906 707 3980 funditus
728 3906 868 4002 elutae,
886 3909 938 3980 ita
959 3919 999 3983 ut
1017 3934 1079 3983 eas
1098 3936 1119 3983 a
1138 3935 1193 3985 mc
1206 3922 1370 4011 praeter·

65 4020 161 4091 mitti
184 4043 336 4093 neeesse
360 4019 483 4094 suerit.
524 4020 747 4118 Quamquam
766 4042 857 4092 vero
877 4027 1013 4093 tantam
1037 4024 1162 4118 operis
1186 4033 1329 4120 partem
1349 4047 1369 4095 e

65 4129 240 4203 deletitiis
261 4133 484 4205 membranis
507 4130 664 4203 fideliter
689 4131 902 4204 exscribere
923 4130 1147 4206 laboriosum
1176 4143 1275 4228 erat,
1299 4133 1371 4206 ala·

66 4244 181 4315 ariter
201 4243 238 4315 id
262 4252 381 4315 tamen
405 4247 482 4343 egi,
508 4252 749 4340 cunctumque
767 4243 929 4315 codicem
950 4246 987 4317 in
1008 4244 1220 4318 adversaria
1240 4243 1370 4339 retuli,

66 4355 236 4450 typisque
247 4356 428 4437 edendum
443 4357 588 4428 curavi:
609 4362 717 4451 atque
732 4364 771 4427 ut
782 4355 984 4429 lectoribus
998 4359 1034 4428 in
1045 4360 1214 4456 proximo
1227 4356 1371 4429 fructus

67 4474 183 4559 esset,
223 4470 532 4564 comparationem
554 4467 697 4538 institui
727 4491 807 4538 cum
832 4467 1075 4566 Neapolitana
1106 4469 1151 4543 cl.
1178 4469 1372 4542 Garatonii

65 4575 247 4673 editione,
269 4603 361 4675 quae
381 4579 477 4677 apud
495 4600 584 4673 nos,
603 4587 824 4677 exterosque
839 4590 995 4677 utputo,
1011 4579 1371 4678 habeturpraestan-
