3210 5280
477 152 528 217 lu
550 151 659 219 ACT.
681 152 712 219 1.
727 152 785 217 ΙΝ
809 152 851 218 C.
874 153 1092 218 VERREM.
1381 151 1444 216 d⁹t

211 300 288 362 Iam
309 315 390 358 vero
411 295 565 358 omnium
586 293 749 358 vitiorum
762 296 921 376 suorum]
942 289 1106 374 Αὕξησις,
1131 293 1163 356 id
1179 304 1245 370 est,
1269 305 1354 356 tanta
1368 294 1452 359 lecit

124 389 161 454 in
184 389 314 464 Sicilia,
350 400 383 450 ut
413 387 545 469 pristina
573 386 703 450 erimina
735 388 802 451 eius
832 401 902 451 ante
928 389 1041 452 oeulos
1068 389 1206 451 omnium
1231 401 1444 453 verterentur.

210 488 441 548 Monumento
454 495 487 545 et
502 481 645 560 indicia]
668 483 783 547 Omnia
799 494 1020 547 monumenta
1037 484 1202 561 dicuntur,
1227 503 1307 567 quae
1327 483 1447 546 iaciunt

124 578 257 641 alicuius
284 577 330 638 rei
354 575 627 649 recordationem,
652 586 687 636 ut
714 574 895 658 Virgilius:

294 675 396 734 Ferre
417 669 474 731 sui
495 668 636 731 dederat
659 681 916 731 monumentum
937 679 970 732 et
989 669 1119 754 pignus
1140 666 1287 731 amoris.
1458 675 1472 723 ὃ

209 769 392 831 Praetores
423 763 541 847 aliqua
570 785 617 825 ex
646 773 748 845 parte
786 764 913 844 creari]
960 757 1198 847 Ὑπερβολικῶς
1231 783 1289 823 nec
1326 772 1446 842 partem

125 859 206 921 dixit
233 879 330 940 posse
353 856 511 928 recreari;
536 858 653 916 tantun·
677 855 769 917 laesit
791 855 883 918 unius
903 854 1110 938 improbitas,
1136 867 1170 917 ut
1191 854 1324 937 vix'per
1347 856 1447 919 iustos

123 953 187 1015 hoe
209 973 248 1014 cx
271 961 362 1032 parte
383 948 484 1031 possit
512 948 629 1010 s'anari.

211 1049 262 1108 13.
286 1049 377 1109 Setos
398 1042 505 1126 teges]
530 1041 628 1119 llegis
653 1039 817 1104 Hieronis.
862 1043 887 1116 †
911 1040 1014 1104 Omne
1036 1041 1116 1104 enim
1132 1042 1179 1104 ius
1199 1053 1252 1103 aut
1267 1041 1360 1104 civile
1376 1055 1444 1115 cst,

123 1151 176 1201 sut
200 1140 286 1221 quod
312 1137 476 1219 proprium
503 1147 552 1198 est
573 1133 730 1208 civitatis;
754 1147 807 1197 etit
833 1134 948 1198 civium
977 1137 1213 1225 llprrranorusn,
1237 1139 1324 1221 qtiod
1347 1158 1363 1198 a
1386 1157 1446 1218 po·
1461 1146 1491 1195 tt

123 1233 203 1314 pulo
226 1234 373 1296 Romano
397 1230 528 1311 suscipit
551 1252 619 1310 prs.
646 1230 719 1292 lura
744 1228 881 1311 gentium
905 1241 990 1290 suut.

211 1329 331 1409 Neque
356 1324 552 1386 eommunia
574 1323 668 1403 isera]
703 1321 823 1403 Populi
850 1321 999 1386 Bouiani.
1043 1322 1126 1385 Nam
1152 1320 1204 1384 hic
1230 1321 1313 1384 iuter
1340 1323 1446 1383 decem

124 1421 251 1504 legatos
275 1419 388 1481 missus
411 1429 475 1488 est,
514 1416 569 1501 qrti
592 1438 632 1478 ex
657 1427 782 1479 senatus
804 1417 951 1480 consulto
981 1417 1049 1479 iura
1081 1415 1195 1478 Siculis
1224 1414 1444 1480 constitueret.

209 1513 369 1578 Hominis
393 1509 590 1573 avarissimi
615 1521 648 1571 et
670 1508 956 1588 libidinosissimi]
990 1509 1211 1575 Libidinosus
1241 1506 1344 1571 omnia
1374 1531 1448 1590 per·

124 1621 305 1679 scr-matur,
328 1626 457 1667 avarus
479 1625 638 1686 uunquam
660 1601 805 1664 satietate
834 1604 979 1666 vincitur.
1025 1603 1131 1682 (liturus
1155 1620 1237 1688 ergo
1267 1605 1347 1666 haee
1372 1601 1490 1664 ritiats

123 1701 272 1764 habuerit
295 1701 437 1769 Verres,
462 1708 587 1759 constat
610 1707 678 1757 'esso
702 1696 826 1758 Siculos
850 1696 1016 1778 spoliatos.

208 1796 280 1856 Aut
300 1791 454 1856 satietati
472 1787 666 1878 superfuit]
690 1791 782 1873 Ergo
799 1789 877 1853 nihil
892 1791 1026 1867 habent,
1052 1788 1272 1874 pulsaveritis
1289 1811 1447 1873 nunquam

124 1886 270 1950 satietate
293 1885 441 1947 vincitur.

210 1981 319 2045 Nulla
350 2000 405 2040 res
437 1989 509 2039 tam
538 1974 669 2058 patria]
703 1977 797 2038 Tunc
829 1974 909 2039 enim
941 1979 1075 2041 maxime
1113 1978 1277 2053 dolemus,
1320 1979 1448 2061 quando

124 2073 298 2137 maioribus
321 2071 468 2133 traditam
496 2069 736 2151 possessionem
753 2068 964 2134 ainiscrimus.
1458 2077 1490 2126 tt

143 2198 148 2202 “
208 2165 480 2232 Innumerabiles
501 2164 665 2246 pecuniae
681 2164 740 2244 ,α.]
762 2165 853 2244 Quae
876 2163 906 2226 in
932 2163 1137 2228 frumentaria
1160 2162 1251 2228 dixit.

208 2261 388 2330 Instituta]
413 2261 565 2322 lnrento.

209 2354 306 2419 Ciues
328 2352 491 2432 Romani]
523 2352 572 2414 De
594 2349 773 2430 suppliciis.

208 2447 344 2514 Indieta
379 2466 487 2508 corma
521 2443 677 2506 damnati
711 2454 745 2506 et
780 2442 893 2526 eiecti]
949 2444 1110 2509 Prohibiti
1142 2443 1176 2509 in
1211 2466 1298 2508 sitam
1340 2445 1447 2507 venire

122 2541 299 2604 civitatem.
709 2543 713 2550 '
1458 2549 1489 2596 εἱ

207 2633 393 2698 Maximae
425 2631 687 2716 tutissimaeque
720 2632 837 2713 urbes]
874 2634 1104 2711 Syracttssnam
1134 2631 1306 2715 significat.
1363 2633 1445 2697 Nam

122 2728 224 2792 minus
254 2749 351 2790 naves
379 2725 549 2788 instructas
580 2728 702 2788 Verres
735 2737 846 2788 contra
881 2725 997 2807 piratas
1029 2726 1127 2800 misit3
1162 2727 1298 2811 ideoque
1326 2725 1447 2809 piratae

122 2823 267 2884 victores
297 2841 395 2882 naves
425 2840 524 2900 usque
553 2823 592 2882 ad
623 2832 748 2902 portum
780 2819 944 2901 prosecuti
973 2831 1044 2882 sunt
1073 2823 1306 2900 Syracusanum
1339 2821 1446 2903 ibique

122 2915 255 2977 classem
278 2913 391 2995 populi
414 2914 550 2975 Romani
572 2913 791 2977 incenderunt.
1367 2995 1370 2999 .

207 3007 367 3089 Optimae
391 3018 494 3090 atque
519 3007 849 3089 opportunissimae]
882 3007 1058 3090 Optimae,
1082 3008 1164 3068 bene
1190 3005 1365 3069 fabricatae
1392 3018 1489 3080 arstsn

121 3103 203 3164 bene
229 3114 365 3165 armatae
391 3112 443 3161 aut
473 3100 668 3162 aedificatae.
724 3102 767 3163 Et
793 3103 856 3164 hoe
884 3105 922 3163 ad
948 3101 1107 3179 ignaviam
1138 3102 1292 3184 pertinet,
1324 3101 1445 3184 perisse

121 3195 254 3256 classem
282 3195 323 3256 P.
347 3194 391 3255 R.
415 3192 758 3274 Opportunissimae,
783 3194 812 3256 in
837 3194 1021 3257 necessariis
1043 3195 1121 3258 locis
1144 3197 1345 3258 constitutae.

207 3288 405 3369 ignominia
427 3290 465 3351 P.
490 3290 548 3366 R.]
579 3287 616 3349 ld
639 3299 703 3361 est,
728 3287 799 3368 quia
828 3301 858 3352 et
882 3289 1054 3372 litgicntcm
1081 3289 1285 3352 incenderunt
1311 3290 1445 3354 classem

122 3382 164 3445 P.
190 3382 233 3443 tt.
258 3381 396 3462 piratae,
420 3403 514 3463 quirun
532 3381 692 3443 mediocre
715 3391 798 3442 esset
822 3382 954 3458 malurn,
980 3380 1006 3444 si
1031 3383 1081 3445 vel
1103 3382 1316 3448 resistentem.

209 3477 260 3536 tt.
284 3475 377 3539 Idem
401 3474 465 3536 iste
488 3486 631 3555 praetor
654 3471 714 3554 m.]
749 3472 800 3536 De
824 3474 936 3557 signis.
1010 3496 1013 3501 ·
1457 3501 1488 3549 35

204 3566 448 3649 Monurneuta]
477 3569 604 3630 Statuas
626 3579 663 3647 et,
679 3566 843 3649 imagines.

207 3651 459 3744 Antiquissima
473 3683 596 3743 regum
614 3662 976 3744 locupletissimorum]
999 3664 1193 3740 Hieronem,
1219 3664 1442 3749 Agathocleis,

119 3754 329 3832 Dionysium,
357 3753 517 3817 Phalarim
541 3754 710 3837 signifieat.

197 3888 224 3937 2.
243 3887 272 3931 tn
297 3880 331 3935 de
358 3883 468 3936 Graevii
490 3886 625 3935 sententia
646 3887 758 3934 inseruit
782 3881 846 3935 stu.
888 3881 957 3937 tnta.
979 3886 1019 3936 An
1039 3884 1244 3934 versarentur?
1263 3886 1317 3938 On.
1357 3889 1381 3942 5.
1397 3885 1444 3937 Sic

120 3972 196 4010 recte
215 3956 281 4011 seh.
300 3975 332 4009 es
354 3959 422 4010 Aen.
444 3962 477 4020 5.
498 3960 561 4016 538.
581 3956 649 4009 Edd.
671 3961 792 4026 priores:
812 3966 843 4008 ut
863 3959 893 4011 V
893 3964 949 4029 trg.
969 3956 1050 4025 serre
1069 3963 1114 4007 sui
1130 3959 1157 4010 d.
1171 3977 1207 4011 m.
1221 3978 1246 4011 e.
1255 3979 1285 4027 p.
1305 3978 1349 4022 α..
1370 3959 1443 4029 φιοι]

120 4032 217 4087 Gstst.
239 4048 379 4104 perperim
401 4032 493 4085 retulit
513 4029 547 4082 sd
568 4038 635 4085 Aen.
657 4039 710 4096 12,
730 4033 796 4088 945·
845 4039 871 4091 6.
899 4034 929 4086 Ι..
956 4038 1089 4086 recreari.
1119 4034 1171 4087 Os.
1225 4040 1249 4088 7.
1270 4035 1335 4087 Sela.
1355 4033 1443 4088 lissinis.

120 4111 148 4166 8.
169 4110 212 4161 Aa
227 4107 516 4177 perrnuttostnstos?
536 4108 590 4160 On.
629 4106 699 4160 llrtd.
718 4106 780 4175 hoe]
796 4110 831 4161 G.
846 4107 946 4160 -lme
966 4109 1016 4161 Gr.
1051 4111 1081 4164 ’9.
1102 4109 1197 4176 civite]
1214 4111 1443 4162 Semeommnnr.

121 4192 166 4239 11.
186 4182 250 4234 Seli.
271 4186 345 4238 corii.
369 4187 486 4253 suscipit
504 4187 665 4252 provincia.
696 4181 848 4234 Praetereo
867 4190 931 4233 istra
951 4200 1006 4237 eet.
1046 4186 1103 4237 lsm
1124 4183 1222 4237 Grsev.
1246 4200 1439 4256 proposuerat:

115 4261 275 4328 prouincia.
314 4257 416 4310 Verum
444 4274 518 4309 torus
543 4256 621 4309 loeus
646 4261 687 4310 sio
712 4256 768 4310 sere
798 4257 1006 4311 constituendus
1034 4258 1156 4310 rtdetur:
1189 4257 1277 4310 Omne
1302 4265 1372 4309 errr'm
1400 4265 1444 4310 ins

117 4333 201 4384 ciuile
220 4332 333 4383 Siclliae
351 4340 393 4383 est
412 4342 462 4384 aret
478 4337 624 4402 proprium
644 4338 785 4397 cis-itatis,
804 4342 854 4384 anst
873 4338 975 4385 ctutum
996 4333 1196 4397 dorrranorum,
1216 4334 1290 4400 qssod
1307 4353 1324 4383 a
1339 4336 1443 4402 populo

117 4406 242 4459 Romano
261 4413 382 4476 suscepit
397 4412 550 4478 provincia
569 4408 665 4459 Surus
681 4425 733 4479 per
754 4409 784 4460 Ρ.
799 4409 944 4479 llupitr'nm.
983 4410 1059 4460 Nam
1072 4407 1115 4458 lde
1129 4415 1205 4459 inter
1219 4409 1310 4460 decem
1330 4411 1444 4477 legatos

117 4488 219 4532 missus
237 4491 297 4547 est,
323 4486 369 4552 qni
389 4501 425 4533 ex
443 4485 702 4534 senatusconsulto
727 4488 792 4535 tura
817 4486 918 4536 Stratis
937 4490 1126 4535 constitueret.
1167 4483 1260 4548 Neque
1281 4491 1442 4536 eommunis

118 4558 194 4626 lues]
222 4556 289 4607 Iura
321 4564 445 4621 gentium
477 4560 575 4625 [σκιή.
605 4558 657 4610 On.
703 4563 743 4614 19.
766 4589 800 4601 -
817 4577 911 4629 parare
936 4559 972 4612 G.
1012 4567 1056 4614 20.
1079 4564 1118 4624 Aa
1145 4575 1163 4607 a
1186 4558 1359 4613 tractoribus?
1388 4559 1442 4612 On.

118 4637 163 4687 21.
185 4632 337 4700 AnQuast
356 4633 436 4686 Bam.
476 4637 521 4690 28.
538 4632 764 4703 Sanpersecutt.
801 4633 1256 4708 3l.·l¹ort.quumnonmsrttoere.
1275 4638 1331 4691 Os.
1370 4632 1441 4689 llud.

117 4704 165 4761 sic
185 4705 250 4760 sm.
271 4725 321 4782 pro
341 4713 490 4762 resistente
508 4707 544 4764 G.
564 4709 615 4765 Gr.
