3210 5280
238 191 300 254 uo
483 274 489 295 .
670 189 1107 265 asenna-asconius
1212 250 1250 275 „

318 329 535 415 Religionem]
579 331 659 411 Quia
680 331 771 394 iurati
793 341 886 394 testes
908 329 1064 393 dicebant.

322 423 539 504 [Lautumiis]
556 424 774 499 Lautumias,
791 445 900 486 carcer
915 423 1098 504 Syracusis3
1113 421 1298 491 Lautumias
1314 432 1416 487 autem
1432 421 1540 508 lingua

179 514 415 591 polsieqururn
438 515 621 598 lapicidinae
642 514 804 590 dicuntur,
828 518 898 579 loca
920 516 1018 576 eaesis
1040 513 1193 596 lapidibus
1215 526 1358 580 exsecta.

318 611 366 673 De
390 608 471 670 loco
495 607 680 690 superiore]
722 608 773 671 De
802 607 947 681 Rostris,
978 607 1094 690 quiippe
1123 607 1176 689 quii
1204 607 1311 669 aedilis
1333 629 1400 669 sum
1421 607 1538 674 iactus.

213 717 226 766 ς
319 700 553 777 (§.15.)Ono
579 702 612 761 in
632 720 770 762 numero
796 720 813 762 e
838 697 926 761 vobis
948 699 1138 778 complures
1152 698 1312 779 fuerant]
1357 701 1430 763 Alia
1457 703 1538 765 enim

237 792 400 857 sortitione
422 813 503 853 nnnc
523 792 650 864 sedent,
674 789 726 852 illa
750 788 783 850 in
819 787 1010 853 divinatione
1036 787 1245 851 constituendi
1266 794 1458 858 accusatoris
1483 795 1541 859 alia

236 886 309 950 init.

318 976 517 1040 Inimicitias
537 975 656 1054 instas]
699 976 753 1037 Ad
780 970 861 1052 aliud
889 983 1109 1055 argumentum
1136 971 1301 1036 victoriam
1326 996 1412 1040 snam
1442 977 1539 1042 inter·

235 1080 376 1153 pretatus
399 1065 581 1147 simpliciter
601 1066 738 1139 fatetur,
771 1068 857 1146 qnod
886 1065 917 1127 in
949 1064 1151 1143 Divinatione
1183 1082 1440 1148 expugnaverat,
1478 1095 1540 1136 noa

193 1164 377 1235 suidouearn
406 1160 502 1223 fuisse
528 1179 651 1220 causam
680 1157 844 1220 accinendi
866 1155 980 1219 Verris
1006 1154 1145 1220 Caecilio
1171 1161 1410 1225 commentitiam
1435 1165 1540 1227 simul·

237 1268 343 1320 tatem.
386 1254 440 1316 An
464 1253 568 1316 iustos
592 1249 766 1312 inimicitias
791 1269 934 1330 magnas
955 1248 1052 1311 dicit?
1084 1260 1118 1310 ut
1140 1270 1157 1311 e
1178 1253 1343 1325 contrario,
1362 1255 1538 1340 Virgilius:

467 1344 485 1406 l
491 1346 534 1404 ni
541 1354 641 1406 usto
661 1341 721 1405 sub
734 1341 839 1421 fasee
861 1342 952 1402 vium
970 1340 1049 1402 dum
1071 1343 1192 1421 carpit.

320 1432 401 1496 Cum
421 1430 458 1492 id
474 1432 679 1511 postularet]
732 1431 818 1494 Bene
845 1429 982 1504 addidit,
1020 1429 1092 1514 qiria
1120 1430 1153 1492 ia
1179 1429 1382 1497 Divinatione
1409 1433 1538 1499 huiusce

235 1529 283 1593 rei
305 1523 419 1589 mentio
441 1520 524 1582 iacta
546 1542 608 1586 non
630 1535 710 1586 crat.

194 1648 226 1709 ,3
319 1622 363 1698 (ς.
388 1615 454 1691 ti.)
480 1613 551 1677 Vim
572 1614 768 1699 inquirendo
789 1622 922 1676 tantam
941 1613 1059 1692 bubni]
1095 1613 1182 1679 Dicit
1195 1617 1286 1699 plura
1301 1616 1431 1680 crimina
1451 1619 1539 1685 iave-

236 1712 298 1777 niri
319 1707 476 1793 potuisse,
500 1725 592 1788 quam
617 1705 742 1768 inventa
768 1713 858 1780 sunt,
891 1704 917 1766 si
946 1705 1041 1768 vellet
1064 1708 1186 1771 'stellius
1207 1730 1270 1774 non
1296 1713 1336 1772 ad
1361 1710 1465 1795 legen
1489 1734 1540 1776 re·

237 1805 443 1888 petundarum
472 1796 702 1882 inquisitionem
730 1796 853 1870 iacere,
889 1798 944 1858 sed
971 1800 1010 1858 ad
1038 1799 1201 1876 universa,
1237 1824 1318 1887 quae
1341 1804 1542 1869 commiserat

238 1899 373 1961 Verres.
417 1892 497 1954 Nam
521 1900 607 1953 certe
630 1901 777 1974 qnantum
800 1888 967 1952 abstulerit
985 1911 1026 1952 ex
1053 1889 1158 1954 Sicilia
1181 1895 1320 1968 Verres,
1351 1914 1416 1958 non
1441 1918 1542 1982 quan·

238 2001 303 2052 tuni
323 1982 436 2069 flagitii
457 1981 669 2055 commiserit,
693 1981 799 2045 dicere
821 1991 1035 2045 accersatorem
1058 2005 1151 2046 causa
1173 1986 1345 2068 compellit.

193 2105 226 2155 20
319 2085 363 2156 (§.
387 2073 682 2157 liuticenses
702 2093 778 2136 meu
791 2072 879 2154 side]
929 2075 973 2137 Et
999 2075 1114 2138 Verris
1135 2078 1298 2158 pecuniosi
1319 2076 1439 2159 rapinis
1460 2079 1543 2143 invi·

236 2173 376 2244 diosurn,
411 2181 443 2231 et
465 2168 548 2249 apud
570 2165 688 2227 iudices
709 2164 898 2245 plurimum,
932 2177 967 2229 ut
988 2186 1050 2230 non
1072 2168 1138 2231 sine
1160 2191 1250 2233 causa
1273 2174 1311 2234 de
1333 2192 1446 2235 eorum
1466 2176 1542 2236 snb·

240 2264 352 2331 stantia
375 2261 493 2327 Cicero
515 2257 659 2320 dubitare
680 2256 837 2320 videatur.
880 2259 924 2321 Et
946 2258 1029 2320 valet
1049 2262 1089 2321 ad
1109 2259 1320 2343 suspicionem
1349 2287 1545 2349 magnopere

326 2501 353 2549 2.
373 2492 537 2557 helemiis]
574 2505 630 2542 om.
650 2490 741 2543 Princ.
760 2487 867 2542 BeraM.
887 2486 942 2541 tid.
963 2489 1029 2546 Lod.
1047 2519 1085 2534 -
1102 2491 1241 2546 Latumiis
1258 2498 1353 2548 ceteri.
1441 2482 1445 2489 ¹

309 2566 378 2624 ibid.
398 2564 577 2634 hretumiae]
598 2563 688 2616 Prion.
710 2560 772 2617 atd.
790 2591 829 2605 --
846 2563 991 2616 Latremiae
1010 2569 1107 2621 ceteri.

325 2649 352 2704 5.
371 2641 533 2694 Lautumias
552 2645 647 2689 autem
666 2639 765 2704 lingua
782 2637 837 2690 Sic.
856 2638 1022 2708 lapicidinae
1041 2638 1110 2708 dia]
1142 2640 1189 2694 Sic
1207 2641 1272 2698 ilat.
1291 2644 1447 2698 cramoisi
1466 2644 1539 2714 qaod

234 2717 379 2771 Lotaniiu
397 2714 522 2768 scribunt
541 2728 591 2785 pre
609 2711 781 2764 Lautumiae.
809 2740 848 2754 -
875 2713 988 2779 iingreas
1013 2714 1068 2766 Sic.
1087 2714 1248 2768 Lauremiae
1265 2711 1359 2771 autem
1376 2717 1545 2788 lapidicinae.

235 2792 288 2845 dia.
309 2794 399 2847 Princ.
418 2817 456 2832 -·
473 2788 572 2855 lingua
591 2785 648 2838 Sic.
667 2785 812 2839 Latomiae
830 2784 1006 2858 (Lauteemiae
1026 2786 1100 2862 did.)
1118 2798 1210 2843 autem
1229 2791 1397 2861 lapidicinae
1415 2791 1470 2846 dio.
1490 2797 1538 2847 ue.

234 2864 302 2922 reid.
320 2864 383 2919 ati.
403 2860 471 2916 Lod.
489 2891 527 2904 -
545 2860 687 2914 momine
705 2867 798 2911 aretem
816 2861 872 2914 Sia.
890 2861 1003 2928 lingua,
1023 2861 1055 2914 id
1070 2872 1127 2928 ret,
1147 2866 1314 2933 lapicidinae
1331 2865 1386 2920 dia.
1406 2865 1492 2938 Lngd.
1511 2884 1540 2922 et

235 2943 358 3009 (omissis
378 2941 478 3010 ineptis
498 2935 610 2989 vocibus
628 2933 661 2986 id
677 2938 733 2998 est)
753 2934 831 2989 Man.
863 2964 894 2976 -
924 2936 1123 3006 „Lapieidinae
1142 2937 1209 3009 dia]
1241 2943 1339 3006 Recte,
1357 2957 1385 2994 ea
1405 2944 1445 2994 ita
1464 2957 1540 2996 retae

235 3014 306 3090 iapie
325 3012 396 3085 apud
417 3012 523 3067 Manui.
543 3009 615 3062 oreb.
635 3028 664 3082 p.
683 3006 748 3065 479.
768 3009 857 3081 Vulgo
875 3011 1100 3082 corrumpebatur
1120 3013 1187 3066 haec
1206 3015 1284 3070 rox.”
1316 3014 1449 3070 Gener.

309 3088 378 3141 ibid.
397 3086 541 3151 dictentur,
563 3082 638 3153 boa]
657 3081 804 3146 dicuntur,
826 3082 858 3134 id
875 3092 935 3150 esa,
961 3085 1023 3135 loca
1042 3086 1106 3140 iios.
1125 3090 1206 3142 cren.

306 3163 377 3216 ibid.
395 3162 519 3226 exsecta]
541 3167 569 3209 et
587 3165 664 3209 secta
685 3159 775 3212 Prion.
794 3156 900 3211 Brrald.
920 3187 958 3202 -
977 3168 1078 3211 eaaota
1097 3161 1162 3215 Hot.
1546 3222 1549 3227 ι

326 3241 352 3294 5.
370 3241 400 3288 in
418 3236 542 3300 numero]
571 3230 649 3304 Apud
676 3230 839 3286 Ciceronem
864 3230 968 3287 editum
994 3249 1036 3288 eet
1063 3252 1078 3286 e
1103 3253 1215 3288 numero
1241 3251 1257 3289 a
1284 3234 1380 3308 Stepb.
1399 3233 1497 3289 bamb.
1515 3248 1542 3288 ct

236 3310 380 3384 demptio:
408 3307 481 3381 qnod
500 3311 614 3359 minime
634 3305 732 3378 piacet.

312 3384 381 3440 ibid.
393 3382 528 3454 fluctuent]
541 3381 630 3452 fuere
643 3380 720 3433 Man.
733 3396 795 3433 cain
814 3380 950 3454 plerisque
962 3378 1042 3439 editt.
1055 3382 1214 3451 Ciceronis,
1227 3382 1407 3455 cuijuerunt
1419 3385 1542 3437 mtitait

238 3460 307 3516 Zum
330 3463 392 3513 aine.

201 3566 204 3575 ι
310 3478 356 3592 Ι’6.
374 3530 481 3598 sedent]
502 3545 555 3582 em.
576 3528 685 3583 Graevii
706 3527 766 3583 MS.

310 3605 381 3662 ibid.
400 3607 450 3659 iiia
468 3610 497 3655 in
515 3599 700 3670 divinatione]
719 3603 830 3657 Graevii
848 3600 911 3657 MS.
931 3631 966 3647 -
985 3604 1036 3657 illa
1053 3603 1227 3657 divinatione
1246 3605 1338 3659 Ptine.
1357 3603 1465 3664 Beraid.
1479 3601 1543 3660 tid.

235 3712 272 3730 ..
290 3684 347 3736 alia
366 3687 396 3733 in
414 3678 586 3733 divinatione
606 3675 673 3731 Lod.
692 3693 719 3730 et
738 3694 814 3749 seqq.

308 3755 379 3811 ibid.
398 3758 570 3807 crematoris
594 3752 652 3804 aiio
670 3750 748 3823 suit]
782 3754 874 3807 Ptine.
899 3750 1007 3807 Berald.
1033 3749 1094 3807 ald.
1122 3779 1161 3796 -
1186 3755 1359 3805 mamatorie
1378 3749 1447 3824 ficit
1473 3749 1541 3826 (om.
1582 3764 1586 3771 '

234 3833 292 3886 alia
325 3830 392 3885 Lod.
412 3844 438 3882 et
458 3847 486 3883 ee
525 3865 533 3881 .

292 3836 306 3907 i
328 3913 355 3966 8.
374 3846 553 3971 inimicitis]
570 3908 686 3972 propter
704 3903 866 3952 inimicitias
883 3898 989 3954 Berald.

309 3985 355 4038 11.
378 3981 434 4047 An]
455 3995 512 4031 orn.
534 3975 594 4028 eid.
615 3973 680 4028 Lod.

308 4052 381 4108 ibid.
402 4052 536 4121 magnas]
560 4065 664 4116 mapna
683 4049 774 4102 Princ.
792 4073 827 4090 -
845 4065 901 4099 non
919 4066 1040 4116 magnae
1058 4047 1143 4122 bugd.
1164 4048 1241 4104 Man.

307 4127 379 4185 ibid.
399 4125 552 4197 Virgilius]
573 4123 673 4195 Georg.
692 4123 744 4175 lli.
764 4123 827 4181 sti.
846 4122 893 4176 ubi
913 4124 994 4194 vulgo
1013 4128 1104 4177 editur
1122 4129 1199 4176 viam
1216 4139 1294 4175 oum
1310 4127 1412 4194 carpit.

308 4208 353 4262 ¹5·
373 4203 440 4256 Vim
458 4202 570 4272 inquin]
591 4191 874 4252 praecinentia.
888 4195 954 4252 Lod.
972 4225 1010 4239 ·-
1028 4197 1095 4251 Vim
1113 4203 1143 4251 in
1161 4203 1264 4270 inquit.
1278 4198 1365 4271 bugd.
1380 4200 1445 4252 liet.
1462 4198 1539 4252 mm.

235 4278 317 4332 Gren.
337 4294 400 4331 cum
421 4273 500 4329 editt.
520 4277 674 4328 Ciceronis.

311 4354 354 4410 16.
373 4351 470 4418 veliet]
496 4349 596 4402 vellem
614 4346 723 4401 Graevii
743 4344 805 4399 MS.

309 4430 428 4485 20—22.
447 4424 486 4476 Et
505 4425 607 4478 Verris
624 4454 639 4465 -
658 4451 677 4464 -
696 4451 714 4464 -
732 4419 873 4486 videatur]
913 4419 1002 4474 [oens
1030 4435 1173 4493 corruptus
1199 4422 1240 4472 sic
1267 4417 1368 4490 iegitur
1393 4423 1423 4472 in
1450 4419 1538 4472 Prine.

236 4500 342 4554 Berald.
373 4528 407 4542 -
437 4501 485 4552 Ea
505 4515 554 4572 pro
573 4496 610 4548 Et
628 4494 727 4550 babent
749 4493 809 4549 eid.
839 4493 907 4548 Lod.
939 4523 976 4536 -
1002 4496 1080 4546 valet
1105 4509 1166 4566 post
1188 4494 1338 4563 plurimum
1365 4497 1536 4546 inseruerunt

237 4574 320 4649 Lugd.
341 4575 405 4627 Hot.
426 4575 503 4626 Mau.
522 4573 601 4624 Creu.
623 4601 654 4612 -
675 4573 832 4621 constantia
851 4585 900 4641 pro
919 4569 1075 4620 susbstantia
1094 4569 1194 4642 legitur
1213 4572 1243 4620 in
1261 4565 1329 4620 Lod.
1347 4584 1376 4620 et
1395 4585 1470 4639 seqq.

312 4656 355 4704 92.
384 4663 551 4717 magnopere
579 4663 686 4697 nummo
714 4644 856 4710 redempti]
914 4643 959 4695 Sic
987 4649 1093 4714 scripsi.
1122 4672 1154 4685 -
1182 4659 1349 4712 magnopere
1377 4649 1461 4693 iinmo
1488 4658 1535 4693 re-

236 4724 341 4794 dempti
368 4725 460 4780 Priuc.
488 4719 597 4776 Berald.
628 4720 688 4775 aid.
719 4747 754 4763 -·
793 4735 960 4788 magnopere
985 4723 1109 4790 corrupti
1134 4722 1217 4772 inemo
1240 4716 1377 4789 redempti
1400 4715 1467 4772 Lod.
1501 4741 1534 4759 -
