3210 5280
451 196 502 260 m
523 194 634 263 ιιι.
657 196 760 261 1.1n
787 192 830 261 c.
854 190 1070 261 vnnnsnt.
1361 194 1422 258 ιιι
1453 160 1461 176 '

101 333 216 398 iterum
241 333 409 413 iudicium,
433 334 465 400 in
490 358 556 422 quo
579 336 787 402 Hortensium
810 334 891 398 dixit
911 334 1067 400 iudicibus
1092 333 1265 420 imperasse
1286 344 1423 419 propter

102 429 150 492 rei
171 430 416 494 absolutionem.

188 524 313 586 Totius
336 525 470 588 ordinis
490 545 701 610 conquerar,
724 526 788 588 hoe
801 521 952 616 fuctum
974 523 1064 605 osse]
1101 519 1184 588 Cum
1205 521 1421 608 indignatione

101 618 166 680 hoc
187 626 237 678 est
256 618 540 698 pronuntiandum
564 620 684 695 idest,
708 630 828 683 tautum
850 620 977 683 malum.
1315 699 1320 708 .

17 788 19 795 Ι
188 711 233 772 Ut
263 709 490 775 discoloribus
513 712 639 796 signis]
675 711 758 777 Post
789 711 894 776 onmia
925 711 1055 776 erimina
1080 708 1167 774 venit
1192 711 1233 774 ad
1254 707 1447 774 Hortensiit

15 800 18 812 '
100 802 243 878 facinus,
267 805 311 866 ιιι
327 804 449 867 cunctis
471 805 560 887 peina
582 827 651 869 esse
673 809 831 870 ostendat.

175 900 303 1052 lQuum
326 899 410 960 haec
435 900 553 962 omnia
571 919 596 961 a
618 922 671 964 me
696 899 894 985 diligenter]
917 898 1112 982 Deligenter
1138 899 1179 961 ad
1199 895 1421 982 inquirendum

101 1001 173 1053 retu
187 1003 210 1052 ιι

187 1081 322 1162 Severe]
357 1082 439 1148 Cum
464 1085 617 1169 gravibus
640 1085 802 1151 sententiis
828 1098 860 1151 et
886 1106 1010 1151 omnem
1040 1040 1285 1149 ιιιίιιιὶιοιᾶίιιιι
1312 1083 1422 1147 exclu-

102 1177 261 1240 dentibus.
1434 1192 1466 1241 m

190 1273 273 1354 Cap.
296 1270 400 1335 XIV.
433 1273 518 1337 Alia
541 1272 675 1338 ratione
698 1295 771 1337 esse
792 1274 958 1338 uiolatum
981 1284 1084 1357 utque
1108 1202 1338 1352 contactum]
1382 1270 1423 1334 ld

103 1375 168 1442 est,
204 1368 368 1449 qttomodo
393 1376 486 1441 tnnc,
521 1387 617 1448 quum
648 1366 782 1430 dirersis
813 1368 976 1443 coloribus
1009 1366 1135 1430 tabulae
1166 1375 1256 1429 erant
1280 1375 1421 1428 notatae.

103 1459 148 1522 Et
170 1478 323 1540 perverse
345 1457 438 1522 dixit.
482 1459 565 1521 Nem
592 1459 728 1541 primum
755 1461 980 1537 committitur,
1013 1472 1044 1524 et
1071 1460 1117 1522 sic
1140 1458 1279 1523 violatur
1304 1456 1423 1541 aliquid

103 1550 170 1613 sine
194 1550 383 1626 corumias03
408 1552 496 1615 verbi
522 1573 633 1630 eausa,
656 1555 685 1617 si
705 1554 898 1639 cogitaverit
919 1555 989 1636 quis
1014 1552 1216 1638 sacrilegium
1239 1551 1366 1628 facere,
1389 1561 1422 1615 et

102 1664 167 1708 nou
183 1644 310 1708 fecerit.
1432 1662 1464 1711 ts

187 1739 372 1804 Hominem
386 1740 573 1822 potentem]
596 1738 804 1802 Hortensium
826 1737 998 1824 significat.

187 1832 382 1915 Praeclare]
412 1833 451 1895 Id
470 1843 538 1907 est,
563 1835 661 1909 bene,
685 1837 865 1898 commode.

185 1925 386 2009 Quaestum]
412 1927 567 1988 Lucrum.

96 2060 99 2065 -
187 2018 361 2085 iudicibus
382 2017 585 2099 reservaret]
617 2021 649 2082 A
676 2040 813 2102 persona
836 2020 972 2084 indicum
996 2016 1060 2083 odii
1082 2016 1294 2100 comparatio.

190 2113 244 2174 11.
268 2114 328 2177 Ex
352 2134 420 2198 quo
446 2112 560 2175 milri'
548 2133 583 2175 tn
609 2127 756 2176 mentem
782 2114 885 2195 uenit]
917 2113 969 2176 Ex
991 2112 1040 2174 bis
1064 2110 1204 2188 scilicet,
1229 2131 1310 2196 quae
1332 2109 1421 2174 Ver·
1407 2131 1463 2180 -ιι

103 2228 169 2270 rem
192 2204 299 2269 andivi
320 2205 450 2268 dixisse.
795 2230 801 2241 ·

188 2299 282 2364 Satis
300 2295 434 2390 facere
458 2319 581 2382 posse,
619 2299 849 2364 nocentissimi
878 2297 1041 2362 victoriae
1075 2317 1143 2361 non
1169 2296 1287 2380 posse]
1330 2297 1422 2360 Haec

102 2414 152 2458 me
173 2393 296 2455 dicente
321 2392 460 2474 populus
485 2405 662 2457 commotus
687 2404 754 2470 est,
787 2395 874 2477 quod
895 2395 935 2455 de
962 2391 1106 2456 tollendo
1131 2390 1248 2455 iudicio
1270 2401 1422 2472 repetun-

102 2488 212 2548 darum
236 2486 361 2549 locutus
382 2485 518 2549 sueram.

187 2579 240 2642 tt.
267 2581 401 2645 Malam
424 2579 619 2662 opinionem
643 2578 761 2643 animo
785 2578 985 2660 imbibisset]
1021 2575 1104 2659 Quia
1126 2575 1247 2640 scilicet
1271 2574 1463 2648 iudiciumns

103 2684 329 2754 corrupturum
355 2694 426 2735 esse
449 2675 604 2755 speravit.

186 2765 393 2846 imbibisset]
415 2767 630 2848 percepisset.

186 2860 292 2942 Apud
312 2881 371 2923 uos
393 2860 473 2923 odio
495 2861 582 2940 esse]
605 2861 687 2939 Quia
710 2860 831 2923 scilieet
848 2858 926 2921 tales
948 2877 1007 2920 vos
1026 2855 1168 2938 speravit
1190 2875 1259 2918 esse
1279 2854 1420 2919 futuros.

187 2952 272 3033 Cap.
294 2952 377 3014 XV.
401 2952 454 3013 ts.
477 2956 554 3036 Quo
577 2955 664 3035 loco]
687 2957 764 3018 Hoc
786 2965 851 3028 est,
876 2949 1020 3033 opinioni
1041 2959 1179 3013 vestrae.

186 3049 296 3112 Nullo
316 3045 351 3107 in
377 3044 513 3108 inediciis
537 3048 715 3128 seueritas]
749 3047 831 3127 Quia
857 3056 1007 3108 nocentes
1029 3044 1272 3106 subtrahuntur.
1431 3069 1463 3118 ιι

184 3139 322 3222 Religio
342 3140 452 3220 ncilla]
490 3140 570 3220 Qnia
593 3141 766 3222 peieratur.

186 3232 421 3316 Despicimur]
454 3233 700 3316 (Despicimur)
723 3233 832 3304 vultu.
862 3232 984 3306 verbo,
1011 3228 1225 3295 simulatione.

186 3330 309 3411 Neque
338 3328 401 3388 hoc
425 3331 468 3409 Q.
493 3331 653 3392 Catulum
662 3323 788 3418 fugit]
822 3326 966 3406 Propter
991 3323 1180 3387 indiciorum
1205 3321 1419 3408 iniquitatem,

102 3423 190 3508 qrtod
218 3421 356 3503 populus
381 3421 544 3483 Romanus
565 3421 764 3483 tribuniciam
791 3428 979 3499 potestatem
1002 3418 1208 3498 reposcebat.

188 3513 350 3595 Pompeio
372 3513 445 3576 uiro
456 3510 680 3603 fortissimo]
703 3510 863 3592 Pompeio
885 3509 967 3574 enim
990 3524 1020 3573 et
1045 3509 1166 3576 Crasso
1189 3531 1275 3575 cose.
1298 3509 1463 3574 redditast

103 3619 153 3670 est
176 3604 343 3670 tribunicia
367 3618 521 3688 potestas.

186 3703 308 3764 Patres
333 3699 542 3781 conscriptos
564 3698 692 3763 iudicio
714 3723 759 3762 m.
782 3654 815 3763 et
825 3696 872 3791 f.
895 3695 937 3778 t.]
966 3695 1046 3760 Ideo
1072 3697 1159 3782 qrrod
1184 3696 1323 3779 populus
1349 3696 1421 3761 Ro·

102 3814 212 3857 mantis
242 3791 437 3855 tribuniciam
461 3791 658 3855 desiderabat
681 3804 885 3874 potestatem.

189 3886 242 3948 15.
266 3886 323 3949 Ad
343 3885 460 3948 urbem
482 3889 561 3950 Cos.
585 3885 797 3970 designatus]
820 3887 858 3949 In
882 3886 960 3948 urbe
983 3883 1034 3948 vel
1059 3904 1163 3965 prope
1184 3886 1315 3961 urbem,
1339 3905 1422 3968 qno·

104 3979 185 4042 niem
215 3978 372 4042 interdum
401 3990 491 4042 extra
521 3979 630 4041 urbem
661 3979 809 4042 consules
829 3978 939 4043 contio
960 3980 978 4013 ⁰
999 3979 1017 4013 ⁰
1039 3977 1056 4012 ⁰
1080 3978 1097 4013 ⁰
1120 3978 1137 4013 ⁰
1159 3978 1177 4012 ⁰
1200 3978 1218 4012 ⁰
1241 3978 1259 4014 ⁶
1281 3977 1299 4012 ⁰
1320 3976 1339 4012 ο
1361 3978 1378 4013 ⁰
1402 3977 1466 4033 ⁰⁴⁰

623 4102 747 4163 Cetera
766 4100 903 4162 desunt.

180 4320 206 4367 1.
229 4313 270 4362 An
289 4307 399 4379 prope?
430 4309 484 4363 On.
524 4310 569 4365 19.
589 4306 636 4360 Sic
655 4311 754 4379 scripit
774 4306 808 4360 de
827 4308 884 4361 lae.
905 4306 1041 4362 Gronoeit
1061 4313 1136 4362 cont.
1161 4338 1197 4353 -
1217 4311 1353 4380 Quartum
1372 4308 1422 4362 ln-

104 4401 183 4437 crum
205 4385 309 4437 indicto
323 4385 495 4453 reservarer]
517 4384 546 4434 A
560 4400 683 4454 persona
702 4389 721 4436 t.
740 4401 766 4438 o.
785 4401 810 4436 e.
829 4384 865 4438 0.
879 4383 930 4436 Gr.
945 4381 1010 4437 Scb.
1050 4387 1099 4445 52.
1116 4384 1238 4440 Alterum
1257 4386 1423 4456 despicimur

105 4459 299 4532 suppleverunt
318 4458 368 4515 Gr.
390 4456 454 4513 sch.
475 4457 560 4513 Abest
581 4473 596 4509 a
617 4458 653 4512 G.

577 4719 938 4738 ᾖ
