<?xml version="1.0" encoding="UTF-8"?>
<!DOCTYPE html PUBLIC "-//W3C//DTD XHTML 1.0 Transitional//EN"
    "http://www.w3.org/TR/xhtml1/DTD/xhtml1-transitional.dtd">
<html xmlns="http://www.w3.org/1999/xhtml" xml:lang="en" lang="en">
 <head>
  <title>
</title>
<meta http-equiv="Content-Type" content="text/html;charset=utf-8" />
  <meta name='ocr-system' content='tesseract 3.04.00' />
  <meta name='ocr-capabilities' content='ocr_page ocr_carea ocr_par ocr_line ocrx_word'/>
</head>
<body>
  <div class='ocr_page' id='page_1' title='image "./operaquaesupers03halmgoog/operaquaesupers03halmgoog_0378.png"; bbox 0 0 3210 5280; ppageno 0'>
   <div class='ocr_carea' id='block_1_1' title="bbox 317 191 1424 280">
    <p class='ocr_par' dir='ltr' id='par_1_1' title="bbox 317 191 1424 280">
     <span class='ocr_line' id='line_1_1' title="bbox 317 191 1424 280; baseline 0.003 -11"><span class='ocrx_word' id='word_1_1' title='bbox 317 203 366 269; x_wconf 86' lang='lat' dir='ltr'><strong>IN</strong></span> <span class='ocrx_word' id='word_1_2' title='bbox 388 191 620 271; x_wconf 78' lang='lat' dir='ltr'><strong>ORAT.--t)tt</strong></span> <span class='ocrx_word' id='word_1_3' title='bbox 641 204 769 270; x_wconf 75' lang='lat' dir='ltr'><strong>Alitis</strong></span> <span class='ocrx_word' id='word_1_4' title='bbox 791 204 972 280; x_wconf 73' lang='lat' dir='ltr'><strong>ALIENO</strong></span> <span class='ocrx_word' id='word_1_5' title='bbox 1001 206 1215 273; x_wconf 84' lang='lat' dir='ltr'><strong>MILONIS.</strong></span> <span class='ocrx_word' id='word_1_6' title='bbox 1242 249 1244 253; x_wconf 29' lang='grc' dir='ltr'><strong><em>ι</em></strong></span> <span class='ocrx_word' id='word_1_7' title='bbox 1363 211 1424 274; x_wconf 73' lang='lat' dir='ltr'><strong>dii</strong></span> 
     </span>
    </p>
   </div>
   <div class='ocr_carea' id='block_1_2' title="bbox 182 342 555 423">
    <p class='ocr_par' dir='ltr' id='par_1_2' title="bbox 182 342 555 423">
     <span class='ocr_line' id='line_1_2' title="bbox 182 342 555 423; baseline 0.005 -2"><span class='ocrx_word' id='word_1_8' title='bbox 182 347 228 422; x_wconf 80' lang='lat' dir='ltr'><strong>V.</strong></span> <span class='ocrx_word' id='word_1_9' title='bbox 257 342 293 423; x_wconf 92' lang='grc'><strong>1.</strong></span> <span class='ocrx_word' id='word_1_10' title='bbox 321 403 331 422; x_wconf 93' lang='grc'><strong>.</strong></span> <span class='ocrx_word' id='word_1_11' title='bbox 360 403 370 422; x_wconf 94' lang='grc'><strong>.</strong></span> <span class='ocrx_word' id='word_1_12' title='bbox 399 402 409 423; x_wconf 90' lang='grc'><strong>.</strong></span> <span class='ocrx_word' id='word_1_13' title='bbox 438 358 555 423; x_wconf 87' lang='lat' dir='ltr'><strong>turae.</strong></span> 
     </span>
    </p>
   </div>
   <div class='ocr_carea' id='block_1_3' title="bbox 104 454 1479 680">
    <p class='ocr_par' dir='ltr' id='par_1_3' title="bbox 104 454 1479 680">
     <span class='ocr_line' id='line_1_3' title="bbox 180 454 1479 574; baseline 0.003 -30"><span class='ocrx_word' id='word_1_14' title='bbox 180 467 264 544; x_wconf 89' lang='lat' dir='ltr'><strong>Nisi</strong></span> <span class='ocrx_word' id='word_1_15' title='bbox 289 493 382 543; x_wconf 91' lang='lat' dir='ltr'><strong>vero</strong></span> <span class='ocrx_word' id='word_1_16' title='bbox 407 468 657 545; x_wconf 89' lang='lat' dir='ltr'><strong>liniamentis¹</strong></span> <span class='ocrx_word' id='word_1_17' title='bbox 676 454 845 546; x_wconf 36' lang='lat' dir='ltr'><strong>&#39;hominis</strong></span> <span class='ocrx_word' id='word_1_18' title='bbox 871 494 1005 544; x_wconf 89' lang='lat' dir='ltr'><strong>nomen</strong></span> <span class='ocrx_word' id='word_1_19' title='bbox 1033 480 1071 545; x_wconf 88' lang='lat' dir='ltr'><strong>et</strong></span> <span class='ocrx_word' id='word_1_20' title='bbox 1095 471 1223 573; x_wconf 86' lang='lat' dir='ltr'><strong>figuris</strong></span> <span class='ocrx_word' id='word_1_21' title='bbox 1248 475 1425 574; x_wconf 91' lang='lat' dir='ltr'><strong>positum,</strong></span> <span class='ocrx_word' id='word_1_22' title='bbox 1476 563 1479 569; x_wconf 19' lang='grc' dir='ltr'>ι</span> 
     </span>
     <span class='ocr_line' id='line_1_4' title="bbox 104 585 1416 680; baseline 0.005 -26"><span class='ocrx_word' id='word_1_23' title='bbox 104 605 179 655; x_wconf 90' lang='lat' dir='ltr'><strong>non</strong></span> <span class='ocrx_word' id='word_1_24' title='bbox 206 585 351 656; x_wconf 85' lang='lat' dir='ltr'><strong>naturis</strong></span> <span class='ocrx_word' id='word_1_25' title='bbox 377 592 498 680; x_wconf 89' lang='lat' dir='ltr'><strong>putas.</strong></span> <span class='ocrx_word' id='word_1_26' title='bbox 1412 588 1416 596; x_wconf 81' lang='grc'><strong>’</strong></span> 
     </span>
    </p>
   </div>
   <div class='ocr_carea' id='block_1_4' title="bbox 103 690 1450 879">
    <p class='ocr_par' dir='ltr' id='par_1_4' title="bbox 103 690 1450 879">
     <span class='ocr_line' id='line_1_5' title="bbox 186 690 1425 785; baseline 0.002 -21"><span class='ocrx_word' id='word_1_27' title='bbox 186 699 346 776; x_wconf 80' lang='lat' dir='ltr'><strong>Definit²,</strong></span> <span class='ocrx_word' id='word_1_28' title='bbox 385 699 518 763; x_wconf 86' lang='lat' dir='ltr'><strong>hominis</strong></span> <span class='ocrx_word' id='word_1_29' title='bbox 555 699 784 785; x_wconf 75' lang='lat' dir='ltr'><strong>proprietatem</strong></span> <span class='ocrx_word' id='word_1_30' title='bbox 817 714 881 763; x_wconf 84' lang='lat' dir='ltr'><strong>non</strong></span> <span class='ocrx_word' id='word_1_31' title='bbox 907 690 1101 763; x_wconf 65' lang='lat' dir='ltr'><strong>vliniamentis</strong></span> <span class='ocrx_word' id='word_1_32' title='bbox 1134 721 1329 785; x_wconf 80' lang='lat' dir='ltr'><strong>corporum,</strong></span> <span class='ocrx_word' id='word_1_33' title='bbox 1369 706 1425 768; x_wconf 88' lang='lat' dir='ltr'><strong>sed</strong></span> 
     </span>
     <span class='ocr_line' id='line_1_6' title="bbox 103 791 1450 879; baseline 0.006 -24"><span class='ocrx_word' id='word_1_34' title='bbox 103 791 279 856; x_wconf 85' lang='lat' dir='ltr'><strong>animorum</strong></span> <span class='ocrx_word' id='word_1_35' title='bbox 301 794 505 879; x_wconf 87' lang='lat' dir='ltr'><strong>qualitatihus</strong></span> <span class='ocrx_word' id='word_1_36' title='bbox 528 794 763 858; x_wconf 79' lang='lat' dir='ltr'><strong>aestimandam.</strong></span> <span class='ocrx_word' id='word_1_37' title='bbox 1435 813 1450 863; x_wconf 84' lang='lat'><em>5</em></span> 
     </span>
    </p>
   </div>
   <div class='ocr_carea' id='block_1_5' title="bbox 104 912 1425 1130">
    <p class='ocr_par' dir='ltr' id='par_1_5' title="bbox 104 912 1425 1130">
     <span class='ocr_line' id='line_1_7' title="bbox 178 912 1425 1020; baseline 0.004 -31"><span class='ocrx_word' id='word_1_38' title='bbox 178 912 215 991; x_wconf 74' lang='lat'><strong>2.</strong></span> <span class='ocrx_word' id='word_1_39' title='bbox 245 917 339 991; x_wconf 86' lang='lat' dir='ltr'><strong>Tum</strong></span> <span class='ocrx_word' id='word_1_40' title='bbox 359 916 519 992; x_wconf 87' lang='lat' dir='ltr'><strong>habuisti</strong></span> <span class='ocrx_word' id='word_1_41' title='bbox 539 919 715 1019; x_wconf 86' lang='lat' dir='ltr'><strong>quasdam</strong></span> <span class='ocrx_word' id='word_1_42' title='bbox 741 918 982 1015; x_wconf 85' lang='lat' dir='ltr'><strong>formidines,</strong></span> <span class='ocrx_word' id='word_1_43' title='bbox 1009 915 1133 1018; x_wconf 77' lang='lat' dir='ltr'><strong>qaas³</strong></span> <span class='ocrx_word' id='word_1_44' title='bbox 1159 923 1267 1020; x_wconf 87' lang='lat' dir='ltr'><strong>qnasi</strong></span> <span class='ocrx_word' id='word_1_45' title='bbox 1285 945 1425 995; x_wconf 88' lang='lat' dir='ltr'><strong>cornua</strong></span> 
     </span>
     <span class='ocr_line' id='line_1_8' title="bbox 104 1030 716 1130; baseline 0.008 -30"><span class='ocrx_word' id='word_1_46' title='bbox 104 1030 282 1129; x_wconf 82' lang='lat' dir='ltr'><strong>quaedam</strong></span> <span class='ocrx_word' id='word_1_47' title='bbox 310 1031 530 1104; x_wconf 81' lang='lat' dir='ltr'><strong>exciderunt</strong></span> <span class='ocrx_word' id='word_1_48' title='bbox 555 1032 716 1130; x_wconf 88' lang='lat' dir='ltr'><strong>impleta.</strong></span> 
     </span>
    </p>
   </div>
   <div class='ocr_carea' id='block_1_6' title="bbox 100 1145 1467 1512">
    <p class='ocr_par' dir='ltr' id='par_1_6' title="bbox 100 1145 1467 1512">
     <span class='ocr_line' id='line_1_9' title="bbox 187 1145 1424 1234; baseline 0.002 -25"><span class='ocrx_word' id='word_1_49' title='bbox 187 1146 278 1227; x_wconf 76' lang='lat' dir='ltr'><strong>Quane</strong></span> <span class='ocrx_word' id='word_1_50' title='bbox 300 1148 342 1211; x_wconf 90' lang='grc' dir='ltr'><strong>Ρ.</strong></span> <span class='ocrx_word' id='word_1_51' title='bbox 359 1145 478 1212; x_wconf 91' lang='lat' dir='ltr'><strong>Clodio</strong></span> <span class='ocrx_word' id='word_1_52' title='bbox 495 1151 535 1213; x_wconf 89' lang='lat' dir='ltr'><strong>ad</strong></span> <span class='ocrx_word' id='word_1_53' title='bbox 548 1148 637 1212; x_wconf 83' lang='lat' dir='ltr'><strong>serae</strong></span> <span class='ocrx_word' id='word_1_54' title='bbox 652 1147 782 1213; x_wconf 85' lang='lat' dir='ltr'><strong>alicuius</strong></span> <span class='ocrx_word' id='word_1_55' title='bbox 797 1160 829 1213; x_wconf 90' lang='lat' dir='ltr'><strong>et</strong></span> <span class='ocrx_word' id='word_1_56' title='bbox 848 1148 962 1212; x_wconf 87' lang='lat' dir='ltr'><strong>beluas</strong></span> <span class='ocrx_word' id='word_1_57' title='bbox 976 1146 1206 1213; x_wconf 82' lang='lat' dir='ltr'><strong>eiroilitudincm</strong></span> <span class='ocrx_word' id='word_1_58' title='bbox 1223 1148 1424 1234; x_wconf 56' lang='lat' dir='ltr'><strong>adseripeiv,</strong></span> 
     </span>
     <span class='ocr_line' id='line_1_10' title="bbox 102 1239 1424 1327; baseline 0.005 -25"><span class='ocrx_word' id='word_1_59' title='bbox 102 1239 194 1303; x_wconf 89' lang='lat' dir='ltr'><strong>etiam</strong></span> <span class='ocrx_word' id='word_1_60' title='bbox 224 1243 286 1305; x_wconf 90' lang='lat' dir='ltr'><strong>hoc</strong></span> <span class='ocrx_word' id='word_1_61' title='bbox 314 1241 346 1302; x_wconf 95' lang='lat' dir='ltr'><strong>in</strong></span> <span class='ocrx_word' id='word_1_62' title='bbox 376 1241 462 1304; x_wconf 87' lang='lat' dir='ltr'><strong>exitu</strong></span> <span class='ocrx_word' id='word_1_63' title='bbox 494 1243 602 1324; x_wconf 88' lang='lat' dir='ltr'><strong>poenit</strong></span> <span class='ocrx_word' id='word_1_64' title='bbox 623 1263 742 1324; x_wconf 73' lang='lat' dir='ltr'><strong>cornua</strong></span> <span class='ocrx_word' id='word_1_65' title='bbox 776 1242 839 1318; x_wconf 92' lang='lat' dir='ltr'><strong>illi,</strong></span> <span class='ocrx_word' id='word_1_66' title='bbox 875 1263 957 1326; x_wconf 87' lang='lat' dir='ltr'><strong>quas</strong></span> <span class='ocrx_word' id='word_1_67' title='bbox 979 1242 1126 1306; x_wconf 85' lang='lat' dir='ltr'><strong>hahuisse</strong></span> <span class='ocrx_word' id='word_1_68' title='bbox 1149 1248 1306 1327; x_wconf 90' lang='lat' dir='ltr'><strong>quondam</strong></span> <span class='ocrx_word' id='word_1_69' title='bbox 1337 1242 1424 1308; x_wconf 80' lang='lat' dir='ltr'><strong>side·</strong></span> 
     </span>
     <span class='ocr_line' id='line_1_11' title="bbox 101 1334 1467 1423; baseline 0.006 -27"><span class='ocrx_word' id='word_1_70' title='bbox 101 1336 218 1410; x_wconf 85' lang='lat' dir='ltr'><strong>hatur,</strong></span> <span class='ocrx_word' id='word_1_71' title='bbox 242 1356 324 1395; x_wconf 87' lang='lat' dir='ltr'><strong>nuno</strong></span> <span class='ocrx_word' id='word_1_72' title='bbox 347 1356 416 1398; x_wconf 84' lang='lat' dir='ltr'><strong>esse</strong></span> <span class='ocrx_word' id='word_1_73' title='bbox 438 1336 578 1417; x_wconf 83' lang='lat' dir='ltr'><strong>dilapsa:</strong></span> <span class='ocrx_word' id='word_1_74' title='bbox 616 1335 817 1398; x_wconf 74' lang='lat' dir='ltr'><strong>ninimirum</strong></span> <span class='ocrx_word' id='word_1_75' title='bbox 840 1357 951 1399; x_wconf 85' lang='lat' dir='ltr'><strong>sensus</strong></span> <span class='ocrx_word' id='word_1_76' title='bbox 975 1334 1029 1398; x_wconf 90' lang='lat' dir='ltr'><strong>ille</strong></span> <span class='ocrx_word' id='word_1_77' title='bbox 1051 1335 1112 1413; x_wconf 89' lang='lat' dir='ltr'><strong>sit,</strong></span> <span class='ocrx_word' id='word_1_78' title='bbox 1144 1339 1241 1423; x_wconf 84' lang='lat' dir='ltr'><strong>magis</strong></span> <span class='ocrx_word' id='word_1_79' title='bbox 1263 1339 1323 1400; x_wconf 87' lang='lat' dir='ltr'><strong>iam</strong></span> <span class='ocrx_word' id='word_1_80' title='bbox 1346 1356 1467 1404; x_wconf 83' lang='lat' dir='ltr'><strong>con-tt</strong></span> 
     </span>
     <span class='ocr_line' id='line_1_12' title="bbox 100 1426 637 1512; baseline 0.002 -21"><span class='ocrx_word' id='word_1_81' title='bbox 100 1427 198 1491; x_wconf 85' lang='lat' dir='ltr'><strong>temni</strong></span> <span class='ocrx_word' id='word_1_82' title='bbox 221 1426 370 1494; x_wconf 88' lang='lat' dir='ltr'><strong>Clodium</strong></span> <span class='ocrx_word' id='word_1_83' title='bbox 395 1450 486 1512; x_wconf 90' lang='lat' dir='ltr'><strong>quam</strong></span> <span class='ocrx_word' id='word_1_84' title='bbox 510 1428 637 1495; x_wconf 65' lang='lat' dir='ltr'><strong>timeri.</strong></span> 
     </span>
    </p>
   </div>
   <div class='ocr_carea' id='block_1_7' title="bbox 99 1545 1423 1741">
    <p class='ocr_par' dir='ltr' id='par_1_7' title="bbox 99 1545 1423 1741">
     <span class='ocr_line' id='line_1_13' title="bbox 175 1545 1423 1651; baseline 0.003 -27"><span class='ocrx_word' id='word_1_85' title='bbox 175 1545 212 1625; x_wconf 83' lang='lat'><strong>3.</strong></span> <span class='ocrx_word' id='word_1_86' title='bbox 239 1551 325 1627; x_wconf 85' lang='lat' dir='ltr'><strong>Non</strong></span> <span class='ocrx_word' id='word_1_87' title='bbox 353 1555 448 1626; x_wconf 84' lang='lat' dir='ltr'><strong>enim</strong></span> <span class='ocrx_word' id='word_1_88' title='bbox 477 1553 668 1650; x_wconf 88' lang='lat' dir='ltr'><strong>viderunt,</strong></span> <span class='ocrx_word' id='word_1_89' title='bbox 695 1577 790 1651; x_wconf 91' lang='lat' dir='ltr'><strong>quos</strong></span> <span class='ocrx_word' id='word_1_90' title='bbox 816 1555 890 1651; x_wconf 90' lang='lat' dir='ltr'><strong>ipsi</strong></span> <span class='ocrx_word' id='word_1_91' title='bbox 918 1555 1184 1651; x_wconf 82' lang='lat' dir='ltr'><strong>exturbarant,</strong></span> <span class='ocrx_word' id='word_1_92' title='bbox 1218 1579 1283 1629; x_wconf 87' lang='lat' dir='ltr'><strong>eos</strong></span> <span class='ocrx_word' id='word_1_93' title='bbox 1309 1558 1346 1627; x_wconf 93' lang='lat' dir='ltr'><strong>in</strong></span> <span class='ocrx_word' id='word_1_94' title='bbox 1375 1557 1423 1628; x_wconf 88' lang='lat' dir='ltr'><strong>ci·</strong></span> 
     </span>
     <span class='ocr_line' id='line_1_14' title="bbox 99 1665 485 1741; baseline 0 -2"><span class='ocrx_word' id='word_1_95' title='bbox 99 1665 251 1739; x_wconf 80' lang='lat' dir='ltr'><strong>vitatem</strong></span> <span class='ocrx_word' id='word_1_96' title='bbox 277 1670 485 1741; x_wconf 88' lang='lat' dir='ltr'><strong>restitutos.</strong></span> 
     </span>
    </p>
   </div>
   <div class='ocr_carea' id='block_1_8' title="bbox 99 1780 1522 2336">
    <p class='ocr_par' dir='ltr' id='par_1_8' title="bbox 99 1780 1522 2336">
     <span class='ocr_line' id='line_1_15' title="bbox 186 1780 1425 1868; baseline -0.001 -21"><span class='ocrx_word' id='word_1_97' title='bbox 186 1781 228 1847; x_wconf 86' lang='lat' dir='ltr'><strong>C.</strong></span> <span class='ocrx_word' id='word_1_98' title='bbox 252 1783 393 1847; x_wconf 80' lang='lat' dir='ltr'><strong>Gracchi</strong></span> <span class='ocrx_word' id='word_1_99' title='bbox 415 1796 446 1846; x_wconf 91' lang='lat' dir='ltr'><strong>et</strong></span> <span class='ocrx_word' id='word_1_100' title='bbox 469 1780 632 1847; x_wconf 89' lang='lat' dir='ltr'><strong>Saturnini</strong></span> <span class='ocrx_word' id='word_1_101' title='bbox 654 1784 797 1865; x_wconf 84' lang='lat' dir='ltr'><strong>exempla</strong></span> <span class='ocrx_word' id='word_1_102' title='bbox 820 1780 988 1859; x_wconf 87' lang='lat' dir='ltr'><strong>intulerat,</strong></span> <span class='ocrx_word' id='word_1_103' title='bbox 1013 1803 1148 1868; x_wconf 87' lang='lat' dir='ltr'><strong>quorum</strong></span> <span class='ocrx_word' id='word_1_104' title='bbox 1173 1785 1253 1847; x_wconf 88' lang='lat' dir='ltr'><strong>alter</strong></span> <span class='ocrx_word' id='word_1_105' title='bbox 1267 1785 1297 1847; x_wconf 91' lang='lat' dir='ltr'><strong>in</strong></span> <span class='ocrx_word' id='word_1_106' title='bbox 1315 1788 1425 1849; x_wconf 87' lang='lat' dir='ltr'><strong>Aven-</strong></span> 
     </span>
     <span class='ocr_line' id='line_1_16' title="bbox 99 1875 1466 1960; baseline 0.001 -20"><span class='ocrx_word' id='word_1_107' title='bbox 99 1875 187 1941; x_wconf 87' lang='lat' dir='ltr'><strong>tino⁵</strong></span> <span class='ocrx_word' id='word_1_108' title='bbox 218 1876 403 1941; x_wconf 83' lang='lat' dir='ltr'><strong>interiectus</strong></span> <span class='ocrx_word' id='word_1_109' title='bbox 426 1888 492 1952; x_wconf 86' lang='lat' dir='ltr'><strong>eet,</strong></span> <span class='ocrx_word' id='word_1_110' title='bbox 528 1877 610 1939; x_wconf 87' lang='lat' dir='ltr'><strong>alter</strong></span> <span class='ocrx_word' id='word_1_111' title='bbox 642 1875 808 1959; x_wconf 87' lang='lat' dir='ltr'><strong>Capitolio</strong></span> <span class='ocrx_word' id='word_1_112' title='bbox 835 1878 987 1941; x_wconf 83' lang='lat' dir='ltr'><strong>deductus</strong></span> <span class='ocrx_word' id='word_1_113' title='bbox 1013 1899 1085 1938; x_wconf 91' lang='lat' dir='ltr'><strong>cum</strong></span> <span class='ocrx_word' id='word_1_114' title='bbox 1113 1877 1245 1940; x_wconf 83' lang='lat' dir='ltr'><strong>Glaucia</strong></span> <span class='ocrx_word' id='word_1_115' title='bbox 1273 1892 1466 1960; x_wconf 76' lang='lat' dir='ltr'><strong>praetereas</strong></span> 
     </span>
     <span class='ocr_line' id='line_1_17' title="bbox 100 1967 1522 2055; baseline 0.002 -22"><span class='ocrx_word' id='word_1_116' title='bbox 100 1969 274 2055; x_wconf 83' lang='lat' dir='ltr'><strong>iugulatus.</strong></span> <span class='ocrx_word' id='word_1_117' title='bbox 331 1972 413 2036; x_wconf 83' lang='lat' dir='ltr'><strong>Post</strong></span> <span class='ocrx_word' id='word_1_118' title='bbox 446 1991 581 2054; x_wconf 87' lang='lat' dir='ltr'><strong>quorum</strong></span> <span class='ocrx_word' id='word_1_119' title='bbox 612 1991 720 2034; x_wconf 89' lang='lat' dir='ltr'><strong>necem</strong></span> <span class='ocrx_word' id='word_1_120' title='bbox 750 1969 916 2033; x_wconf 85' lang='lat' dir='ltr'><strong>restitutos</strong></span> <span class='ocrx_word' id='word_1_121' title='bbox 943 1968 976 2031; x_wconf 92' lang='lat' dir='ltr'><strong>in</strong></span> <span class='ocrx_word' id='word_1_122' title='bbox 1007 1970 1165 2033; x_wconf 86' lang='lat' dir='ltr'><strong>civitatem</strong></span> <span class='ocrx_word' id='word_1_123' title='bbox 1195 1970 1352 2055; x_wconf 81' lang='lat' dir='ltr'><strong>significat</strong></span> <span class='ocrx_word' id='word_1_124' title='bbox 1381 1973 1424 2036; x_wconf 85' lang='lat' dir='ltr'><strong>P.</strong></span> <span class='ocrx_word' id='word_1_125' title='bbox 1516 1967 1522 1979; x_wconf 81' lang='lat'>&#39;</span> 
     </span>
     <span class='ocr_line' id='line_1_18' title="bbox 101 2062 1425 2150; baseline -0.001 -22"><span class='ocrx_word' id='word_1_126' title='bbox 101 2064 286 2146; x_wconf 89' lang='lat' dir='ltr'><strong>Popilium,</strong></span> <span class='ocrx_word' id='word_1_127' title='bbox 310 2065 364 2149; x_wconf 77' lang='lat' dir='ltr'><strong>quui</strong></span> <span class='ocrx_word' id='word_1_128' title='bbox 390 2062 540 2129; x_wconf 84' lang='lat' dir='ltr'><strong>Graccho</strong></span> <span class='ocrx_word' id='word_1_129' title='bbox 563 2075 719 2140; x_wconf 79' lang='lat' dir='ltr'><strong>cesserat,</strong></span> <span class='ocrx_word' id='word_1_130' title='bbox 744 2063 841 2143; x_wconf 87' lang='lat' dir='ltr'><strong>etQ.</strong></span> <span class='ocrx_word' id='word_1_131' title='bbox 868 2063 1035 2126; x_wconf 84' lang='lat' dir='ltr'><strong>Metellum</strong></span> <span class='ocrx_word' id='word_1_132' title='bbox 1058 2063 1279 2137; x_wconf 86' lang='lat' dir='ltr'><strong>Numidicum,</strong></span> <span class='ocrx_word' id='word_1_133' title='bbox 1313 2064 1368 2150; x_wconf 89' lang='lat' dir='ltr'><strong>qui</strong></span> <span class='ocrx_word' id='word_1_134' title='bbox 1391 2076 1425 2127; x_wconf 89' lang='lat' dir='ltr'><strong>nt</strong></span> 
     </span>
     <span class='ocr_line' id='line_1_19' title="bbox 102 2156 1424 2242; baseline -0.001 -21"><span class='ocrx_word' id='word_1_135' title='bbox 102 2156 286 2221; x_wconf 87' lang='lat' dir='ltr'><strong>violentiam</strong></span> <span class='ocrx_word' id='word_1_136' title='bbox 313 2161 355 2221; x_wconf 88' lang='lat' dir='ltr'><strong>L.</strong></span> <span class='ocrx_word' id='word_1_137' title='bbox 378 2158 530 2242; x_wconf 86' lang='lat' dir='ltr'><strong>Appuleii</strong></span> <span class='ocrx_word' id='word_1_138' title='bbox 551 2157 808 2242; x_wconf 78' lang='lat' dir='ltr'><strong>subterfugeret,</strong></span> <span class='ocrx_word' id='word_1_139' title='bbox 833 2156 1030 2219; x_wconf 81' lang='lat' dir='ltr'><strong>exulaverat.</strong></span> <span class='ocrx_word' id='word_1_140' title='bbox 1057 2156 1242 2221; x_wconf 81' lang='lat' dir='ltr'><strong>Gloriatur</strong></span> <span class='ocrx_word' id='word_1_141' title='bbox 1263 2178 1343 2242; x_wconf 82' lang='lat' dir='ltr'><strong>ergo</strong></span> <span class='ocrx_word' id='word_1_142' title='bbox 1364 2178 1424 2220; x_wconf 85' lang='lat' dir='ltr'><strong>suo</strong></span> 
     </span>
     <span class='ocr_line' id='line_1_20' title="bbox 103 2247 1149 2336; baseline 0.001 -23"><span class='ocrx_word' id='word_1_143' title='bbox 103 2249 247 2328; x_wconf 90' lang='lat' dir='ltr'><strong>nomine,</strong></span> <span class='ocrx_word' id='word_1_144' title='bbox 278 2254 366 2336; x_wconf 82' lang='lat' dir='ltr'><strong>qtuod</strong></span> <span class='ocrx_word' id='word_1_145' title='bbox 390 2252 515 2317; x_wconf 81' lang='lat' dir='ltr'><strong>virente</strong></span> <span class='ocrx_word' id='word_1_146' title='bbox 536 2251 663 2319; x_wconf 86' lang='lat' dir='ltr'><strong>inimico</strong></span> <span class='ocrx_word' id='word_1_147' title='bbox 685 2270 745 2314; x_wconf 85' lang='lat' dir='ltr'><strong>suo</strong></span> <span class='ocrx_word' id='word_1_148' title='bbox 768 2247 886 2314; x_wconf 87' lang='lat' dir='ltr'><strong>Clodio</strong></span> <span class='ocrx_word' id='word_1_149' title='bbox 908 2249 1073 2313; x_wconf 85' lang='lat' dir='ltr'><strong>restitutus</strong></span> <span class='ocrx_word' id='word_1_150' title='bbox 1095 2250 1149 2314; x_wconf 88' lang='lat' dir='ltr'><strong>sit.</strong></span> 
     </span>
    </p>
   </div>
   <div class='ocr_carea' id='block_1_9' title="bbox 103 2370 1467 2585">
    <p class='ocr_par' dir='ltr' id='par_1_9' title="bbox 103 2370 1467 2585">
     <span class='ocr_line' id='line_1_21' title="bbox 179 2370 1467 2477; baseline -0.005 -27"><span class='ocrx_word' id='word_1_151' title='bbox 179 2370 217 2450; x_wconf 82' lang='lat' dir='ltr'><strong>lt.</strong></span> <span class='ocrx_word' id='word_1_152' title='bbox 245 2375 317 2477; x_wconf 82' lang='lat' dir='ltr'><strong>Qui</strong></span> <span class='ocrx_word' id='word_1_153' title='bbox 344 2380 457 2450; x_wconf 83' lang='lat' dir='ltr'><strong>armis</strong></span> <span class='ocrx_word' id='word_1_154' title='bbox 484 2373 703 2452; x_wconf 85' lang='lat' dir='ltr'><strong>cessissem⁶</strong></span> <span class='ocrx_word' id='word_1_155' title='bbox 730 2374 792 2449; x_wconf 82' lang='lat' dir='ltr'><strong>vel</strong></span> <span class='ocrx_word' id='word_1_156' title='bbox 817 2375 891 2449; x_wconf 87' lang='lat' dir='ltr'><strong>tuis</strong></span> <span class='ocrx_word' id='word_1_157' title='bbox 918 2373 1100 2447; x_wconf 81' lang='lat' dir='ltr'><strong>urbanis⁷</strong></span> <span class='ocrx_word' id='word_1_158' title='bbox 1126 2375 1206 2471; x_wconf 85' lang='lat' dir='ltr'><strong>vel,</strong></span> <span class='ocrx_word' id='word_1_159' title='bbox 1232 2385 1273 2451; x_wconf 88' lang='lat' dir='ltr'><strong>ut</strong></span> <span class='ocrx_word' id='word_1_160' title='bbox 1299 2377 1467 2474; x_wconf 74' lang='lat' dir='ltr'><strong>opininio</strong></span> 
     </span>
     <span class='ocr_line' id='line_1_22' title="bbox 103 2490 1421 2585; baseline 0 -22"><span class='ocrx_word' id='word_1_161' title='bbox 103 2496 179 2563; x_wconf 86' lang='lat' dir='ltr'><strong>tum</strong></span> <span class='ocrx_word' id='word_1_162' title='bbox 208 2500 309 2585; x_wconf 87' lang='lat' dir='ltr'><strong>erat,</strong></span> <span class='ocrx_word' id='word_1_163' title='bbox 337 2490 479 2564; x_wconf 87' lang='lat' dir='ltr'><strong>alienis.</strong></span> <span class='ocrx_word' id='word_1_164' title='bbox 1418 2490 1421 2495; x_wconf 77' lang='grc'><strong>’</strong></span> 
     </span>
    </p>
   </div>
   <div class='ocr_carea' id='block_1_10' title="bbox 104 2603 1468 2972">
    <p class='ocr_par' dir='ltr' id='par_1_10' title="bbox 104 2603 1468 2972">
     <span class='ocr_line' id='line_1_23' title="bbox 190 2603 1425 2691; baseline 0.002 -21"><span class='ocrx_word' id='word_1_165' title='bbox 190 2608 360 2671; x_wconf 87' lang='lat' dir='ltr'><strong>Acerbitas</strong></span> <span class='ocrx_word' id='word_1_166' title='bbox 393 2619 441 2671; x_wconf 85' lang='lat' dir='ltr'><strong>eet</strong></span> <span class='ocrx_word' id='word_1_167' title='bbox 474 2606 658 2691; x_wconf 81' lang='lat' dir='ltr'><strong>qrrerellae⁸</strong></span> <span class='ocrx_word' id='word_1_168' title='bbox 696 2619 742 2669; x_wconf 88' lang='grc'><strong>.“.</strong></span> <span class='ocrx_word' id='word_1_169' title='bbox 768 2648 777 2669; x_wconf 84' lang='grc'><strong>.</strong></span> <span class='ocrx_word' id='word_1_170' title='bbox 805 2603 953 2669; x_wconf 80' lang='lat' dir='ltr'><strong>invidiam</strong></span> <span class='ocrx_word' id='word_1_171' title='bbox 988 2648 998 2669; x_wconf 85' lang='lat'><strong>.</strong></span> <span class='ocrx_word' id='word_1_172' title='bbox 1023 2604 1205 2669; x_wconf 89' lang='lat' dir='ltr'><strong>..iamdiu</strong></span> <span class='ocrx_word' id='word_1_173' title='bbox 1235 2650 1246 2670; x_wconf 85' lang='lat'><strong>.</strong></span> <span class='ocrx_word' id='word_1_174' title='bbox 1271 2649 1282 2671; x_wconf 88' lang='lat'><strong>.</strong></span> <span class='ocrx_word' id='word_1_175' title='bbox 1305 2650 1315 2670; x_wconf 88' lang='lat'><strong>.</strong></span> <span class='ocrx_word' id='word_1_176' title='bbox 1338 2606 1425 2672; x_wconf 90' lang='lat' dir='ltr'><strong>Milo</strong></span> 
     </span>
     <span class='ocr_line' id='line_1_24' title="bbox 105 2698 1426 2784; baseline 0 -21"><span class='ocrx_word' id='word_1_177' title='bbox 105 2741 116 2763; x_wconf 96' lang='grc'><strong>.</strong></span> <span class='ocrx_word' id='word_1_178' title='bbox 142 2742 151 2763; x_wconf 93' lang='grc'><strong>.</strong></span> <span class='ocrx_word' id='word_1_179' title='bbox 175 2721 232 2762; x_wconf 90' lang='lat' dir='ltr'><strong>ana</strong></span> <span class='ocrx_word' id='word_1_180' title='bbox 259 2743 268 2762; x_wconf 89' lang='lat'><strong>.</strong></span> <span class='ocrx_word' id='word_1_181' title='bbox 294 2743 303 2763; x_wconf 99' lang='lat'><strong>.</strong></span> <span class='ocrx_word' id='word_1_182' title='bbox 329 2743 339 2764; x_wconf 86' lang='lat'><strong>.</strong></span> <span class='ocrx_word' id='word_1_183' title='bbox 362 2699 536 2764; x_wconf 87' lang='lat' dir='ltr'><strong>memoria⁹</strong></span> <span class='ocrx_word' id='word_1_184' title='bbox 568 2743 578 2762; x_wconf 91' lang='lat'><strong>.</strong></span> <span class='ocrx_word' id='word_1_185' title='bbox 604 2742 613 2763; x_wconf 91' lang='lat'><strong>.</strong></span> <span class='ocrx_word' id='word_1_186' title='bbox 636 2698 793 2762; x_wconf 83' lang='lat' dir='ltr'><strong>infirmior</strong></span> <span class='ocrx_word' id='word_1_187' title='bbox 821 2698 899 2762; x_wconf 85' lang='lat' dir='ltr'><strong>tides</strong></span> <span class='ocrx_word' id='word_1_188' title='bbox 926 2698 1148 2762; x_wconf 83' lang='lat' dir='ltr'><strong>reconciliatae</strong></span> <span class='ocrx_word' id='word_1_189' title='bbox 1177 2698 1312 2784; x_wconf 83' lang='lat' dir='ltr'><strong>gratiae.</strong></span> <span class='ocrx_word' id='word_1_190' title='bbox 1362 2702 1426 2763; x_wconf 88' lang='lat' dir='ltr'><strong>Sed</strong></span> 
     </span>
     <span class='ocr_line' id='line_1_25' title="bbox 104 2792 1425 2878; baseline 0 -23"><span class='ocrx_word' id='word_1_191' title='bbox 104 2793 158 2857; x_wconf 85' lang='lat' dir='ltr'><strong>hin</strong></span> <span class='ocrx_word' id='word_1_192' title='bbox 180 2794 321 2859; x_wconf 84' lang='lat' dir='ltr'><strong>oratorie</strong></span> <span class='ocrx_word' id='word_1_193' title='bbox 344 2794 454 2870; x_wconf 85' lang='lat' dir='ltr'><strong>valde,</strong></span> <span class='ocrx_word' id='word_1_194' title='bbox 488 2814 528 2857; x_wconf 90' lang='lat' dir='ltr'><strong>ne</strong></span> <span class='ocrx_word' id='word_1_195' title='bbox 557 2794 628 2878; x_wconf 90' lang='lat' dir='ltr'><strong>quis</strong></span> <span class='ocrx_word' id='word_1_196' title='bbox 650 2792 846 2855; x_wconf 81' lang='lat' dir='ltr'><strong>existimaret</strong></span> <span class='ocrx_word' id='word_1_197' title='bbox 867 2792 956 2876; x_wconf 84' lang='lat' dir='ltr'><strong>quasi</strong></span> <span class='ocrx_word' id='word_1_198' title='bbox 983 2795 1100 2856; x_wconf 90' lang='lat' dir='ltr'><strong>bonum</strong></span> <span class='ocrx_word' id='word_1_199' title='bbox 1126 2793 1230 2858; x_wconf 78' lang='lat' dir='ltr'><strong>virtum</strong></span> <span class='ocrx_word' id='word_1_200' title='bbox 1256 2792 1425 2855; x_wconf 89' lang='lat' dir='ltr'><strong>iudicatum</strong></span> 
     </span>
     <span class='ocr_line' id='line_1_26' title="bbox 105 2882 1468 2972; baseline -0.001 -21"><span class='ocrx_word' id='word_1_201' title='bbox 105 2887 303 2970; x_wconf 87' lang='lat' dir='ltr'><strong>aPompeio</strong></span> <span class='ocrx_word' id='word_1_202' title='bbox 325 2909 421 2964; x_wconf 82' lang='lat' dir='ltr'><strong>eram,</strong></span> <span class='ocrx_word' id='word_1_203' title='bbox 455 2909 525 2951; x_wconf 91' lang='lat' dir='ltr'><strong>cum</strong></span> <span class='ocrx_word' id='word_1_204' title='bbox 556 2888 657 2972; x_wconf 85' lang='lat' dir='ltr'><strong>quo¹⁰</strong></span> <span class='ocrx_word' id='word_1_205' title='bbox 689 2906 841 2951; x_wconf 83' lang='lat' dir='ltr'><strong>exercere</strong></span> <span class='ocrx_word' id='word_1_206' title='bbox 871 2885 1000 2950; x_wconf 83' lang='lat' dir='ltr'><strong>desierit</strong></span> <span class='ocrx_word' id='word_1_207' title='bbox 1021 2885 1214 2960; x_wconf 85' lang='lat' dir='ltr'><strong>simultates,</strong></span> <span class='ocrx_word' id='word_1_208' title='bbox 1248 2882 1468 2970; x_wconf 73' lang='lat' dir='ltr'><strong>invigilavit²⁵</strong></span> 
     </span>
    </p>
   </div>
   <div class='ocr_carea' id='block_1_11' title="bbox 177 3109 1481 3732">
    <p class='ocr_par' dir='ltr' id='par_1_11' title="bbox 177 3109 1481 3732">
     <span class='ocr_line' id='line_1_27' title="bbox 177 3109 1428 3176; baseline -0.004 -15"><span class='ocrx_word' id='word_1_209' title='bbox 177 3113 202 3162; x_wconf 80' lang='grc' dir='ltr'><strong>ί.</strong></span> <span class='ocrx_word' id='word_1_210' title='bbox 221 3115 261 3161; x_wconf 79' lang='lat' dir='ltr'><strong>stc</strong></span> <span class='ocrx_word' id='word_1_211' title='bbox 280 3128 345 3160; x_wconf 84' lang='lat' dir='ltr'><strong>corr.</strong></span> <span class='ocrx_word' id='word_1_212' title='bbox 366 3113 397 3159; x_wconf 81' lang='lat' dir='ltr'><strong>li.</strong></span> <span class='ocrx_word' id='word_1_213' title='bbox 434 3113 528 3159; x_wconf 78' lang='lat' dir='ltr'><strong>Etenim</strong></span> <span class='ocrx_word' id='word_1_214' title='bbox 546 3112 629 3158; x_wconf 80' lang='lat' dir='ltr'><strong>Codes</strong></span> <span class='ocrx_word' id='word_1_215' title='bbox 647 3112 888 3158; x_wconf 82' lang='lat' dir='ltr'><strong>hahetla&#39;su&#39;omento.</strong></span> <span class='ocrx_word' id='word_1_216' title='bbox 925 3109 951 3156; x_wconf 81' lang='lat'><strong>2.</strong></span> <span class='ocrx_word' id='word_1_217' title='bbox 971 3113 1033 3157; x_wconf 77' lang='lat' dir='ltr'><strong>(iod.</strong></span> <span class='ocrx_word' id='word_1_218' title='bbox 1051 3110 1158 3176; x_wconf 77' lang='lat' dir='ltr'><strong>definiti.</strong></span> <span class='ocrx_word' id='word_1_219' title='bbox 1196 3114 1242 3158; x_wconf 87' lang='lat' dir='ltr'><strong>Sed</strong></span> <span class='ocrx_word' id='word_1_220' title='bbox 1260 3117 1325 3158; x_wconf 81' lang='lat' dir='ltr'><strong>reete</strong></span> <span class='ocrx_word' id='word_1_221' title='bbox 1340 3110 1428 3174; x_wconf 76' lang='lat' dir='ltr'><strong>definit</strong></span> 
     </span>
     <span class='ocr_line' id='line_1_28' title="bbox 244 3178 1426 3242; baseline -0.003 -12"><span class='ocrx_word' id='word_1_222' title='bbox 244 3183 275 3230; x_wconf 83' lang='lat' dir='ltr'><strong>ll.</strong></span> <span class='ocrx_word' id='word_1_223' title='bbox 314 3182 338 3232; x_wconf 82' lang='lat'><strong>3.</strong></span> <span class='ocrx_word' id='word_1_224' title='bbox 358 3183 473 3240; x_wconf 78' lang='lat' dir='ltr'><strong>Sapp&#39;evi</strong></span> <span class='ocrx_word' id='word_1_225' title='bbox 491 3198 564 3242; x_wconf 78' lang='lat' dir='ltr'><strong>pace.</strong></span> <span class='ocrx_word' id='word_1_226' title='bbox 600 3181 625 3227; x_wconf 79' lang='grc'><strong>4.</strong></span> <span class='ocrx_word' id='word_1_227' title='bbox 644 3183 705 3228; x_wconf 82' lang='lat' dir='ltr'><strong>Cod.</strong></span> <span class='ocrx_word' id='word_1_228' title='bbox 727 3197 775 3242; x_wconf 79' lang='lat' dir='ltr'><strong>quo</strong></span> <span class='ocrx_word' id='word_1_229' title='bbox 789 3180 818 3228; x_wconf 82' lang='grc' dir='ltr'><strong>Ρ.</strong></span> <span class='ocrx_word' id='word_1_230' title='bbox 833 3180 944 3227; x_wconf 78' lang='lat' dir='ltr'><strong>Clodium</strong></span> <span class='ocrx_word' id='word_1_231' title='bbox 962 3181 997 3226; x_wconf 87' lang='lat' dir='ltr'><strong>od</strong></span> <span class='ocrx_word' id='word_1_232' title='bbox 1006 3178 1067 3242; x_wconf 84' lang='lat' dir='ltr'><strong>sera</strong></span> <span class='ocrx_word' id='word_1_233' title='bbox 1085 3183 1196 3227; x_wconf 78' lang='lat' dir='ltr'><strong>alicuine</strong></span> <span class='ocrx_word' id='word_1_234' title='bbox 1214 3188 1238 3227; x_wconf 88' lang='lat' dir='ltr'><strong>at</strong></span> <span class='ocrx_word' id='word_1_235' title='bbox 1250 3182 1337 3227; x_wconf 77' lang='lat' dir='ltr'><strong>beluae</strong></span> <span class='ocrx_word' id='word_1_236' title='bbox 1353 3182 1426 3227; x_wconf 86' lang='lat' dir='ltr'><strong>sima&#39;-</strong></span> 
     </span>
     <span class='ocr_line' id='line_1_29' title="bbox 245 3251 1425 3310; baseline 0 -10"><span class='ocrx_word' id='word_1_237' title='bbox 245 3253 377 3300; x_wconf 75' lang='lat' dir='ltr'><strong>litudinem</strong></span> <span class='ocrx_word' id='word_1_238' title='bbox 395 3252 532 3299; x_wconf 83' lang='lat' dir='ltr'><strong>odacridsi.</strong></span> <span class='ocrx_word' id='word_1_239' title='bbox 579 3251 604 3298; x_wconf 76' lang='lat'><strong>5.</strong></span> <span class='ocrx_word' id='word_1_240' title='bbox 624 3253 706 3298; x_wconf 78' lang='lat' dir='ltr'><strong>Codex</strong></span> <span class='ocrx_word' id='word_1_241' title='bbox 727 3253 755 3297; x_wconf 78' lang='lat' dir='ltr'><strong>ira</strong></span> <span class='ocrx_word' id='word_1_242' title='bbox 773 3251 892 3297; x_wconf 75' lang='lat' dir='ltr'><strong>Adsento.</strong></span> <span class='ocrx_word' id='word_1_243' title='bbox 937 3252 968 3297; x_wconf 76' lang='lat' dir='ltr'><strong>Et</strong></span> <span class='ocrx_word' id='word_1_244' title='bbox 991 3254 1085 3310; x_wconf 84' lang='lat' dir='ltr'><strong>quidem</strong></span> <span class='ocrx_word' id='word_1_245' title='bbox 1109 3254 1180 3298; x_wconf 85' lang='lat' dir='ltr'><strong>etiam</strong></span> <span class='ocrx_word' id='word_1_246' title='bbox 1198 3253 1328 3306; x_wconf 77' lang='lat' dir='ltr'><strong>Dionysias</strong></span> <span class='ocrx_word' id='word_1_247' title='bbox 1348 3253 1425 3300; x_wconf 85' lang='lat' dir='ltr'><strong>llalie.</strong></span> 
     </span>
     <span class='ocr_line' id='line_1_30' title="bbox 242 3317 1426 3383; baseline -0.003 -14"><span class='ocrx_word' id='word_1_248' title='bbox 242 3327 325 3383; x_wconf 76' lang='lat' dir='ltr'><strong>Antiq.</strong></span> <span class='ocrx_word' id='word_1_249' title='bbox 344 3324 415 3369; x_wconf 82' lang='lat' dir='ltr'><strong>ltoso.</strong></span> <span class='ocrx_word' id='word_1_250' title='bbox 436 3323 479 3368; x_wconf 88' lang='lat' dir='ltr'><strong>lih.</strong></span> <span class='ocrx_word' id='word_1_251' title='bbox 499 3324 520 3369; x_wconf 87' lang='lat' dir='ltr'><strong>l.</strong></span> <span class='ocrx_word' id='word_1_252' title='bbox 540 3319 582 3370; x_wconf 80' lang='grc'><strong>79.</strong></span> <span class='ocrx_word' id='word_1_253' title='bbox 602 3327 625 3366; x_wconf 88' lang='lat' dir='ltr'><strong>et</strong></span> <span class='ocrx_word' id='word_1_254' title='bbox 643 3321 686 3367; x_wconf 75' lang='lat' dir='ltr'><strong>dl.</strong></span> <span class='ocrx_word' id='word_1_255' title='bbox 705 3322 790 3377; x_wconf 83' lang='lat' dir='ltr'><strong>habat,</strong></span> <span class='ocrx_word' id='word_1_256' title='bbox 810 3324 939 3367; x_wconf 85' lang='lat' dir='ltr'><strong>secundum</strong></span> <span class='ocrx_word' id='word_1_257' title='bbox 957 3324 1072 3380; x_wconf 85' lang='lat' dir='ltr'><strong>quosdam</strong></span> <span class='ocrx_word' id='word_1_258' title='bbox 1095 3323 1203 3377; x_wconf 82' lang='lat' dir='ltr'><strong>codices,</strong></span> <span class='ocrx_word' id='word_1_259' title='bbox 1222 3317 1364 3372; x_wconf 73' lang='lat' dir='ltr'><strong>Aala&#39;vuoa</strong></span> <span class='ocrx_word' id='word_1_260' title='bbox 1382 3335 1426 3377; x_wconf 89' lang='lat' dir='ltr'><strong>pro</strong></span> 
     </span>
     <span class='ocr_line' id='line_1_31' title="bbox 241 3384 1424 3445; baseline -0.005 -1"><span class='ocrx_word' id='word_1_261' title='bbox 241 3391 410 3445; x_wconf 61' lang='grc' dir='ltr'><strong>Αὐεντῖνον.</strong></span> <span class='ocrx_word' id='word_1_262' title='bbox 448 3390 473 3438; x_wconf 81' lang='grc'><strong>6.</strong></span> <span class='ocrx_word' id='word_1_263' title='bbox 493 3393 553 3439; x_wconf 77' lang='lat' dir='ltr'><strong>(iod.</strong></span> <span class='ocrx_word' id='word_1_264' title='bbox 572 3391 720 3438; x_wconf 82' lang='lat' dir='ltr'><strong>coesaisam.</strong></span> <span class='ocrx_word' id='word_1_265' title='bbox 759 3389 783 3438; x_wconf 90' lang='grc'><strong>7.</strong></span> <span class='ocrx_word' id='word_1_266' title='bbox 802 3392 886 3437; x_wconf 80' lang='lat' dir='ltr'><strong>Codex</strong></span> <span class='ocrx_word' id='word_1_267' title='bbox 903 3392 1026 3436; x_wconf 82' lang='lat' dir='ltr'><strong>videbatur</strong></span> <span class='ocrx_word' id='word_1_268' title='bbox 1047 3392 1135 3437; x_wconf 87' lang='lat' dir='ltr'><strong>hahere</strong></span> <span class='ocrx_word' id='word_1_269' title='bbox 1154 3384 1283 3437; x_wconf 82' lang='lat' dir='ltr'><strong>atmuuia.&#39;</strong></span> <span class='ocrx_word' id='word_1_270' title='bbox 1317 3389 1343 3436; x_wconf 81' lang='lat'><strong>8.</strong></span> <span class='ocrx_word' id='word_1_271' title='bbox 1363 3391 1424 3438; x_wconf 77' lang='lat' dir='ltr'><strong>Coi.</strong></span> 
     </span>
     <span class='ocr_line' id='line_1_32' title="bbox 243 3460 1426 3526; baseline -0.003 -17"><span class='ocrx_word' id='word_1_272' title='bbox 243 3465 397 3526; x_wconf 71' lang='lat' dir='ltr'><strong>quaerella.</strong></span> <span class='ocrx_word' id='word_1_273' title='bbox 436 3460 460 3510; x_wconf 79' lang='lat'><strong>⁹.</strong></span> <span class='ocrx_word' id='word_1_274' title='bbox 479 3463 621 3508; x_wconf 85' lang='lat' dir='ltr'><strong>Latercalus</strong></span> <span class='ocrx_word' id='word_1_275' title='bbox 644 3475 717 3518; x_wconf 83' lang='lat' dir='ltr'><strong>prope</strong></span> <span class='ocrx_word' id='word_1_276' title='bbox 740 3463 865 3506; x_wconf 83' lang='lat' dir='ltr'><strong>universas</strong></span> <span class='ocrx_word' id='word_1_277' title='bbox 885 3463 908 3507; x_wconf 90' lang='lat' dir='ltr'><strong>in</strong></span> <span class='ocrx_word' id='word_1_278' title='bbox 928 3461 966 3507; x_wconf 85' lang='lat' dir='ltr'><strong>his</strong></span> <span class='ocrx_word' id='word_1_279' title='bbox 986 3463 1079 3507; x_wconf 83' lang='lat' dir='ltr'><strong>lacunis</strong></span> <span class='ocrx_word' id='word_1_280' title='bbox 1098 3464 1223 3507; x_wconf 85' lang='lat' dir='ltr'><strong>desnarsue</strong></span> <span class='ocrx_word' id='word_1_281' title='bbox 1242 3466 1288 3507; x_wconf 88' lang='lat' dir='ltr'><strong>est.</strong></span> <span class='ocrx_word' id='word_1_282' title='bbox 1308 3485 1340 3496; x_wconf 90' lang='lat'><strong>-·</strong></span> <span class='ocrx_word' id='word_1_283' title='bbox 1359 3461 1426 3518; x_wconf 80' lang='lat' dir='ltr'><strong>Qaae</strong></span> 
     </span>
     <span class='ocr_line' id='line_1_33' title="bbox 246 3531 1481 3594; baseline -0.004 -15"><span class='ocrx_word' id='word_1_284' title='bbox 246 3539 325 3579; x_wconf 84' lang='lat' dir='ltr'><strong>antam</strong></span> <span class='ocrx_word' id='word_1_285' title='bbox 347 3538 492 3591; x_wconf 84' lang='lat' dir='ltr'><strong>sequuntur,</strong></span> <span class='ocrx_word' id='word_1_286' title='bbox 520 3547 549 3577; x_wconf 84' lang='lat' dir='ltr'><strong>ea</strong></span> <span class='ocrx_word' id='word_1_287' title='bbox 566 3532 697 3589; x_wconf 81' lang='lat' dir='ltr'><strong>respiciunt</strong></span> <span class='ocrx_word' id='word_1_288' title='bbox 715 3534 837 3588; x_wconf 84' lang='lat' dir='ltr'><strong>deperdita</strong></span> <span class='ocrx_word' id='word_1_289' title='bbox 858 3533 882 3578; x_wconf 85' lang='lat' dir='ltr'><strong>in</strong></span> <span class='ocrx_word' id='word_1_290' title='bbox 900 3531 966 3576; x_wconf 87' lang='lat' dir='ltr'><strong>hiatu</strong></span> <span class='ocrx_word' id='word_1_291' title='bbox 985 3533 1056 3578; x_wconf 80' lang='lat' dir='ltr'><strong>rerba</strong></span> <span class='ocrx_word' id='word_1_292' title='bbox 1082 3532 1223 3587; x_wconf 79' lang='lat' dir='ltr'><strong>Ciceronis,</strong></span> <span class='ocrx_word' id='word_1_293' title='bbox 1250 3532 1335 3589; x_wconf 86' lang='lat' dir='ltr'><strong>quibos</strong></span> <span class='ocrx_word' id='word_1_294' title='bbox 1354 3531 1426 3575; x_wconf 83' lang='lat' dir='ltr'><strong>Pom·</strong></span> <span class='ocrx_word' id='word_1_295' title='bbox 1475 3579 1481 3594; x_wconf 56' lang='lat'><strong>,</strong></span> 
     </span>
     <span class='ocr_line' id='line_1_34' title="bbox 244 3599 1427 3667; baseline -0.003 -18"><span class='ocrx_word' id='word_1_296' title='bbox 244 3605 323 3667; x_wconf 79' lang='lat' dir='ltr'><strong>pejum</strong></span> <span class='ocrx_word' id='word_1_297' title='bbox 349 3604 426 3647; x_wconf 81' lang='lat' dir='ltr'><strong>sirum</strong></span> <span class='ocrx_word' id='word_1_298' title='bbox 451 3602 614 3648; x_wconf 78' lang='lat' dir='ltr'><strong>cautissimam</strong></span> <span class='ocrx_word' id='word_1_299' title='bbox 637 3602 807 3659; x_wconf 77' lang='lat' dir='ltr'><strong>appellaverat.</strong></span> <span class='ocrx_word' id='word_1_300' title='bbox 833 3600 864 3648; x_wconf 79' lang='lat' dir='ltr'><strong>li.</strong></span> <span class='ocrx_word' id='word_1_301' title='bbox 904 3599 945 3648; x_wconf 81' lang='lat' dir='ltr'><strong>tt).</strong></span> <span class='ocrx_word' id='word_1_302' title='bbox 969 3601 1031 3650; x_wconf 86' lang='lat' dir='ltr'><strong>Cod.</strong></span> <span class='ocrx_word' id='word_1_303' title='bbox 1050 3602 1125 3662; x_wconf 75' lang='lat' dir='ltr'><strong>quasi</strong></span> <span class='ocrx_word' id='word_1_304' title='bbox 1147 3601 1209 3646; x_wconf 78' lang='lat' dir='ltr'><strong>hono</strong></span> <span class='ocrx_word' id='word_1_305' title='bbox 1227 3603 1281 3646; x_wconf 80' lang='lat' dir='ltr'><strong>siro</strong></span> <span class='ocrx_word' id='word_1_306' title='bbox 1298 3599 1427 3646; x_wconf 76' lang='lat' dir='ltr'><strong>indicasse</strong></span> 
     </span>
     <span class='ocr_line' id='line_1_35' title="bbox 245 3672 699 3732; baseline -0.007 -13"><span class='ocrx_word' id='word_1_307' title='bbox 245 3672 462 3732; x_wconf 78' lang='lat' dir='ltr'><strong>Pompeianarum</strong></span> <span class='ocrx_word' id='word_1_308' title='bbox 480 3685 527 3732; x_wconf 77' lang='lat' dir='ltr'><strong>pso</strong></span> <span class='ocrx_word' id='word_1_309' title='bbox 547 3677 594 3717; x_wconf 88' lang='lat' dir='ltr'><strong>est.</strong></span> <span class='ocrx_word' id='word_1_310' title='bbox 693 3693 699 3703; x_wconf 88' lang='lat'><strong>·</strong></span> 
     </span>
    </p>
   </div>
   <div class='ocr_carea' id='block_1_12' title="bbox 105 3787 1481 4853">
    <p class='ocr_par' dir='ltr' id='par_1_12' title="bbox 105 3787 1427 3938">
     <span class='ocr_line' id='line_1_36' title="bbox 197 3787 1427 3864; baseline -0.001 -17"><span class='ocrx_word' id='word_1_311' title='bbox 197 3794 225 3853; x_wconf 89' lang='grc'><strong>6.</strong></span> <span class='ocrx_word' id='word_1_312' title='bbox 246 3792 293 3848; x_wconf 82' lang='lat' dir='ltr'><strong>Sic</strong></span> <span class='ocrx_word' id='word_1_313' title='bbox 312 3794 415 3847; x_wconf 63' lang='lat' dir='ltr'><strong>fronto</strong></span> <span class='ocrx_word' id='word_1_314' title='bbox 434 3791 486 3864; x_wconf 81' lang='lat' dir='ltr'><strong>Ep.</strong></span> <span class='ocrx_word' id='word_1_315' title='bbox 507 3790 563 3845; x_wconf 74' lang='lat' dir='ltr'><strong>Ala.</strong></span> <span class='ocrx_word' id='word_1_316' title='bbox 584 3787 627 3844; x_wconf 87' lang='lat' dir='ltr'><strong>ed.</strong></span> <span class='ocrx_word' id='word_1_317' title='bbox 648 3793 727 3845; x_wconf 90' lang='lat' dir='ltr'><strong>itom.</strong></span> <span class='ocrx_word' id='word_1_318' title='bbox 748 3809 775 3863; x_wconf 85' lang='lat' dir='ltr'><strong>p.</strong></span> <span class='ocrx_word' id='word_1_319' title='bbox 796 3796 859 3847; x_wconf 85' lang='grc'><strong>212.</strong></span> <span class='ocrx_word' id='word_1_320' title='bbox 880 3795 971 3844; x_wconf 84' lang='lat' dir='ltr'><strong>activo</strong></span> <span class='ocrx_word' id='word_1_321' title='bbox 985 3808 1066 3845; x_wconf 83' lang='lat' dir='ltr'><strong>seusu</strong></span> <span class='ocrx_word' id='word_1_322' title='bbox 1080 3789 1202 3846; x_wconf 85' lang='lat' dir='ltr'><strong>Cerbero</strong></span> <span class='ocrx_word' id='word_1_323' title='bbox 1215 3795 1279 3845; x_wconf 84' lang='lat' dir='ltr'><strong>eant</strong></span> <span class='ocrx_word' id='word_1_324' title='bbox 1292 3788 1427 3846; x_wconf 82' lang='lat' dir='ltr'><strong>adscribit</strong></span> 
     </span>
     <span class='ocr_line' id='line_1_37' title="bbox 105 3864 1158 3938; baseline -0.005 -14"><span class='ocrx_word' id='word_1_325' title='bbox 105 3875 200 3925; x_wconf 76' lang='lat' dir='ltr'><strong>trinas</strong></span> <span class='ocrx_word' id='word_1_326' title='bbox 218 3869 341 3922; x_wconf 82' lang='lat' dir='ltr'><strong>dentiasm</strong></span> <span class='ocrx_word' id='word_1_327' title='bbox 357 3865 539 3935; x_wconf 74' lang='lat' dir='ltr'><strong>formidines.</strong></span> <span class='ocrx_word' id='word_1_328' title='bbox 576 3866 685 3919; x_wconf 84' lang='lat' dir='ltr'><strong>Videtis</strong></span> <span class='ocrx_word' id='word_1_329' title='bbox 704 3881 773 3938; x_wconf 82' lang='lat' dir='ltr'><strong>quae</strong></span> <span class='ocrx_word' id='word_1_330' title='bbox 792 3864 895 3920; x_wconf 87' lang='lat' dir='ltr'><strong>ibidem</strong></span> <span class='ocrx_word' id='word_1_331' title='bbox 915 3870 945 3919; x_wconf 88' lang='lat' dir='ltr'><strong>ln</strong></span> <span class='ocrx_word' id='word_1_332' title='bbox 964 3866 1071 3920; x_wconf 85' lang='lat' dir='ltr'><strong>scholio</strong></span> <span class='ocrx_word' id='word_1_333' title='bbox 1091 3865 1158 3919; x_wconf 81' lang='lat' dir='ltr'><strong>dlxi.</strong></span> 
     </span>
    </p>

    <p class='ocr_par' dir='ltr' id='par_1_13' title="bbox 106 3938 1427 4091">
     <span class='ocr_line' id='line_1_38' title="bbox 201 3938 1427 4009; baseline -0.007 -8"><span class='ocrx_word' id='word_1_334' title='bbox 201 3949 227 4002; x_wconf 88' lang='grc'><strong>7.</strong></span> <span class='ocrx_word' id='word_1_335' title='bbox 247 3945 329 3998; x_wconf 85' lang='lat' dir='ltr'><strong>Cervi</strong></span> <span class='ocrx_word' id='word_1_336' title='bbox 356 3941 540 3996; x_wconf 75' lang='lat' dir='ltr'><strong>similitudine</strong></span> <span class='ocrx_word' id='word_1_337' title='bbox 566 3945 654 3994; x_wconf 82' lang='lat' dir='ltr'><strong>utitur</strong></span> <span class='ocrx_word' id='word_1_338' title='bbox 679 3941 795 4009; x_wconf 84' lang='lat' dir='ltr'><strong>Cicero,</strong></span> <span class='ocrx_word' id='word_1_339' title='bbox 823 3945 868 3995; x_wconf 87' lang='lat' dir='ltr'><strong>cni</strong></span> <span class='ocrx_word' id='word_1_340' title='bbox 895 3941 947 3995; x_wconf 89' lang='lat' dir='ltr'><strong>soli</strong></span> <span class='ocrx_word' id='word_1_341' title='bbox 974 3947 1100 3996; x_wconf 88' lang='lat' dir='ltr'><strong>omnium</strong></span> <span class='ocrx_word' id='word_1_342' title='bbox 1129 3938 1292 3994; x_wconf 85' lang='lat' dir='ltr'><strong>animalium</strong></span> <span class='ocrx_word' id='word_1_343' title='bbox 1321 3955 1427 3993; x_wconf 86' lang='lat' dir='ltr'><strong>coruos</strong></span> 
     </span>
     <span class='ocr_line' id='line_1_39' title="bbox 106 4015 1028 4091; baseline -0.007 -17"><span class='ocrx_word' id='word_1_344' title='bbox 106 4018 257 4088; x_wconf 82' lang='lat' dir='ltr'><strong>excidunt,</strong></span> <span class='ocrx_word' id='word_1_345' title='bbox 275 4034 344 4091; x_wconf 86' lang='lat' dir='ltr'><strong>quae</strong></span> <span class='ocrx_word' id='word_1_346' title='bbox 363 4036 448 4071; x_wconf 87' lang='lat' dir='ltr'><strong>nnnrn</strong></span> <span class='ocrx_word' id='word_1_347' title='bbox 468 4035 501 4070; x_wconf 83' lang='lat' dir='ltr'><strong>ex</strong></span> <span class='ocrx_word' id='word_1_348' title='bbox 520 4015 652 4069; x_wconf 85' lang='lat' dir='ltr'><strong>omnihus</strong></span> <span class='ocrx_word' id='word_1_349' title='bbox 672 4016 753 4089; x_wconf 84' lang='lat' dir='ltr'><strong>plena</strong></span> <span class='ocrx_word' id='word_1_350' title='bbox 772 4016 866 4070; x_wconf 85' lang='lat' dir='ltr'><strong>hahet.</strong></span> <span class='ocrx_word' id='word_1_351' title='bbox 893 4018 1028 4071; x_wconf 80' lang='lat' dir='ltr'><strong>Nasauna.</strong></span> 
     </span>
    </p>

    <p class='ocr_par' dir='ltr' id='par_1_14' title="bbox 105 4092 1428 4394">
     <span class='ocr_line' id='line_1_40' title="bbox 183 4092 1427 4164; baseline -0.007 -12"><span class='ocrx_word' id='word_1_352' title='bbox 183 4101 228 4157; x_wconf 78' lang='lat'><strong>¹5·</strong></span> <span class='ocrx_word' id='word_1_353' title='bbox 249 4096 330 4147; x_wconf 89' lang='lat' dir='ltr'><strong>lluoc</strong></span> <span class='ocrx_word' id='word_1_354' title='bbox 349 4092 443 4147; x_wconf 87' lang='lat' dir='ltr'><strong>loonm</strong></span> <span class='ocrx_word' id='word_1_355' title='bbox 463 4093 623 4158; x_wconf 83' lang='lat' dir='ltr'><strong>Ciceronis,</strong></span> <span class='ocrx_word' id='word_1_356' title='bbox 650 4096 730 4146; x_wconf 87' lang='lat' dir='ltr'><strong>entus</strong></span> <span class='ocrx_word' id='word_1_357' title='bbox 756 4107 865 4147; x_wconf 85' lang='lat' dir='ltr'><strong>tantum</strong></span> <span class='ocrx_word' id='word_1_358' title='bbox 892 4093 1055 4164; x_wconf 85' lang='lat' dir='ltr'><strong>particulam</strong></span> <span class='ocrx_word' id='word_1_359' title='bbox 1082 4093 1200 4145; x_wconf 79' lang='lat' dir='ltr'><strong>serravit</strong></span> <span class='ocrx_word' id='word_1_360' title='bbox 1224 4105 1319 4154; x_wconf 83' lang='lat' dir='ltr'><strong>poster</strong></span> <span class='ocrx_word' id='word_1_361' title='bbox 1338 4094 1427 4145; x_wconf 73' lang='lat' dir='ltr'><strong>inam-</strong></span> 
     </span>
     <span class='ocr_line' id='line_1_41' title="bbox 105 4163 1428 4315; baseline -0.002 -18"><span class='ocrx_word' id='word_1_362' title='bbox 105 4166 661 4299; x_wconf 62' lang='lat' dir='ltr'><strong>astuti‘tltsb‘lhtilttt</strong></span> <span class='ocrx_word' id='word_1_363' title='bbox 680 4163 1428 4315; x_wconf 58' lang='lat' dir='ltr'><strong>lt.blithildis.”ll.it.::t²¹⁰..tl.l</strong></span> 
     </span>
     <span class='ocr_line' id='line_1_42' title="bbox 106 4315 1297 4394; baseline -0.005 -20"><span class='ocrx_word' id='word_1_364' title='bbox 106 4323 176 4375; x_wconf 84' lang='lat' dir='ltr'><strong>itero</strong></span> <span class='ocrx_word' id='word_1_365' title='bbox 195 4319 365 4394; x_wconf 74' lang='lat' dir='ltr'><strong>fragmento,</strong></span> <span class='ocrx_word' id='word_1_366' title='bbox 386 4317 459 4392; x_wconf 88' lang='lat' dir='ltr'><strong>quod</strong></span> <span class='ocrx_word' id='word_1_367' title='bbox 480 4318 572 4390; x_wconf 86' lang='lat' dir='ltr'><strong>paullo</strong></span> <span class='ocrx_word' id='word_1_368' title='bbox 591 4333 655 4371; x_wconf 83' lang='lat' dir='ltr'><strong>ante</strong></span> <span class='ocrx_word' id='word_1_369' title='bbox 674 4318 863 4385; x_wconf 84' lang='lat' dir='ltr'><strong>exhibuimus,</strong></span> <span class='ocrx_word' id='word_1_370' title='bbox 882 4317 916 4372; x_wconf 87' lang='lat' dir='ltr'><strong>de</strong></span> <span class='ocrx_word' id='word_1_371' title='bbox 936 4315 1035 4371; x_wconf 83' lang='lat' dir='ltr'><strong>Clodio</strong></span> <span class='ocrx_word' id='word_1_372' title='bbox 1054 4333 1069 4369; x_wconf 92' lang='lat' dir='ltr'><strong>a</strong></span> <span class='ocrx_word' id='word_1_373' title='bbox 1090 4321 1186 4391; x_wconf 82' lang='lat' dir='ltr'><strong>piratis</strong></span> <span class='ocrx_word' id='word_1_374' title='bbox 1205 4331 1297 4390; x_wconf 82' lang='lat' dir='ltr'><strong>capto.</strong></span> 
     </span>
    </p>

    <p class='ocr_par' dir='ltr' id='par_1_15' title="bbox 106 4382 1425 4541">
     <span class='ocr_line' id='line_1_43' title="bbox 182 4382 1425 4465; baseline -0.003 -16"><span class='ocrx_word' id='word_1_375' title='bbox 182 4401 229 4454; x_wconf 80' lang='lat'><strong>21.</strong></span> <span class='ocrx_word' id='word_1_376' title='bbox 250 4399 414 4460; x_wconf 79' lang='lat' dir='ltr'><strong>Caesarem,</strong></span> <span class='ocrx_word' id='word_1_377' title='bbox 432 4411 461 4446; x_wconf 82' lang='lat' dir='ltr'><strong>ut</strong></span> <span class='ocrx_word' id='word_1_378' title='bbox 481 4410 560 4457; x_wconf 87' lang='lat' dir='ltr'><strong>reor,</strong></span> <span class='ocrx_word' id='word_1_379' title='bbox 580 4392 685 4446; x_wconf 81' lang='lat' dir='ltr'><strong>iudicat</strong></span> <span class='ocrx_word' id='word_1_380' title='bbox 705 4393 832 4458; x_wconf 79' lang='lat' dir='ltr'><strong>Tullius,</strong></span> <span class='ocrx_word' id='word_1_381' title='bbox 852 4398 916 4465; x_wconf 85' lang='lat' dir='ltr'><strong>qui,</strong></span> <span class='ocrx_word' id='word_1_382' title='bbox 943 4408 973 4446; x_wconf 84' lang='lat' dir='ltr'><strong>ua</strong></span> <span class='ocrx_word' id='word_1_383' title='bbox 992 4407 1085 4448; x_wconf 83' lang='lat' dir='ltr'><strong>narrat</strong></span> <span class='ocrx_word' id='word_1_384' title='bbox 1106 4392 1269 4447; x_wconf 84' lang='lat' dir='ltr'><strong>Plutarchus</strong></span> <span class='ocrx_word' id='word_1_385' title='bbox 1290 4396 1318 4446; x_wconf 87' lang='lat' dir='ltr'><strong>tn</strong></span> <span class='ocrx_word' id='word_1_386' title='bbox 1338 4382 1425 4445; x_wconf 79' lang='lat' dir='ltr'><strong>Cice-</strong></span> 
     </span>
     <span class='ocr_line' id='line_1_44' title="bbox 106 4467 945 4541; baseline -0.002 -16"><span class='ocrx_word' id='word_1_387' title='bbox 106 4487 191 4537; x_wconf 84' lang='lat' dir='ltr'><strong>rone,</strong></span> <span class='ocrx_word' id='word_1_388' title='bbox 209 4469 338 4525; x_wconf 85' lang='lat' dir='ltr'><strong>Clodium</strong></span> <span class='ocrx_word' id='word_1_389' title='bbox 359 4468 550 4523; x_wconf 83' lang='lat' dir='ltr'><strong>corroboravit</strong></span> <span class='ocrx_word' id='word_1_390' title='bbox 571 4472 599 4522; x_wconf 91' lang='lat' dir='ltr'><strong>io</strong></span> <span class='ocrx_word' id='word_1_391' title='bbox 620 4469 754 4522; x_wconf 82' lang='lat' dir='ltr'><strong>Cicerone</strong></span> <span class='ocrx_word' id='word_1_392' title='bbox 774 4467 945 4541; x_wconf 79' lang='lat' dir='ltr'><strong>expellendo.</strong></span> 
     </span>
    </p>

    <p class='ocr_par' dir='ltr' id='par_1_16' title="bbox 106 4538 1481 4853">
     <span class='ocr_line' id='line_1_45' title="bbox 183 4538 1481 4614; baseline -0.008 -11"><span class='ocrx_word' id='word_1_393' title='bbox 183 4550 229 4604; x_wconf 78' lang='lat'><strong>25.</strong></span> <span class='ocrx_word' id='word_1_394' title='bbox 249 4549 318 4603; x_wconf 75' lang='lat' dir='ltr'><strong>acu</strong></span> <span class='ocrx_word' id='word_1_395' title='bbox 339 4563 380 4601; x_wconf 82' lang='lat' dir='ltr'><strong>eas</strong></span> <span class='ocrx_word' id='word_1_396' title='bbox 402 4549 468 4598; x_wconf 86' lang='lat' dir='ltr'><strong>baec</strong></span> <span class='ocrx_word' id='word_1_397' title='bbox 489 4558 571 4597; x_wconf 84' lang='lat' dir='ltr'><strong>causa</strong></span> <span class='ocrx_word' id='word_1_398' title='bbox 591 4543 625 4595; x_wconf 82' lang='lat' dir='ltr'><strong>de</strong></span> <span class='ocrx_word' id='word_1_399' title='bbox 643 4562 709 4596; x_wconf 83' lang='lat' dir='ltr'><strong>aere</strong></span> <span class='ocrx_word' id='word_1_400' title='bbox 727 4545 819 4596; x_wconf 75' lang='lat' dir='ltr'><strong>aliem</strong></span> <span class='ocrx_word' id='word_1_401' title='bbox 838 4544 957 4596; x_wconf 78' lang='lat' dir='ltr'><strong>Milonis</strong></span> <span class='ocrx_word' id='word_1_402' title='bbox 986 4547 1029 4610; x_wconf 85' lang='lat' dir='ltr'><strong>(ut</strong></span> <span class='ocrx_word' id='word_1_403' title='bbox 1050 4545 1106 4595; x_wconf 82' lang='lat' dir='ltr'><strong>diat</strong></span> <span class='ocrx_word' id='word_1_404' title='bbox 1129 4548 1157 4595; x_wconf 90' lang='lat' dir='ltr'><strong>in</strong></span> <span class='ocrx_word' id='word_1_405' title='bbox 1178 4545 1288 4614; x_wconf 81' lang='lat' dir='ltr'><strong>praeuio</strong></span> <span class='ocrx_word' id='word_1_406' title='bbox 1308 4544 1427 4610; x_wconf 87' lang='lat' dir='ltr'><strong>monito)</strong></span> <span class='ocrx_word' id='word_1_407' title='bbox 1468 4538 1481 4559; x_wconf 85' lang='lat'><strong><em>‘</em></strong></span> 
     </span>
     <span class='ocr_line' id='line_1_46' title="bbox 106 4617 1427 4696; baseline -0.005 -19"><span class='ocrx_word' id='word_1_408' title='bbox 106 4638 141 4677; x_wconf 89' lang='lat' dir='ltr'><strong>ao</strong></span> <span class='ocrx_word' id='word_1_409' title='bbox 160 4626 221 4696; x_wconf 87' lang='lat' dir='ltr'><strong>ipso</strong></span> <span class='ocrx_word' id='word_1_410' title='bbox 241 4637 330 4686; x_wconf 89' lang='lat' dir='ltr'><strong>anuo,</strong></span> <span class='ocrx_word' id='word_1_411' title='bbox 357 4638 412 4695; x_wconf 88' lang='lat' dir='ltr'><strong>quo</strong></span> <span class='ocrx_word' id='word_1_412' title='bbox 432 4618 546 4673; x_wconf 86' lang='lat' dir='ltr'><strong>Clodius</strong></span> <span class='ocrx_word' id='word_1_413' title='bbox 567 4617 665 4673; x_wconf 84' lang='lat' dir='ltr'><strong>deiude</strong></span> <span class='ocrx_word' id='word_1_414' title='bbox 685 4624 794 4673; x_wconf 87' lang='lat' dir='ltr'><strong>occisus</strong></span> <span class='ocrx_word' id='word_1_415' title='bbox 814 4635 867 4673; x_wconf 84' lang='lat' dir='ltr'><strong>eat.</strong></span> <span class='ocrx_word' id='word_1_416' title='bbox 906 4623 962 4674; x_wconf 86' lang='lat' dir='ltr'><strong>lam</strong></span> <span class='ocrx_word' id='word_1_417' title='bbox 983 4634 1046 4672; x_wconf 80' lang='lat' dir='ltr'><strong>sero</strong></span> <span class='ocrx_word' id='word_1_418' title='bbox 1067 4620 1229 4690; x_wconf 84' lang='lat' dir='ltr'><strong>Pompeium</strong></span> <span class='ocrx_word' id='word_1_419' title='bbox 1249 4636 1283 4672; x_wconf 92' lang='lat' dir='ltr'><strong>eo</strong></span> <span class='ocrx_word' id='word_1_420' title='bbox 1305 4633 1427 4688; x_wconf 84' lang='lat' dir='ltr'><strong>tempore</strong></span> 
     </span>
     <span class='ocr_line' id='line_1_47' title="bbox 106 4690 1428 4770; baseline -0.005 -17"><span class='ocrx_word' id='word_1_421' title='bbox 106 4713 164 4753; x_wconf 90' lang='lat' dir='ltr'><strong>non</strong></span> <span class='ocrx_word' id='word_1_422' title='bbox 185 4713 295 4770; x_wconf 85' lang='lat' dir='ltr'><strong>prorsus</strong></span> <span class='ocrx_word' id='word_1_423' title='bbox 314 4695 399 4752; x_wconf 87' lang='lat' dir='ltr'><strong>luisse</strong></span> <span class='ocrx_word' id='word_1_424' title='bbox 419 4700 514 4749; x_wconf 85' lang='lat' dir='ltr'><strong>animo</strong></span> <span class='ocrx_word' id='word_1_425' title='bbox 533 4693 624 4750; x_wconf 83' lang='lat' dir='ltr'><strong>alieno</strong></span> <span class='ocrx_word' id='word_1_426' title='bbox 643 4711 658 4746; x_wconf 88' lang='lat' dir='ltr'><strong>a</strong></span> <span class='ocrx_word' id='word_1_427' title='bbox 679 4694 794 4760; x_wconf 83' lang='lat' dir='ltr'><strong>Clodio,</strong></span> <span class='ocrx_word' id='word_1_428' title='bbox 814 4710 889 4768; x_wconf 83' lang='lat' dir='ltr'><strong>patet</strong></span> <span class='ocrx_word' id='word_1_429' title='bbox 909 4713 942 4749; x_wconf 85' lang='lat' dir='ltr'><strong>es</strong></span> <span class='ocrx_word' id='word_1_430' title='bbox 956 4697 1067 4748; x_wconf 75' lang='lat' dir='ltr'><strong>Asconii</strong></span> <span class='ocrx_word' id='word_1_431' title='bbox 1082 4709 1243 4767; x_wconf 78' lang='lat' dir='ltr'><strong>argumento</strong></span> <span class='ocrx_word' id='word_1_432' title='bbox 1257 4690 1428 4749; x_wconf 67' lang='lat' dir='ltr'><strong>Milonianis</strong></span> 
     </span>
     <span class='ocr_line' id='line_1_48' title="bbox 107 4767 1425 4853; baseline -0.004 -26"><span class='ocrx_word' id='word_1_433' title='bbox 107 4777 282 4849; x_wconf 76' lang='lat' dir='ltr'><strong>praeposito,</strong></span> <span class='ocrx_word' id='word_1_434' title='bbox 300 4771 347 4828; x_wconf 88' lang='lat' dir='ltr'><strong>uhi</strong></span> <span class='ocrx_word' id='word_1_435' title='bbox 368 4771 470 4828; x_wconf 80' lang='lat' dir='ltr'><strong>dicitur</strong></span> <span class='ocrx_word' id='word_1_436' title='bbox 489 4775 585 4827; x_wconf 85' lang='lat' dir='ltr'><strong>Cicero</strong></span> <span class='ocrx_word' id='word_1_437' title='bbox 598 4775 721 4846; x_wconf 85' lang='lat' dir='ltr'><strong>potuisse</strong></span> <span class='ocrx_word' id='word_1_438' title='bbox 734 4770 918 4853; x_wconf 76' lang='lat' dir='ltr'><strong>offensionem</strong></span> <span class='ocrx_word' id='word_1_439' title='bbox 930 4775 1061 4826; x_wconf 87' lang='lat' dir='ltr'><strong>inimicae</strong></span> <span class='ocrx_word' id='word_1_440' title='bbox 1074 4769 1261 4826; x_wconf 86' lang='lat' dir='ltr'><strong>multitudinis</strong></span> <span class='ocrx_word' id='word_1_441' title='bbox 1274 4767 1425 4837; x_wconf 87' lang='lat' dir='ltr'><strong>declinare,</strong></span> 
     </span>
    </p>
   </div>
   <div class='ocr_carea' id='block_1_13' title="bbox 0 0 1614 5280">
    <p class='ocr_par' dir='ltr' id='par_1_17' title="bbox 0 0 1614 5280">
     <span class='ocr_line' id='line_1_49' title="bbox 0 0 1614 5280; baseline 0 0"><span class='ocrx_word' id='word_1_442' title='bbox 0 0 1614 5280; x_wconf 95' lang='lat' dir='ltr'><strong> </strong></span> 
     </span>
    </p>
   </div>
  </div>
 </body>
</html>
