3210 5280
169 173 231 278 uta
560 218 563 223 ·
586 216 791 284 scaonis
813 218 1061 283 nonmustn

164 364 221 416 est
242 356 368 420 caedem
398 356 431 421 iu
456 357 632 442 Appianis
664 371 775 424 contra
803 377 872 422 rein
895 361 931 442 p.
958 379 1027 422 esse
1053 359 1262 424 cotntnisssm.
1292 359 1360 428 Cn.
1386 360 1483 424 etiam

167 448 359 532 ¹l’onspeitts,
378 450 432 535 qui
446 462 522 514 tuuc
537 453 605 516 sine
622 453 746 538 collega
762 451 888 516 tertium
900 453 1097 517 consulatum
1113 455 1263 538 gerebat,
1278 454 1350 517 tulit
1360 455 1480 540 legem,

170 553 204 603 ut
225 544 264 605 de
287 546 393 607 eadem
417 548 512 608 caede
539 557 630 609 extra
663 545 804 610 ordinem
837 549 1074 630 quaereretttrl.
1131 548 1183 609 Ac
1214 546 1319 629 primo
1353 548 1481 631 quiden

165 634 284 700 indices
305 640 516 702 consederunt
537 640 567 702 iu
599 642 675 703 aede
699 639 838 703 Satttrni.
880 640 924 703 Et
949 641 1165 726 cernentdam⁹
1194 661 1319 703 cattsam
1340 660 1405 724 pro
1427 643 1482 704 tle·

142 728 232 794 suita
259 731 486 796 necessitudine
510 752 569 796 uec
593 733 692 797 tninus
714 743 812 809 voto,
847 754 913 819 quo
936 731 1052 796 inimici
1076 734 1125 796 sui
1144 732 1312 827 'interitum
1337 733 1481 818 gratula-

169 826 280 898 batur,
304 821 422 889 Cicero
445 826 597 908 suscepit.
642 826 705 891 Sed
725 828 872 917 quoniam
895 839 927 890 et
941 828 1120 890 turbulenta
1136 850 1188 891 res
1204 841 1271 890 erat
1285 841 1316 891 et
1331 826 1480 914 confesse

168 921 279 982 caedes
308 931 341 983 et
371 923 411 984 ad
439 921 625 985 seditionem
656 923 794 1006 populus
825 921 1029 984 inflammatus
1058 933 1090 983 et
1116 921 1331 1004 circumpositi
1360 922 1478 986 iudicio

168 1010 299 1090 milites,
323 1016 374 1077 et³
396 1036 458 1079 oon
474 1016 570 1102 louge
590 1014 770 1098 praesidens
785 1015 896 1078 consul
911 1014 981 1098 ipse
995 1014 1169 1097 Pompeius
1191 1015 1328 1079 obnixe*
1349 1018 1477 1080 studens

166 1105 197 1168 iu
219 1107 448 1173 damnationem
472 1109 622 1185 Milonis,
657 1107 796 1192 perferri
817 1108 959 1173 defensio
980 1107 1044 1172 ista'
1062 1130 1124 1172 non
1147 1110 1266 1192 potuit:
1301 1130 1370 1173 natu
1395 1121 1476 1174 mettt

125 1213 388 1265 ttcousteroatus
410 1214 442 1266 et
466 1203 533 1285 ipse
554 1203 678 1266 'l'ttllius
701 1203 813 1285 pedem
838 1202 976 1278 rettulit;
997 1215 1030 1266 'et
1047 1201 1188 1266 exsistit⁶
1210 1203 1289 1267 alius
1311 1215 1475 1287 praetcrea

167 1293 247 1357 liber
269 1307 411 1359 actorum
435 1316 496 1378 pto
519 1297 661 1372 Milone,
693 1295 724 1360 iu
747 1316 813 1380 qtto
835 1294 939 1359 omnia
960 1297 1136 1379 interrupta
1157 1309 1188 1360 ct
1210 1297 1342 1378 inpolita
1364 1310 1401 1360 ct
1422 1318 1474 1360 ru·

167 1386 235 1460 dia,
270 1389 359 1470 plena
383 1389 516 1472 denique
538 1386 663 1455 maximi
685 1389 819 1452 terroris
841 1410 1009 1473 agnoscas.
1060 1393 1142 1453 Saue
1166 1390 1340 1454 orationem
1364 1403 1474 1473 postea

165 1481 308 1565 legitimo
339 1503 437 1564 opere
465 1495 497 1548 et
526 1483 643 1546 maiore
671 1503 766 1557 cura,
801 1493 911 1563 utpote
940 1482 999 1545 iam
1031 1485 1235 1546 confit-matus
1265 1485 1369 1547 auimo
1392 1495 1423 1546 et
1442 1483 1473 1546 in

165 1575 352 1649 securitate,
378 1576 578 1657 conscripsit.
623 1577 684 1639 Sed
707 1577 786 1639 euim
809 1583 903 1659 qutuu
927 1579 1009 1640 ratio
1025 1579 1217 1641 defensionis
1239 1580 1330 1641 huius
1346 1578 1472 1642 ordina·

124 1678 272 1741 teretur,
307 1689 443 1751 quonam
474 1655 575 1731 modo'
598 1679 630 1731 ct
658 1671 825 1758 sectandum
855 1691 948 1751 quent
976 1671 1172 1753 potissimum
1200 1683 1313 1735 statum
1337 1671 1390 1756 agi
1412 1689 1471 1753 pro

166 1760 290 1823 Milone
313 1773 498 1844 oportcrct,
523 1764 573 1825 M.
590 1763 709 1827 Brutus
728 1763 918 1826 existimavit
939 1762 1024 1830 κατὰ
1045 1761 1235 1832 ἀντίστασιν
1255 1785 1316 1848 pto
1340 1786 1381 1828 eo
1403 1785 1470 1827 esse

164 1853 342 1930 dicendum,
367 1877 446 1938 quae
472 1856 602 1923 anobis
627 1857 806 1920 nominatur
828 1858 961 1944 qualitas
986 1861 1234 1941 compensativa.
1278 1862 1355 1923 Hoc
1376 1859 1469 1921 euim·

165 1968 242 2012 vero
273 1946 425 2013 Ciceroni
452 1949 552 2013 visunt
581 1961 629 2012 est
655 1971 767 2033 paruot
795 1952 942 2026 salubre,
977 1974 1046 2016 naut
1075 1954 1242 2016 maluit-
1266 1953 1324 1999 -⁶
1345 1953 1466 2035 specie,

164 2040 263 2105 idest
285 2041 375 2107 cetat
421 2086 432 2106 .
477 2086 487 2107 .
533 2087 543 2108 .

117 2196 151 2247 >20
501 2153 800 2256 [Desideronitsr
818 2158 990 2270 paginae
1014 2157 1130 2258 octo]

486 2404 1144 2518 connectamus,

236 2617 304 2692 Ill.
333 2610 368 2691 l.
421 2673 430 2692 .
465 2672 474 2690 .
509 2672 518 2691 .
559 2630 661 2714 Quod
690 2642 805 2694 autem
834 2631 969 2696 Tullius
994 2633 1144 2708 „„onte
1168 2644 1284 2715 quam
1310 2619 1364 2692 ud
1384 2646 1463 2692 eom

85 2752 89 2760 ·
160 2729 439 2820 „orationem
466 2729 596 2818 venio,
631 2753 728 2822 quoe
759 2741 814 2798 est
841 2730 1009 2825 proprio
1041 2738 1183 2802 vestrae
1217 2733 1462 2826 quaestionis,

61 2859 66 2867 '
159 2841 390 2933 „videntur
423 2865 465 2912 ea
501 2863 582 2912 esse
619 2838 836 2931 refutanda,
873 2863 966 2936 quae
1000 2851 1037 2911 et
1063 2843 1100 2912 in
1126 2851 1254 2912 senatu
1282 2865 1394 2937 saepe
1420 2844 1463 2912 alt

117 2994 148 3042 ς,
160 2954 401 3046 {muniminisn
410 2955 427 2977 ”
442 2967 537 3040 dixin
550 2964 753 3028 iam'dctraxit
762 2964 803 3028 illi
817 2967 947 3027 decreto
958 2965 1194 3040 auctoritatem,
1210 2965 1259 3027 ctu
1270 2977 1378 3047 potest
1388 2986 1463 3048 pro·

159 3087 229 3158 pter
251 3072 422 3135 simultates
444 3069 544 3133 inesse
559 3068 693 3131 studium
712 3067 982 3138 malevolentiae⁷‚
1002 3132 1004 3138 Α
1027 3069 1069 3130 Et
1091 3070 1178 3151 quod
1199 3069 1314 3131 addidit
1337 3067 1459 3132 statim:

157 3168 313 3243 ,iactata⁸
328 3167 446 3241 sunt'',
471 3186 534 3229 oon
553 3167 696 3236 decreta,
723 3185 784 3226 non
806 3172 938 3243 statuta,
963 3188 1026 3230 nou
1045 3164 1197 3236 iudicata;
1220 3164 1320 3225 vetb'o
1334 3170 1463 3225 ususest
1491 3175 1496 3192 ¹

110 3336 113 3342 .
157 3259 327 3322 efficaciter
351 3261 389 3321 ad
414 3260 636 3323 detrahendum
662 3263 785 3341 pondus
809 3259 853 3323 itti
876 3272 1000 3322 senatus
1026 3260 1190 3332 consulto,
1214 3275 1278 3340 quo
1298 3277 1373 3318 reus
1392 3275 1462 3339 gre·

229 3439 253 3484 l.
273 3440 334 3485 Col.
353 3447 507 3499 quereretur.
545 3439 570 3486 2.
590 3441 729 3499 (Portessu
754 3440 886 3486 orandum.
908 3439 968 3496 Os.)
1004 3436 1028 3484 3.
1049 3439 1108 3482 Cod.
1129 3435 1181 3481 secl.
1220 3436 1244 3483 l.
1264 3440 1325 3487 Ccd.
1344 3441 1460 3488 obnixae.

296 3509 320 3555 ⁵.
334 3508 394 3553 Cod.
407 3511 525 3555 exsistet.
564 3508 588 3555 6.
609 3513 747 3556 Versiculos
763 3513 807 3554 Gr.
830 3524 927 3554 saeuus.
964 3508 988 3558 l.
1009 3511 1069 3558 Cod.
1084 3508 1305 3555 enuluecolentiee.
1345 3510 1460 3558 &Coeles

295 3581 318 3624 itt
335 3584 400 3624 testu
417 3581 499 3635 icetc,
519 3582 559 3624 sed
578 3583 601 3626 itt
619 3581 739 3640 margine,
759 3583 798 3626 nbi
814 3581 895 3627 nescio
907 3581 960 3637 quis
972 3581 1114 3636 interpolat,
1133 3579 1242 3632 usluto,
1262 3586 1334 3637 prout
1349 3584 1459 3628 editiores

295 3649 390 3695 hebent.

232 3779 275 3832 18.
295 3771 463 3823 Sententiam
485 3773 513 3822 io
532 3768 629 3823 lsouna
650 3773 750 3842 partito
771 3767 922 3822 demersam
943 3784 1049 3842 reparat
1071 3772 1219 3824 Asconius:
1247 3770 1338 3841 Quicni
1357 3771 1461 3842 qrtiltes-

155 3845 219 3899 slent
236 3848 387 3918 placuisset
406 3850 448 3895 iia
467 3843 582 3914 defendi
600 3850 721 3906 crimen,
740 3842 864 3917 interfici
883 3844 1007 3896 Clodium
1024 3863 1078 3914 pro
1098 3858 1154 3915 rep.
1173 3845 1279 3912 sitisse,
1299 3866 1381 3917 qnam
1393 3848 1461 3919 for-

154 3940 228 3975 ssent
247 3921 291 3975 Μ.
311 3921 417 3971 Bestius
435 3929 544 3971 secretus
562 3929 604 3970 est
622 3925 653 3970 in
672 3939 705 3971 ee
720 3925 863 3982 oratione,
883 3938 964 3990 quam
974 3937 1027 3988 pro
1041 3921 1148 3971 Milone
1160 3928 1311 3989 composuit
1323 3933 1353 3974 et
1364 3927 1458 3985 edidli,

153 4002 281 4068 qumis
300 4013 355 4047 non
373 4000 475 4062 egisset
485 4015 495 4054 ,-
514 3995 642 4047 Ciceroni
654 3997 685 4046 id
696 4013 751 4046 non
761 3997 884 4066 placuit,
903 3994 977 4066 peccel
995 4013 1050 4046 non
1062 4000 1109 4065 qni
1120 3996 1190 4048 lonc
1200 3998 1309 4065 publico
1322 3998 1459 4060 demi,

154 4072 226 4125 idern
251 4076 336 4125 etiam
361 4070 449 4122 cecilii
471 4069 646 4128 indemnatus
665 4080 772 4142 posset.
817 4070 914 4139 licque
938 4067 1063 4121 Clodinm
1088 4069 1193 4122 Miloni
1208 4073 1319 4143 jecisse
1346 4073 1459 4126 insidias

153 4147 198 4200 elis
216 4154 318 4200 utauii.

194 4167 272 4280 psit.
294 4221 400 4274 Folium
422 4219 474 4272 hoc
494 4237 549 4273 oon
568 4223 817 4292 estquaternipuis
837 4223 972 4292 primum,
993 4223 1121 4289 quonimn
1140 4235 1214 4273 caret
1234 4235 1299 4274 nots
1312 4224 1457 4286 uumessli,

153 4314 221 4371 quse
242 4299 322 4350 ltutus
342 4299 451 4368 propris
471 4313 528 4348 esse
549 4295 628 4349 solet.
666 4296 759 4366 Neque
779 4312 871 4349 rursus
890 4311 931 4347 est
951 4309 1077 4366 quereum
1103 4312 1150 4348 seu
1165 4300 1311 4361 intimum,
1330 4305 1455 4369 quonism

152 4376 269 4428 austeris
289 4388 350 4446 post
370 4371 516 4424 secundam
537 4375 663 4444 peginam
684 4375 865 4442 abrumpitur.
912 4369 1066 4422 Secundum
1095 4376 1177 4442 igitur
1203 4388 1249 4425 aus
1270 4379 1383 4427 tertium
1402 4390 1455 4433 esst

152 4454 240 4503 lutoso
266 4452 356 4520 potius
383 4443 549 4508 secuudum,
582 4462 651 4518 quse
677 4462 719 4498 res
745 4448 921 4518 cognoscitur
940 4464 955 4496 e
974 4443 1088 4496 lactante
1109 4448 1245 4500 secundae
1271 4466 1298 4521 p.
1317 4449 1365 4506 94.
1395 4447 1453 4518 (si.

152 4524 245 4589 lioot.)
264 4521 382 4575 euidenti
403 4519 545 4574 breuitate.

191 4646 196 4655 .
225 4603 271 4653 27.
291 4593 359 4651 tiod.
378 4594 467 4646 maier
486 4596 635 4649 oetentiae.
673 4596 845 4666 Quamquam
865 4610 929 4648 sero
947 4593 1073 4646 coloniis
1092 4611 1147 4647 non
1166 4610 1208 4647 eet
1229 4600 1354 4668 ignotum
1373 4615 1453 4671 seque

151 4675 299 4730 &surdum
323 4669 503 4733 vocabulum,
534 4671 653 4724 arbitror
680 4684 771 4723 tamen
797 4668 981 4722 &holinstein
1006 4674 1149 4742 scripsisse
1167 4671 1396 4744 melwolentiee,
1426 4688 1452 4726 ut

150 4751 231 4811 alibi.
258 4754 296 4803 ita
316 4761 345 4800 ιιι
366 4745 455 4798 media
475 4743 661 4818 diphthongus
681 4743 811 4799 mendose
831 4750 877 4798 sit.
