3210 5280
311 177 362 243 IN
384 178 529 245 ORAT.
550 179 601 243 IN
623 177 844 246 CLODIUM
865 178 928 243 ET
951 175 1218 245 cultionem.
1356 176 1418 243 tit

186 317 237 382 De
252 318 353 401 Appii
367 318 448 383 enim
464 319 562 384 Caeci
577 319 694 384 familia
709 340 808 403 genua
822 319 982 383 trahebat.
1026 319 1072 383 Et
1085 317 1290 401 praecipitem
1307 318 1419 383 voleus

99 412 282 497 significare
304 423 399 496 atque
427 413 651 490 temerarium,
684 412 838 495 resculpit
869 411 1028 476 infamiam
1053 411 1139 476 illins
1167 411 1297 488 incesti,
1332 414 1419 497 quod

99 506 215 570 iecisse
236 505 268 568 in
288 519 403 588 operto
423 509 533 571 Bonae
555 507 642 572 Deae
665 506 853 582 videbatur,
877 525 942 588 quo
967 504 1046 569 viris
1066 506 1192 590 ingredi
1207 528 1272 571 uon
1287 506 1417 573 liceret:

99 601 192 686 qtrasi
213 621 349 683 poenam
371 600 510 666 criminis
534 601 584 665 sui
608 601 696 665 luere
721 599 783 665 iam
813 599 958 683 coeperit
987 599 1062 664 nihil
1087 599 1307 685 providendo,
1332 603 1420 685 qttnd

98 695 196 758 (licat.
829 714 832 723 ·
1429 718 1445 769 5

174 814 211 894 lt.
246 814 343 918 [Nec
377 822 472 894 enim
505 815 690 920 respexit]
728 818 831 894 illum
864 822 985 922 ipsum
1020 829 1218 920 patronum
1253 819 1419 896 libidinis

100 956 188 1006 suae
228 925 321 1030 [non
348 933 457 1020 modo
491 932 588 1032 apud
621 933 730 1008 Baias
765 957 868 1029 esse,
904 957 1034 1007 verum
1071 957 1135 1007 eas
1167 935 1270 1032 ipsas
1304 921 1448 1031 aquas'
1524 999 1535 1014 ,

99 1041 262 1138 habere,
301 1069 394 1142 quae
429 1055 537 1142 gustu
572 1056 694 1119 tamen
731 1046 924 1145 Arpinatis
960 1044 1131 1120 inissent.
1193 1043 1270 1121 Sed
1295 1044 1419 1118 videte

99 1155 330 1229 metuendam
357 1158 495 1231 inimici
522 1167 559 1231 et
584 1156 704 1231 hostis
730 1158 843 1231 bilem
869 1167 907 1231 et
923 1157 1121 1232 licentiam.
1175 1157 1214 1231 ls
1240 1180 1298 1228 me
1325 1154 1420 1229 dixit

98 1266 318 1364 aedificare3
345 1271 409 1341 ubi
434 1263 526 1342 nihil
551 1266 691 1359 habeo,
718 1271 770 1343 ihi
796 1267 911 1342 fuisse
938 1294 987 1369 qu
1015 1326 1024 1343 .
1052 1325 1062 1344 .
1090 1320 1099 1339 .
1127 1271 1223 1344 enim
1249 1294 1325 1343 non
1353 1267 1463 1342 ..¹¹⁰

97 1389 285 1476 patentem
321 1381 603 1486 adversarium,
642 1383 706 1481 qui
740 1381 779 1453 id
815 1383 992 1475 obiiciat,
1031 1381 1131 1481 quod
1165 1381 1226 1457 vel
1262 1381 1419 1457 honeste

98 1491 290 1589 confiteri,
314 1492 376 1566 vel
401 1492 597 1567 manifesto
622 1495 850 1593 redarguere
876 1497 1000 1592 possis
1009 1489 1048 1593 i]
1101 1525 1104 1531 ·

182 1609 225 1675 C.
249 1608 444 1688 Curionem,
468 1611 575 1694 quide
596 1609 835 1694 proscriptione
850 1611 976 1690 Syllana
991 1611 1122 1676 fundum
1137 1623 1257 1678 emerat
1273 1611 1305 1676 in
1321 1609 1419 1679 Cam·

97 1702 209 1786 pania,
239 1703 295 1787 qui
320 1704 419 1766 Marii
449 1724 550 1785 nuper
571 1703 675 1769 luerat
699 1716 730 1768 ot
760 1703 859 1786 ipsius
885 1701 1064 1786 Arpinatis.
1108 1706 1183 1788 Quo
1208 1727 1244 1769 se
1268 1706 1417 1789 exemplo

98 1795 245 1860 facillime
277 1794 396 1863 Cicero
419 1797 589 1882 purgarit,
613 1819 676 1863 nou
699 1818 771 1863 esee
793 1797 824 1859 id
845 1795 877 1858 in
897 1816 933 1858 ee
954 1799 1307 1879 repraehendendnml,
1326 1798 1459 1885 quodie

99 1890 248 1973 municipi
269 1912 329 1956 suo
353 1889 395 1955 C.
419 1892 529 1956 Mario
551 1891 712 1956 consulari
733 1910 891 1973 nunquam
913 1888 1012 1953 fuerit
1033 1891 1162 1956 iniame.
1295 1898 1301 1910 '

173 2014 220 2088 V.
249 2006 284 2088 l.
311 2014 405 2089 Nam
432 2017 595 2089 rusticos
622 2018 656 2089 ei
683 2038 753 2088 nos
779 2013 922 2110 videri,
956 2017 1077 2090 minus
1104 2027 1163 2091 est
1188 2017 1417 2115 mirandum,

99 2125 162 2223 qui
188 2129 407 2201 manicatam
434 2129 595 2201 tunicam
632 2122 688 2227 [et
721 2127 867 2197 mitram
896 2136 934 2200 et
958 2151 1167 2226 purpureos
1193 2127 1329 2202 inscius
1354 2128 1417 2203 ha·

97 2238 188 2311 bere
226 2264 300 2313 non
339 2235 567 2339 possumus]
632 2239 722 2330 „Tu
754 2260 846 2311 vero
882 2241 1059 2337 festivus,
1098 2249 1139 2314 tu
1164 2238 1337 2339 elegans,
1374 2254 1417 2320 tu
1530 2259 1533 2264 “

97 2350 233 2440 „solus
262 2353 450 2448 urbanus3
477 2377 585 2450 quem
612 2352 719 2429 decet
745 2355 936 2430 muliebris
963 2362 1138 2448 ornatus,
1165 2375 1272 2451 quem
1298 2352 1460 2425 incer-ao

97 2459 218 2551 „sus3
257 2464 456 2561 psaltriae,
494 2466 557 2562 qui
584 2463 801 2562 effeminare
833 2465 994 2563 vultum,
1030 2473 1225 2539 attenuare
1262 2487 1416 2562 vocem,

97 2571 302 2661 „laevarel
330 2599 467 2674 corpus
493 2575 635 2674 potes.”

112 2724 1406 2768 ·---···-·-—-r—----·---·

169 2818 194 2866 1.
213 2821 340 2868 Perierunt
363 2823 387 2868 in
410 2824 500 2869 laeania
517 2825 556 2869 aix
573 2826 621 2870 tria
639 2826 765 2872 voeabula.
810 2824 836 2871 2.
855 2827 891 2871 lta
915 2826 976 2876 (iod.
999 2826 1052 2873 lteie
1076 2831 1101 2871 at
1123 2825 1264 2883 pleramque
1284 2815 1417 2871 alilti'eataa

237 2891 328 2946 diphili.
365 2890 390 2938 3.
410 2893 470 2939 cod.
491 2895 634 2941 ineeeeaae.
671 2892 696 2944 l.
716 2896 752 2939 lia
768 2896 833 2942 tan.
852 2896 914 2942 Cod.
937 2897 1013 2943 Tanr.
1035 2908 1059 2951 p.
1083 2892 1143 2953 66.;
1162 2899 1188 2939 at
1204 2894 1311 2940 deterius
1330 2894 1368 2939 ed.
1388 2907 1413 2949 p.

236 2958 295 3007 115.
313 2963 361 3007 ter.
380 2962 461 3007 Porro
482 2965 544 3021 qaod
565 2966 597 3009 el.
622 2964 758 3020 Peproniaa
778 2965 803 3011 la
824 2966 929 3011 Seioliia
947 2979 971 3022 p.
996 2962 1055 3010 til.
1074 2965 1131 3009 dicit
1148 2965 1232 3009 lernre
1250 2964 1352 3019 positu·
1371 2975 1416 3018 pro

236 3030 368 3087 minnere}
391 3033 448 3078 mihi
467 3035 537 3080 aliter
554 3035 663 3089 ridetur,
682 3048 768 3093 nempe
788 3048 834 3092 pro
852 3036 976 3096 derigere.
1013 3034 1096 3095 Neque
1114 3033 1187 3081 lionii
1205 3033 1369 3080 testimoniam
1386 3033 1416 3079 da

233 3099 277 3146 hae
308 3115 334 3146 re
358 3103 437 3148 rideo.

96 3245 156 3302 eet,
176 3254 232 3291 nort
247 3237 407 3308 perdidisti.
445 3239 515 3310 Quia
533 3245 606 3294 enim
624 3250 690 3295 ante
709 3249 737 3296 te
754 3259 839 3295 encra
856 3241 908 3294 ttta
919 3245 967 3295 nir
978 3245 1069 3295 eciem
1081 3239 1210 3307 viderat,
1229 3247 1261 3293 ret
1273 3243 1418 3313 quisquerat

93 3331 230 3384 poenam,
247 3332 316 3384 quae
335 3324 495 3385 repeteretur
512 3315 583 3368 illaad
599 3319 704 3381 anetus,
723 3322 795 3370 seire
811 3317 929 3388 posset?
955 3319 1003 3370 An
1022 3318 1074 3370 titt
1091 3317 1204 3369 luminis
1223 3316 1330 3368 obesset
1348 3332 1417 3368 ctae-

96 3393 171 3440 eitns
185 3389 251 3459 plus
267 3407 350 3460 quarn
368 3389 512 3442 libidinis?
543 3391 590 3444 Ne
613 3391 646 3444 id
668 3391 777 3464 quiden
800 3397 903 3458 aenne,
931 3396 1113 3446 conniventes
1135 3395 1202 3446 tttoe
1219 3391 1313 3444 οοιιὶω
1331 3390 1418 3444 mant

96 3468 139 3515 tui
156 3469 250 3533 magia
268 3465 408 3536 optandos
417 3466 539 3537 jatinae?
571 3464 674 3522 Confer
694 3472 777 3521 etiam
797 3466 831 3522 dt
850 3466 935 3522 domo
954 3468 1016 3524 xi.

172 3597 218 3654 ts.
239 3597 312 3649 ilino
331 3600 387 3650 tam
407 3596 555 3651 commode
573 3597 728 3672 explicator
740 3598 886 3654 Ciceronis
898 3598 976 3653 lorea
995 3601 1133 3671 (ruperint
1147 3601 1176 3651 in
1189 3599 1323 3664 monito),
1337 3599 1418 3650 ooloe

96 3684 208 3723 aeneam
229 3669 352 3724 nondum
373 3676 537 3745 interpretes
557 3671 679 3728 adsecuti
698 3671 818 3731 inerant.
865 3677 912 3730 Ait
932 3674 971 3727 ibi
992 3675 1091 3729 Cicero
1110 3672 1240 3728 Clodiam
1260 3675 1314 3726 etti
1334 3670 1418 3724 obie-

94 3748 167 3797 eine
187 3743 320 3799 deliciae:
337 3746 420 3818 quid,
439 3752 544 3818 inperii,
563 3746 669 3802 homini
688 3753 825 3821 Arpinati
843 3768 905 3803 cum
923 3755 1006 3821 aquia
1023 3748 1142 3801 calidis?
1159 3765 1266 3814 narra,
1285 3752 1417 3818 inquom,

94 3828 218 3888 patrono
247 3828 311 3886 tuo,
341 3826 388 3893 qui
414 3826 569 3892 Arpinates
593 3841 692 3894 apum.
708 3830 877 3895 concupivit.
929 3826 1015 3878 Curio
1041 3820 1134 3877 Clodii
1160 3837 1292 3896 patronos
1311 3835 1419 3876 emerat

94 3892 226 3961 modom,
245 3899 294 3966 qul
313 3896 400 3950 Marii
421 3901 561 3971 Arpinatis
581 3895 679 3952 inerat.
718 3898 794 3969 Qnid
810 3901 880 3953 anthi
894 3902 1038 3971 Arpinati,
1058 3901 1147 3969 inquit
1167 3897 1284 3966 Cicero,
1303 3896 1416 3951 balneae

94 3969 215 4023 obiiciat
235 3968 327 4024 obiice
348 3976 439 4042 potina
460 3987 576 4045 patrono
592 3988 640 4027 too
653 3974 787 4040 Curioni,
805 3980 851 4048 qui
865 3977 1007 4047 Arpinatis
1022 3973 1146 4027 hominia
1158 3969 1276 4026 inndurn
1290 3989 1316 4027 et
1331 3986 1416 4044 aquae

94 4048 265 4116 concupivit.
305 4047 514 4100 Commentario
533 4063 630 4101 noatro
649 4067 732 4120 quum
758 4065 885 4113 carerent
904 4053 1088 4122 interpretes,
1115 4046 1162 4101 alii
1178 4055 1332 4118 patronum
1351 4045 1418 4098 Clo·

94 4117 133 4171 dii
148 4118 341 4175 intellexerunt
356 4121 482 4176 Clodiam
496 4130 636 4187 sororem,
656 4140 686 4178 at
706 4125 860 4192 Corradus,
880 4124 993 4188 innius,
1014 4124 1181 4179 Gronovius.
1219 4123 1275 4176 Alii
1289 4125 1416 4194 ignotum

94 4192 257 4265 quemdam,
289 4213 318 4250 ιιι
339 4197 505 4271 Malaapina.
552 4196 732 4254 Catenbonnt
757 4205 842 4254 etiam
870 4198 1005 4274 turpicula
1025 4197 1160 4271 quaedam
1181 4201 1211 4252 in
1229 4197 1304 4251 hune
1321 4197 1416 4250 locum

94 4272 213 4336 intexit,
234 4273 390 4341 Arpinates
406 4290 496 4344 aquas
514 4272 655 4345 explicans
674 4274 852 4333 συνουσίαν.

170 4350 215 4403 id·
236 4345 299 4399 linc
324 4364 409 4418 usqne
436 4347 564 4401 laudatur
589 4349 636 4402 lale
660 4347 739 4403 locut
764 4354 866 4424 partim
886 4365 901 4401 a
922 4348 1066 4403 llnfinlano
1085 4346 1119 4402 de
1138 4347 1182 4422 fig.
1201 4360 1272 4401 tent.
1292 4361 1345 4399 cet.
1365 4343 1418 4398 anlt

93 4422 228 4487 initium,
259 4426 361 4492 partim
381 4439 397 4476 a
416 4424 509 4479 Nonio
529 4441 589 4478 roo.
607 4423 763 4494 elegantes.
800 4423 855 4480 eet
875 4428 1055 4498 integriorem
1073 4442 1125 4479 noa
1146 4422 1274 4479 dedimus
1294 4440 1327 4474 ea
1346 4419 1417 4475 ced.

93 4495 271 4549 Taurinenai.

170 4575 213 4625 22.
235 4571 359 4625 Tunicae
379 4577 533 4626 rnaoiearae
553 4572 755 4645 exprobrantur
773 4580 839 4629 rtrla
858 4581 942 4631 etiam
964 4574 1078 4631 Aeneid.
1098 4577 1148 4630 tx.
1165 4576 1232 4635 616.
1257 4582 1285 4626 et
1305 4577 1417 4625 tunicae

93 4651 236 4711 manicae,
265 4655 295 4700 et
313 4645 416 4700 tatem
435 4649 598 4700 redimicula
617 4653 729 4706 mitrae.
779 4651 852 4706 Tum
871 4650 1008 4707 Thebaid.
1029 4654 1089 4708 llll.
1107 4654 1174 4712 657.
1200 4648 1367 4721 brachiaque
1386 4653 1417 4700 iet

93 4726 213 4775 manteia
230 4729 258 4774 et
274 4727 369 4794 pictae
387 4724 501 4778 vincalo
517 4725 646 4797 plantae.
