3210 5280
317 185 368 251 tu
390 184 535 253 onas.
559 185 654 252 nno
678 182 975 251 senensem
999 184 1236 251 autumo,
1379 162 1439 252 its
1545 219 1550 228 -

116 350 226 395 rorem
251 325 428 391 calumniae
452 348 582 391 movens
606 324 822 390 urbanissimis
845 323 963 388 salibus
990 323 1123 409 insignis
1146 325 1232 389 actio
1261 325 1280 360 ⁰
1302 324 1320 361 ⁰
1342 325 1441 390 iiber-

116 435 184 488 tate
205 434 364 507 patron03
399 443 491 507 qoam
520 420 633 484 evitari
661 442 723 485 uon
754 417 896 502 potuisse
919 419 1053 501 publicis
1081 420 1278 502 temporibus
1308 436 1442 504 apparet

118 517 208 582 Sulla
226 515 418 581 dominante.
462 515 574 579 Placet
587 513 687 598 igitur
702 513 853 581 Ciceroni
873 533 1026 577 excursus
1041 513 1092 576 ille
1106 511 1250 577 iuvenilis
1266 517 1305 578 de
1320 516 1441 599 snppli-

118 612 175 676 ciis
206 611 452 694 parricidarum,
488 610 527 672 ad
553 629 652 672 annos
676 630 769 684 suos,
804 608 846 671 ad
875 607 1138 673 existimationem
1168 610 1193 684 †
1222 620 1283 670 tam
1309 609 1441 676 floridae

117 717 228 791 partes
257 704 457 769 intermedias
479 704 559 767 haec
582 702 686 767 oratio
708 707 851 789 ponitur.
1450 721 1466 773 5

202 802 309 865 Status
335 797 537 873 coniectura3
568 798 739 865 transfusio
761 822 820 884 pet·
840 795 1133 888 ἆνεικατηγορίανε
1164 797 1263 870 „Non
1286 818 1348 884 ego
1376 800 1441 866 ieci

118 894 344 980 parricidium,
369 896 426 958 sed
448 894 543 959 ros.”

204 992 317 1081 lienus
347 991 462 1053 causae
491 987 687 1052 admirabile.
731 989 815 1052 Nata
847 988 951 1073 primo
979 985 1204 1053 admirabilitas
1235 1007 1276 1051 ex
1304 991 1440 1056 adverso

117 1096 286 1167 tempore,
312 1104 353 1147 cx
377 1082 520 1167 potentin
544 1083 693 1154 Sullana,
717 1103 759 1145 en
784 1082 997 1167 magnitudine
1020 1081 1195 1173 parricidii.

206 1176 289 1261 Cap.
313 1178 344 1241 1.
370 1180 400 1240 1.
424 1177 535 1244 Credo
555 1175 635 1261 ego]
665 1176 877 1241 Pleonasmos
899 1189 947 1241 est
971 1177 1003 1240 in
1025 1176 1227 1254 elocutione3
1250 1198 1320 1241 nam
1346 1195 1484 1264 quumit

119 1272 253 1338 dixisset
274 1271 393 1349 eredo,
418 1271 532 1334 adiecit
552 1292 631 1355 ego.
1350 1282 1352 1289 ’

204 1366 353 1449 Mirari]
386 1365 491 1429 Modo
523 1368 650 1430 eandem
680 1374 801 1448 partem
837 1375 983 1440 recurat,
1017 1366 1106 1449 quod
1141 1364 1245 1429 nullus
1276 1379 1442 1432 oratorum

117 1473 300 1526 ceterorum
333 1461 373 1522 ad
402 1454 616 1524 defensionem
649 1459 801 1535 accessit,
835 1457 1035 1540 potissimum
1065 1456 1135 1540 ipse
1167 1459 1320 1524 surrexit.
1378 1464 1442 1527 Sed

120 1561 195 1620 dnm
219 1555 288 1619 uult
309 1575 364 1619 eos
389 1551 514 1618 timoris
540 1574 712 1632 excusare,
743 1556 831 1640 quod
853 1552 932 1617 sciat
953 1573 1009 1618 eos
1034 1550 1193 1630 timuisse,
1225 1574 1260 1618 se
1283 1555 1442 1620 damnarit

120 1648 264 1715 audacis.
1454 1672 1484 1721 is

206 1747 286 1828 Ego
312 1741 533 1826 potissimum
564 1741 793 1822 surrexerim]
838 1740 913 1806 Duo
944 1752 1034 1816 sunt,
1070 1762 1152 1825 quae
1187 1754 1382 1827 quaeruntur
1410 1743 1442 1809 in

121 1849 273 1914 oratore,
309 1836 483 1900 auctoritas
508 1849 539 1900 et
569 1836 742 1921 eloquium.
786 1835 973 1900 Auctoritas
995 1857 1037 1898 ex
1062 1835 1246 1913 nobilitate,
1283 1837 1443 1920 eloquium

120 1955 164 1998 ex
186 1929 343 1996 doctrina.
389 1932 433 1996 Ut
459 1929 501 1994 ait
526 1928 706 2014 Virgiliust
741 1951 783 1993 ex
810 1929 1017 1994 atsetoritate:
1051 1941 1132 1992 tunc
1154 1930 1281 2015 pietate
1301 1953 1444 2015 grauem

119 2049 163 2092 ac
184 2024 337 2091 meritis:
359 2044 399 2088 ex
426 2023 575 2108 eloquio:
604 2025 661 2087 ille
688 2021 780 2106 regit
801 2021 902 2084 dictis
922 2021 1070 2086 animos.

202 2123 336 2186 Omnes
356 2119 410 2197 lsi,
434 2140 521 2204 quos
541 2115 675 2200 uidetis]
707 2116 813 2181 Debet
837 2113 1009 2180 conciliare
1034 2127 1146 2182 orator
1167 2138 1315 2198 causam,
1354 2121 1486 2208 qnasiso
1561 2186 1565 2193 ,

120 2237 187 2282 non
209 2214 297 2278 solus
324 2212 484 2276 defendat.

208 2309 240 2372 2.
263 2307 383 2392 Quid?
421 2328 487 2391 ego
512 2305 777 2388 audacissimus]
806 2304 1001 2389 Antiptosis.
1036 2325 1081 2368 an
1113 2317 1211 2371 tanto
1238 2305 1443 2396 officiosior]

123 2401 348 2471 Officiosiotes
378 2401 542 2477 dicuntur,
578 2399 632 2485 qui
666 2401 779 2465 volunt
815 2402 854 2464 ad
878 2423 969 2465 suum
1004 2399 1139 2466 officium
1177 2405 1358 2485 pertinere,
1407 2418 1441 2469 ut

123 2498 251 2582 rapiant
273 2517 385 2559 causas
406 2495 631 2559 defendendas.

209 2592 241 2655 8.
264 2589 404 2675 Ignosci
421 2589 684 2672 adolescentiae]
706 2588 796 2654 Inter
809 2588 984 2674 ignoscere
1000 2600 1031 2652 ct
1045 2590 1250 2674 cognoscere
1265 2591 1329 2656 hoc
1342 2590 1442 2655 inter·
1454 2617 1486 2667 2⁵

122 2696 185 2752 est.
228 2688 412 2768 Ignoscere
436 2695 504 2748 ests
529 2681 656 2760 erravi,
682 2683 873 2748 deveniam.
917 2687 1129 2767 Cognoscere
1152 2696 1220 2748 est:
1245 2705 1309 2749 non
1324 2684 1442 2763 errari,

124 2778 199 2843 studi
220 2800 298 2858 me„
327 2779 433 2842 Modo
459 2797 537 2841 vero
560 2776 592 2839 in
610 2777 671 2838 hac
696 2775 823 2840 civitate
845 2797 909 2840 non
932 2779 1027 2842 modo
1049 2776 1236 2863 ignoscendi
1260 2778 1343 2843 ratio
1368 2779 1445 2843 sub·

123 2875 188 2940 lata
210 2885 277 2950 est,
301 2875 357 2936 sed
383 2870 475 2935 etiam
499 2870 728 2956 cognoscendi.

211 2969 243 3030 i.
267 2966 407 3031 Accedit
428 2966 489 3030 illo
513 2966 633 3046 causa]
656 2963 875 3047 Auadiplosis.

211 3061 315 3144 Quod
334 3081 358 3122 a
381 3059 503 3122 ceteris
512 3057 694 3150 forsitan]
723 3058 758 3123 si
781 3058 851 3143 quis
876 3055 993 3123 amicus
1018 3070 1106 3142 petat
1130 3080 1147 3121 a
1176 3082 1226 3123 me
1249 3059 1441 3126 defensionis
1455 3084 1487 3134 tn

124 3153 280 3231 officium,
297 3153 323 3217 si
339 3153 547 3236 praestitero,
563 3153 666 3216 habeo
683 3152 837 3232 gratiamt
859 3156 954 3217 saluo
968 3152 1099 3242 efficio]
1121 3153 1147 3217 si
1163 3155 1317 3232 noluero,
1340 3157 1444 3222 habeo

125 3248 264 3314 officium
286 3248 428 3325 salvum,
452 3246 518 3311 sine
535 3246 655 3332 gratia3
679 3267 778 3334 ergo,
800 3258 906 3310 utrum
931 3245 1046 3324 uelim,
1070 3247 1100 3311 iu
1117 3259 1277 3332 potestate
1300 3269 1367 3312 tnea
1382 3261 1443 3313 est.

203 3559 230 3610 ι.
256 3553 344 3618 actio]
378 3551 455 3616 ,ilic
483 3553 512 3603 in
546 3549 718 3608 MS.,verlsa
747 3546 880 3622 quaedam
909 3546 1083 3604 intercidisse
1111 3547 1265 3610 ridenter’
1309 3550 1444 3606 Senum.

128 3630 155 3681 2.
177 3624 358 3701 ,legendum
379 3633 479 3698 opinor
495 3625 640 3697 patronist’
673 3625 807 3680 Sestum
845 3629 871 3683 5.
896 3624 937 3676 cd
953 3644 999 3679 ex.
1021 3633 1081 3677 tans
1093 3625 1217 3696 floridae
1233 3634 1333 3697 partes
1351 3632 1445 3678 inter-

127 3701 237 3754 medias
255 3701 322 3753 haec
341 3719 384 3754 or.
400 3703 528 3771 ponittsr]
550 3699 585 3754 G.
604 3702 654 3755 Gt.
673 3728 709 3744 —·
729 3700 769 3752 ad
786 3704 1040 3761 existimationem
1059 3700 1228 3771 tnusstors'de
1237 3710 1338 3771 partes
1349 3707 1445 3752 iuter-

127 3777 236 3830 medias
254 3775 322 3829 haec
342 3781 436 3828 oratio
458 3780 575 3846 ponitur
600 3775 664 3830 Scit.
691 3781 783 3829 tacite.
816 3777 891 3828 Fors.
916 3775 956 3828 ad
979 3781 1223 3854 existimationem.
1241 3785 1302 3828 tans
1320 3776 1446 3847 floridas

123 3859 229 3924 partis.
267 3851 345 3903 Inter
365 3849 554 3903 menrasense
574 3855 807 3922 oratiopcnt'tssr.
846 3849 1122 3906 uecorisbunrsett.
1136 3850 1304 3905 scholiastes
1318 3854 1445 3905 Oratoris

128 3929 153 3995 l·
171 3933 232 3985 ¹07.
253 3926 324 3979 Tam
336 3925 462 3998 floridae
478 3931 574 3995 partis
594 3942 635 3979 est
655 3926 773 4002 ῥήσεως
791 3918 887 3989 οὕτως
905 3923 1067 4001 ἀνθηρᾶς,
1086 3943 1140 3998 quo
1160 3926 1316 3999 significatu
1336 3946 1359 3980 s.
1376 3944 1447 3998 pars

127 4002 202 4077 apud
220 4006 344 4057 rhetoras
365 4000 555 4077 usurpabatur.
574 4001 658 4055 Tum:
678 3999 878 4065 intermedias
897 3998 966 4055 lanes
986 4000 1079 4054 oratio
1095 4008 1227 4071 ponitur,
1249 4000 1277 4054 id
1297 4018 1338 4055 est
1358 4021 1445 4073 neque

128 4082 376 4152 praestantissimis
397 4074 590 4130 adnumeratur
610 4095 697 4149 neque
719 4081 790 4128 inter
810 4079 902 4129 minus
924 4076 1045 4130 illustres
1065 4077 1148 4131 relati
1163 4094 1213 4151 pso
1227 4078 1359 4147 Quietis,
1380 4076 1447 4131 Tul·

127 4153 184 4220 lio,
213 4155 312 4207 Roscio
333 4155 475 4206 Comoedo
495 4168 549 4206 cet.
569 4149 695 4207 refertur.
724 4151 779 4206 Os.
825 4153 853 4209 6.
874 4149 1146 4225 ἀντικατηγορῶν]
1166 4153 1199 4206 de
1220 4154 1240 4206 Ι.
1261 4152 1290 4205 F.
1310 4152 1446 4206 Gronosil

128 4245 246 4284 correct.
267 4229 329 4284 Scis.
350 4257 387 4270 -
405 4226 653 4300 antikatltropatars
671 4229 707 4282 G.
727 4226 777 4280 Gr.
817 4236 861 4285 10.
881 4226 1071 4296 Pisonasmos]
1093 4230 1128 4283 G.
1148 4257 1184 4272 ·-
1204 4227 1384 4280 Pleonasmrss
1396 4229 1446 4282 Gr.

129 4304 197 4360 Scit.
239 4310 283 4362 12.
303 4304 431 4375 eandem]
458 4305 523 4359 Sela.
549 4332 586 4346 -
611 4302 709 4355 cadens
735 4301 771 4356 G.
797 4301 848 4356 Gt.
893 4294 964 4356 ibid.
984 4304 1111 4376 recurat]
1140 4302 1319 4369 ,insolentes
1339 4301 1446 4356 dictum

128 4397 195 4454 prot
212 4381 309 4451 parelio
325 4387 391 4450 post
409 4379 480 4430 idem
500 4387 696 4448 argrsmentum
715 4382 853 4448 coptosius
868 4379 1059 4447 pertractat.”
1080 4379 1215 4433 Scuuara.
1240 4377 1316 4431 idem
1336 4379 1447 4433 uerbum

128 4459 247 4509 recurrit
269 4455 337 4528 Cap.
357 4459 404 4513 37.
426 4470 452 4508 et
471 4453 520 4511 ii.
555 4454 610 4509 Os.
661 4459 705 4509 22.
734 4454 910 4524 Antiptcss's]
939 4452 974 4506 (i.
1001 4453 1051 4508 Gt.
1080 4483 1117 4497 -
1146 4456 1294 4506 Anterosr‘s
1320 4452 1354 4507 de
1375 4454 1396 4507 1.
1417 4455 1446 4509 F.

128 4529 265 4586 Gronotii
286 4534 388 4602 sospic.
403 4530 484 4590 scint
504 4528 532 4583 id
546 4527 619 4601 quod
634 4531 705 4583 nihil
718 4544 768 4583 est.
807 4526 922 4582 volebat
936 4529 1148 4602 ἀντερώτησις.
1169 4528 1237 4582 Mos
1252 4528 1312 4583 Cic.
1326 4537 1367 4583 at.
1393 4529 1448 4586 Os.

129 4611 175 4667 23.
193 4607 350 4677 pertinere]
370 4633 408 4647 -·
424 4611 538 4678 proprie
554 4610 699 4677 pertinere
719 4602 770 4661 Gr.
808 4608 856 4662 25.
876 4603 990 4674 Ignosci
1007 4604 1224 4678 adolescentiae]
1250 4604 1315 4659 sch.
1343 4603 1447 4672 -15-

129 4698 212 4734 nosce
237 4681 407 4733 adesteseentt
432 4697 559 4756 mrsnpte
581 4679 617 4738 G.
637 4681 687 4736 Gt.
725 4685 774 4742 28.
803 4684 913 4750 ignote.
932 4709 951 4724 ·
970 4709 989 4722 -
1008 4682 1150 4751 cognosc]
1178 4682 1243 4738 Seis.
1264 4709 1298 4725 -
1317 4697 1448 4752 cognosc.

129 4788 150 4802 ·
168 4787 187 4800 -
206 4761 314 4827 ignote.
333 4756 370 4812 G.
391 4758 442 4812 Gr.
