3210 5280
161 187 225 271 aba
501 259 507 292 ,
582 205 790 290 acnuam
811 204 1065 272 uosrnnsm

238 350 287 425 X.
316 346 351 427 l.
395 351 495 453 Ergo
521 352 643 451 illum,
680 355 743 453 qni
768 351 860 427 haec
885 352 1047 447 fecerat,
1073 351 1258 425 Rudinum
1285 347 1487 424 homiuem.

247 470 405 544 ilationet
427 470 570 549 Rudinus
590 471 654 534 suit
666 474 709 553 Q.
725 470 865 546 Ennius,
882 492 974 556 qrrem
987 469 1136 553 superior
1149 466 1326 532 Africanus
1342 466 1491 529 dilectum

160 561 420 640 familiarissime,
445 563 539 626 etiam
561 565 793 630 communicato
816 567 979 650 sepulchri
1002 567 1127 629 honore
1150 563 1267 626 dicitur
1281 561 1315 625 in
1332 561 1490 626 maiorum

161 679 293 722 suorum
310 679 472 722 numerum
495 657 671 743 redegisse.
716 659 950 741 Sepulchrum²
970 658 1069 721 fuisse
1083 657 1233 720 traditum
1249 667 1345 721 extra
1360 666 1490 738 portam

136 750 344 837 tCapenam,
369 753 454 816 mille
474 753 566 817 lere³
588 754 733 836 passibus
754 756 794 816 ab
818 756 898 816 urbe
918 753 1108 818 seiunctum.

237 870 275 950 2.
304 875 401 977 Quid
428 888 557 952 noster
583 877 643 954 hic
668 874 853 978 Magnus?

245 992 297 1058 De
313 993 375 1061 Cn.
392 997 549 1078 Pompeio
570 997 631 1060 dici
654 996 867 1060 manifestum.
910 997 955 1060 Et
976 995 1197 1077 opportuuel,
1222 991 1376 1078 quoniam
1393 1011 1493 1074 supra

161 1087 350 1152 mentionem
375 1089 497 1153 iecerat
518 1090 708 1155 Macedonis
740 1090 939 1164 Alexandri,
969 1088 1019 1151 cni
1045 1090 1109 1151 hoc
1134 1086 1215 1151 idem
1238 1099 1493 1171 cognomentum

159 1181 238 1259 luit,
262 1185 301 1246 de
323 1185 483 1267 Pompeio
505 1185 648 1250 dicturus
670 1184 783 1250 adiecit
804 1231 819 1259 ,
832 1186 884 1248 hic
906 1194 1019 1248 noster
1028 1180 1061 1247 ”.

119 1316 151 1370 ti
237 1300 275 1381 3.
303 1307 535 1410 Epigramma
549 1311 846 1384 ineumsecisset
859 1308 1112 1383 tantummodo
1125 1307 1282 1382 alternis
1298 1307 1493 1380 versibus.

246 1425 301 1492 Ab
316 1429 465 1509 exemplo
481 1428 731 1505 adiudicaudo⁵,
755 1451 819 1493 non
841 1427 907 1491 sine
929 1425 1107 1490 differentia
1133 1436 1235 1487 tamen
1258 1444 1494 1506 personarum,

160 1518 241 1583 haec
262 1521 496 1606 argumentatio
517 1523 685 1605 impletur3
709 1524 753 1587 L.
780 1522 901 1602 Syllam
925 1533 1054 1603 praeter
1078 1529 1204 1583 ceteros
1228 1517 1372 1582 Archiae
1397 1519 1494 1579 datur·

162 1633 232 1676 rum
266 1612 425 1676 civitatem
461 1616 636 1681 Romanam
666 1615 765 1678 fuisse
797 1617 914 1697 po'e'tac
947 1612 1165 1688 nobilissimo,
1203 1612 1354 1697 quoniam
1390 1612 1494 1675 malos

163 1706 337 1791 plerosque
373 1708 602 1771 existimaverit
640 1710 859 1773 honorandos.
925 1709 1081 1772 Alternus
1125 1706 1225 1792 igitur
1262 1728 1375 1770 versus
1417 1706 1494 1768 dicit

122 1798 348 1885 tielegiacos,
368 1801 476 1865 metris
497 1802 619 1866 scilicet
641 1802 897 1867 dissentientibus
922 1801 1042 1865 varios.
1086 1799 1214 1864 Primus
1236 1811 1340 1863 atatem
1364 1799 1495 1862 videtur

165 1893 340 1976 elegiacum
357 1914 482 1957 carmen
497 1896 662 1978 scripsisse
678 1897 858 1961 Kalliuos⁶.
902 1893 1022 1960 Adiicit
1036 1893 1229 1957 Aristoteles
1240 1904 1410 1975 praetcrea
1429 1894 1495 1955 hoc

166 2008 266 2072 genus
292 1990 408 2070 poiitas
423 1989 645 2054 Antimachum
660 1988 939 2073 Colophonium7,
964 1987 1193 2051 Archilochum
1215 1987 1367 2064 Parium,
1394 1989 1495 2052 Mim-

166 2103 306 2145 nermum
331 2080 592 2165 Colophonium,
615 2101 752 2171 qrrornm
776 2104 908 2148 numero
931 2083 1055 2145 additur
1077 2080 1169 2144 etiam
1192 2081 1293 2146 Solon
1310 2083 1495 2146 Athenien·

64 2261 70 2275 .
165 2175 245 2239 sium
267 2175 375 2262 legum
398 2177 540 2260 scriptor
562 2178 789 2243 nobilissimus.

123 2315 157 2366 ²⁰
243 2293 281 2376 lt.
307 2300 364 2375 Ex
390 2300 448 2376 his
475 2304 610 2398 rebus,
629 2329 722 2403 quas
740 2303 944 2397 vendebat,
963 2303 1073 2375 iussit
1091 2298 1213 2374 enim8
1239 2301 1404 2400 pretium
1430 2301 1495 2375 tri·

43 2414 46 2424 '
162 2413 252 2511 hui,
278 2414 344 2487 sed
372 2439 414 2488 ea
442 2415 676 2514 conditione,
702 2441 748 2490 ne
776 2417 864 2514 quid
890 2424 1022 2512 postea
1048 2417 1245 2488 scriberet.

254 2532 329 2596 Non
351 2532 457 2614 potuit
471 2534 655 2615 expressius
670 2533 746 2597 vitia
768 2535 885 2615 po‘e'tae
910 2534 1092 2609 declarare,
1117 2553 1210 2616 quam
1233 2529 1370 2596 dicendo
1387 2536 1494 2595 datum

168 2623 302 2690 illinon
324 2625 496 2708 praemium
519 2626 642 2706 laudis,
667 2630 724 2692 sed
746 2629 919 2690 mercedem
942 2625 1068 2690 silentii.

246 2736 282 2819 5.
310 2741 428 2843 Etiam
448 2740 644 2816 Cordubae
664 2745 761 2818 natis
779 2744 899 2841 politis
918 2742 1052 2840 pingue
1071 2742 1242 2840 quiddam
1258 2744 1493 2818 sonantibus.

127 2873 159 2929 tt
254 2859 306 2925 De
329 2859 495 2924 versiculis
517 2880 575 2923 nec
598 2861 732 2946 egregio
755 2862 861 2939 cultu,
895 2881 953 2924 nec
975 2880 1105 2925 amoena
1128 2859 1300 2938 varietate,
1334 2882 1395 2925 nec
1417 2860 1495 2925 emi·

169 2953 316 3019 uentibus
337 2953 450 3039 figuris
472 2974 599 3017 carmen
621 2954 821 3018 instructum.

247 3068 315 3144 xl.
344 3061 379 3144 1.
407 3069 580 3144 Decimus
606 3070 754 3169 quidem
780 3069 931 3144 Brutus.

242 3225 267 3274 i.
286 3224 347 3271 Cod.
368 3226 475 3271 ratione.
513 3223 539 3273 2.
558 3226 619 3271 (lod.
637 3223 782 3283 pulchrum.
820 3222 845 3272 3.
866 3226 926 3271 Cod.
938 3220 1028 3284 serae.
1070 3222 1096 3270 ⁴.
1116 3226 1178 3270 God.
1196 3230 1343 3282 oportunae.
1388 3223 1415 3270 5.
1435 3224 1494 3283 Leg.

310 3292 465 3339 adducendo.
479 3293 526 3340 0n.
539 3297 612 3339 Vera.
630 3292 671 3338 ld.
690 3294 751 3338 Cod.
763 3295 871 3340 alternoi
881 3320 891 3331 ·
902 3320 911 3332 ·
921 3293 982 3340 dici.
1003 3293 1028 3340 6.
1039 3295 1101 3340 Cod.
1117 3296 1229 3340 suendose
1239 3293 1348 3339 Aliinoe.
1364 3293 1494 3339 Emendavi

304 3361 389 3410 'autem
402 3360 535 3420 Kalliroe,
551 3364 645 3410 Graeca
658 3367 726 3408 litera
739 3370 847 3419 serrata,
865 3379 909 3418 pro
920 3362 1045 3410 Collinue.
1068 3365 1100 3410 El
1114 3367 1208 3424 quidem
1224 3364 1292 3408 buius
1306 3367 1392 3419 poetae
1410 3359 1502 3409 nomee'

309 3434 383 3479 scribi
394 3439 532 3489 corruptam
545 3438 616 3478 etrum
624 3435 685 3488 apud
694 3434 837 3478 Pausaniam
849 3435 968 3492 (Boeotio.
977 3432 1037 3494 lx.)
1047 3441 1071 3481 et
1079 3439 1140 3492 apud
1151 3434 1264 3479 Nicandri
1274 3433 1440 3494 scholaruum,
1450 3435 1496 3478 iem

310 3504 402 3549 monuit
427 3518 479 3549 euin
500 3503 598 3548 Srhotto
622 3504 725 3547 Vossius
749 3504 808 3548 lust.
835 3505 923 3560 politic.
948 3504 993 3549 ΙΙΙ.
1027 3504 1067 3551 tt.
1111 3506 1147 3550 Da
1173 3505 1267 3550 Gallico
1294 3508 1376 3547 antem
1404 3504 1496 3562 elegiae

312 3577 425 3626 auclore,
451 3578 491 3617 aut
508 3578 572 3618 carte
594 3574 618 3617 ic
637 3586 665 3617 ee
686 3575 832 3628 excellente,
857 3575 945 3619 videsis
967 3575 1109 3619 Strabonem
1130 3574 1202 3620 Xlll.
1223 3571 1248 3622 i.
1271 3574 1297 3617 il'.
1321 3570 1347 3617 8.
1368 3578 1393 3616 et
1415 3573 1496 3618 Procli

312 3644 522 3688 chrestomethiam
539 3643 600 3698 apud
618 3642 729 3688 Pholium
749 3644 802 3687 cod.
823 3642 990 3689 ccxxxix.
1011 3659 1035 3699 p.
1050 3642 1125 3691 983.:
1145 3648 1202 3690 item
1218 3645 1242 3687 iu
1254 3642 1371 3688 Pulschio
1390 3643 1497 3686 Mariam

312 3713 463 3757 Victorinum
484 3727 508 3769 p.
528 3709 623 3768 2555.;
655 3726 698 3756 uec
717 3727 763 3758 uon
786 3712 955 3759 Terentianum
980 3713 1104 3770 Maurum,
1133 3715 1173 3773 qui
1192 3729 1215 3770 p.
1242 3710 1318 3757 242⁰.
1339 3714 1372 3756 ita
1394 3713 1495 3758 scribit:

307 3788 493 3841 pentametrum
511 3780 625 3827 duditant
636 3781 693 3841 quie
705 3781 924 3845 primuefinxerit
941 3790 1045 3837 auctor3
1062 3805 1091 3815 -
1103 3783 1205 3843 paidom
1216 3797 1266 3828 non
1282 3780 1399 3826 duditant
1414 3780 1498 3826 dicere

311 3849 460 3898 Callinoum.
498 3850 522 3899 7.
548 3852 609 3897 Cod.
632 3853 669 3898 bis
685 3848 710 3911 f
733 3867 778 3909 pro
797 3850 844 3911 ph.
881 3853 906 3898 8.
932 3854 972 3898 Sic
997 3855 1057 3897 Cod.
1082 3855 1157 3899 eninr.
1203 3853 1266 3897 Tum
1289 3851 1421 3917 ppoetium
1445 3865 1497 3897 cem

312 3922 473 3982 diphthongo,
502 3924 564 3980 quod
584 3928 608 3968 el
631 3925 688 3969 alibi
716 3923 854 3981 plerumque
882 3923 928 3967 eidi
953 3925 976 3968 in
1003 3925 1106 3981 antiquis
1130 3925 1199 3972 codd.
1228 3937 1271 3967 nee
1298 3935 1345 3966 aon
1370 3935 1497 3979 praecor,

309 4005 432 4051 praecee,
451 3991 634 4051 depraeliando.
655 3994 693 4039 Cl.
714 3992 745 4038 Ν.
764 3995 853 4038 maveli
871 3992 993 4038 err-ibera:
1013 3994 1088 4037 iueeit
1104 3995 1129 4038 ei
1137 3993 1279 4052 proemium
1292 3990 1373 4035 tridui
1386 3992 1435 4035 eub
1450 3997 1496 4036 cet.

269 4095 296 4150 5.
317 4094 418 4148 Revera
445 4109 517 4147 enno
543 4091 654 4148 demum
680 4109 742 4168 poet
767 4094 817 4149 Ch.
843 4095 879 4149 Ν.
906 4094 1131 4150 Mocccxxx.
1161 4093 1271 4146 decimo
1298 4092 1363 4146 Kal.
1385 4095 1497 4154 luctae,

174 4167 336 4240 Scipionum
366 4168 543 4242 sepulchrum
574 4175 602 4222 in
629 4175 707 4224 vinee
738 4169 818 4223 Sosia
845 4167 986 4226 derectum
1014 4167 1066 4222 luit
1093 4187 1149 4221 non
1168 4167 1249 4240 longe
1270 4184 1284 4218 a
1305 4184 1398 4222 verere
1419 4181 1498 4241 porra

174 4245 298 4316 Capenam
331 4243 412 4316 idque
442 4262 517 4298 nuuc
543 4249 652 4318 insigne
680 4261 907 4312 monumentum,
939 4244 1034 4298 multis
1060 4243 1232 4297 eruditorum
1253 4244 1402 4296 bominum
1423 4247 1498 4297 curie

175 4318 358 4384 illustratum,
379 4326 408 4373 in
430 4321 566 4373 Vaticano
586 4339 681 4376 museo
702 4319 868 4376 adservatur.
908 4321 992 4394 (Plio.
1012 4321 1045 4373 il.
1066 4320 1347 4386 mlitiosam.)

268 4402 313 4454 27.
333 4395 451 4448 Velleius
473 4398 629 4451 Paterculue
651 4398 688 4451 ll.
702 4401 728 4455 5.
749 4401 802 4450 air:
822 4405 889 4448 ante
904 4405 1013 4467 tempus
1028 4401 1140 4448 excisae
1154 4396 1328 4447 Numantiae
1343 4397 1497 4464 praeclaro

173 4475 205 4521 ire
226 4471 365 4538 Hispania
383 4471 488 4522 militia
507 4475 544 4526 A.
565 4474 649 4526 Bruti
660 4471 727 4542 fuid
734 4491 744 4522 .·
772 4477 834 4543 qui,
851 4475 1010 4539 penetratis
1031 4473 1157 4524 oinnibns
1176 4473 1331 4538 Hispaniae
1351 4473 1499 4538 gentibue,

173 4553 284 4612 ingenti
304 4552 337 4599 vi
358 4547 498 4599 tannacum
523 4549 681 4620 indiamque
699 4553 807 4617 politus
825 4564 957 4610 nurnero,
977 4545 1081 4611 aditis,
1107 4565 1176 4619 quoe
1201 4553 1254 4600 vix
1273 4545 1376 4598 αιιάὶἱα
1394 4554 1496 4610 croesi,

175 4622 299 4676 Callaeci
318 4640 472 4693 cognomen
497 4629 607 4678 marceia.
660 4625 745 4676 Porro
772 4639 822 4696 pro
850 4626 886 4676 A.
904 4622 988 4673 Breiti
1012 4623 1160 4693 legendum
1186 4639 1245 4675 esse
1264 4622 1377 4674 Decimi
1395 4622 1499 4687 Bruti,·

174 4698 350 4752 vehementer
369 4696 514 4752 adfirmant
535 4697 673 4755 Paterculi
692 4703 873 4775 interpretes,
892 4715 1011 4770 quoram
1024 4703 1191 4756 sementiam
1203 4696 1292 4753 codex
1303 4702 1391 4752 ettam
1402 4714 1497 4754 noster

174 4789 266 4827 serem
286 4791 346 4830 esee
364 4772 547 4830 demonstrat.
