3210 5280
1289 190 1349 254 lii
1418 240 1421 244 .

44 329 201 414 perfecta
217 328 373 412 sortasse
394 332 492 398 erat?
519 331 569 396 En
598 335 724 418 quippe
747 331 923 398 Macrobii
947 335 1064 398 locum
1091 333 1229 398 Saturn
1250 328 1297 396 ll.
1319 331 1351 395 1.

45 443 146 505 nuent
175 441 200 484 a
227 420 397 484 Tullianis
428 422 610 487 editoribus
639 422 887 488 consideratum
916 443 984 485 non
1014 423 1130 489 video:
1171 421 1288 488 Cicero
1317 423 1349 485 in

45 512 149 576 causis
177 533 272 594 qsissm
299 512 538 579 nocentissimos
565 534 640 602 reos
667 523 827 589 tueretm,
851 511 1018 575 victoriam
1038 512 1118 576 iocis
1138 517 1267 597 adeptus
1289 527 1352 579 ests

44 616 78 669 ut
100 625 176 669 ecee
198 622 261 686 pra
284 606 327 667 L.
359 605 493 682 Flacco,
528 629 619 689 qssem
647 610 888 689 repetundarum
917 626 1004 668 reum
1032 605 1094 668 ioci
1117 609 1353 690 opportunitate

48 701 86 762 sle
109 697 371 761 manifestissimis
396 699 577 774 criminibus
605 699 732 762 exemit.
776 701 809 763 ls
831 699 920 762 iocus
941 698 972 760 in
994 699 1138 762 oratione
1161 723 1223 763 non
1248 714 1353 776 extat3

45 791 121 855 mihi
143 813 184 856 ex
206 791 289 854 libro
304 792 392 855 Fusii
408 794 552 856 Bibaculi
576 803 746 866 natusest,
770 798 802 855 et
816 793 899 854 inter
913 791 972 854 slis
987 791 1052 855 eius
1068 791 1148 855 dicta
1163 795 1354 857 celebretur.

49 886 140 965 (luin
163 887 266 948 etiam
286 885 320 946 in
344 883 414 946 divi
433 886 640 967 Hieronymi
660 885 807 967 epistula
830 886 876 948 X.
892 891 927 954 5.
946 906 990 950 ex
1010 887 1077 948 lsac
1100 888 1254 950 oratione
1273 907 1356 968 pro·

41 974 207 1054 seruentur
235 972 333 1037 rerba
357 982 521 1057 quattuor
550 995 640 1058 puae
672 976 706 1036 in
734 972 934 1038 editionibus
960 973 1082 1036 nostris
1111 995 1178 1035 non
1205 975 1356 1038 videntur

52 1083 255 1128 occurrere.-
294 1063 514 1137 „Doetissimi
533 1067 660 1146 quique
674 1063 898 1140 Graecorum,
919 1065 1028 1146 inquit
1044 1062 1295 1144 Hieronymus,
1316 1063 1355 1128 de

52 1152 197 1237 „quibus
215 1174 280 1236 pro
303 1155 432 1217 Flacco
453 1174 556 1235 agens
578 1153 767 1217 luculenter
787 1153 922 1215 Tullius
945 1156 1013 1217 ait:
1034 1151 1168 1235 ingenita
1193 1153 1302 1215 levitas
1324 1164 1356 1216 et

51 1243 195 1318 „emidita
217 1243 372 1307 renites.'’
415 1243 484 1307 Sed
495 1244 698 1309 credibiliter
716 1240 898 1304 admodum
911 1241 960 1303 ad
968 1242 1132 1306 lacunam
1146 1244 1245 1305 illum
1258 1265 1357 1306 exor-

51 1335 168 1401 dientis
181 1335 297 1416 ferme
317 1336 481 1399 orationis
502 1336 643 1416 pertinet
663 1332 780 1409 locus,
801 1351 901 1413 quem
924 1329 1032 1393 lulius
1046 1332 1198 1397 Valerius
1212 1333 1356 1412 (Victor)

52 1426 165 1488 rbetor
185 1446 209 1489 a
236 1448 288 1490 me
307 1445 413 1506 nuper
434 1423 540 1489 editus
563 1423 598 1485 in
621 1424 736 1504 capite
757 1420 796 1484 de
817 1421 993 1501 principiis
1015 1423 1137 1484 recitat
1163 1424 1214 1486 liis
1237 1423 1357 1489 verbis:

50 1517 167 1594 „mices
193 1517 297 1578 etiam
322 1515 530 1597 principales
560 1514 770 1594 quaestiones
790 1510 825 1571 in
848 1511 1018 1590 principio
1042 1531 1280 1592 praecerpere,
1301 1513 1360 1578 sed

52 1626 262 1689 „praecursu
295 1607 370 1668 solo
405 1616 507 1690 atque
542 1609 656 1679 tactu,
698 1608 735 1661 ut
765 1597 805 1661 de
832 1597 883 1659 bis
917 1602 1039 1681 quaeri
1067 1599 1240 1679 videatur5
1274 1624 1359 1685 quc-

53 1695 176 1770 „modo
217 1714 281 1776 pro
314 1696 445 1758 Flacco
476 1695 630 1760 Tullius.-
666 1687 744 1752 nibii
776 1687 829 1773 egi
857 1688 913 1754 illo
943 1689 1059 1755 iudicio
1094 1690 1152 1754 nisi
1187 1704 1222 1755 ut
1259 1692 1358 1776 magi·

54 1795 194 1863 „stratus
223 1782 254 1846 in
281 1783 455 1866 provinciis
483 1805 547 1848 non
575 1785 710 1846 studeant
738 1782 895 1864 imperare
916 1784 1028 1859 sociis,
1064 1788 1150 1866 qiiod
1171 1807 1213 1848 ex
1233 1807 1291 1848 usu
1313 1784 1359 1849 rei
1410 1796 1413 1803 '

55 1875 223 1959 „publicae
244 1875 318 1939 sit.'’
361 1879 465 1942 Haec
477 1879 618 1959 inquam
631 1875 729 1942 cerba
742 1875 951 1945 collocanda
962 1877 1216 1945 sidenturcirca
1226 1880 1360 1941 initium

56 1971 207 2033 lacunae
225 1970 348 2049 capitis
369 1966 525 2044 secundi,
547 1967 704 2031 Cicerone
718 1966 791 2048 ipso
807 1966 915 2030 indice
936 1965 996 2029 uli
1015 1968 1084 2031 ait.-
1105 1965 1164 2030 uisi
1177 1965 1264 2032 iorte
1277 1987 1359 2052 quise

56 2080 108 2125 ses
139 2062 204 2123 boc
231 2058 348 2123 indicio
379 2068 537 2132 tentetur,
571 2057 648 2139 quid
684 2066 814 2142 egetur,
850 2057 901 2120 cni
934 2078 1047 2125 causae
1076 2058 1275 2124 fundamenta
1313 2061 1361 2125 ia·

56 2152 195 2228 motus,
219 2151 355 2227 iudices,
379 2173 443 2215 uon
467 2149 590 2214 ridetis.

132 2245 182 2309 De
199 2244 357 2308 Tulliani
373 2253 486 2309 textus
502 2244 636 2306 lacunis
657 2244 821 2309 bectenus
827 2257 840 2323 3
857 2263 948 2306 nunc
968 2242 1008 2307 de
1030 2247 1135 2325 ipsius
1154 2245 1361 2311 scholiastae

59 2333 246 2416 defectibus
264 2334 442 2400 dicendum
458 2343 515 2399 est.
547 2334 715 2413 Quoniam
731 2334 765 2396 in
781 2334 950 2414 rescriptis
964 2331 1161 2397 membranis
1180 2355 1362 2411 versamur,

58 2425 134 2496 sieri
154 2427 211 2486 vix
230 2431 384 2506 poterat,
404 2433 441 2488 ut
462 2426 517 2487 liic
533 2423 793 2487 commentarius
815 2422 884 2485 sine
904 2420 1105 2499 detrimentis
1126 2421 1221 2486 nobis
1240 2443 1363 2487 occur»

60 2523 155 2579 reret.
196 2513 325 2577 Etenim
338 2523 439 2576 notae
461 2522 537 2575 sunt
556 2511 853 2593 palimpsestorum
870 2513 956 2575 vices
971 2520 1075 2595 atque
1095 2511 1255 2575 conditio.
1295 2512 1363 2594 igi-

60 2613 115 2666 tur
134 2604 377 2666 commentarii
402 2602 450 2664 od
471 2605 658 2666 orationem
678 2621 741 2681 pro
762 2601 892 2663 Flacco
913 2610 1088 2682 supersunt
1109 2602 1142 2664 in
1163 2602 1281 2665 codice
1302 2602 1364 2663 Va·

59 2696 176 2756 ticano
195 2691 296 2771 solia
322 2695 425 2772 puria
455 2701 598 2772 septem,
629 2695 829 2773 insuperque
854 2692 1005 2772 paginae
1031 2689 1139 2764 duaee
1170 2692 1365 2753 summatim

59 2785 202 2862 triginta
232 2786 393 2864 paginae.
434 2783 647 2862 Palimpsesti
673 2781 908 2862 quaterniones
937 2777 1146 2861 imperfecti,
1178 2782 1214 2842 in
1243 2778 1365 2862 quibus

60 2873 210 2934 materia
229 2872 314 2934 baec
334 2873 540 2948 continetur,
560 2871 700 2947 bisunt.

80 3009 116 3079 Q·
136 3025 164 3080 p·
196 3042 205 3061 ·
231 3042 239 3061 .
265 3044 274 3061 .
301 3043 379 3077 ω.
404 3044 413 3060 .
440 3044 448 3060 .
474 3043 484 3060 .
510 3043 519 3062 .
579 3007 614 3076 Q.
627 3023 655 3078 p·
669 3006 733 3062 26⁶.
745 3005 935 3080 26⁵·„26u
948 3006 1014 3063 267.
1107 3005 1349 3078 Qantapatmpse-

80 3101 143 3156 ut.
165 3102 229 3159 eso.
250 3099 435 3173 usmis
455 3099 519 3157 ess.
567 3100 1013 3173 1.11u.272.271.„262.261.
1070 3107 1132 3151 se...
1164 3104 1195 3151 o.
1227 3104 1349 3152 usaue

165 3196 231 3253 254·
250 3198 314 3254 255.
327 3242 358 3266 v
374 3197 437 3252 248.
456 3193 520 3252 stt.
1071 3192 1237 3246 membranis
1249 3198 1350 3245 reseri-

666 3318 1011 3358 ...........
1070 3294 1137 3354 ptus
1150 3284 1227 3354 fuit,
1244 3286 1350 3339 ideireo

1070 3380 1350 3449 pagtnuslodiernae

84 3476 121 3546 Q.
133 3493 162 3549 p·
176 3477 240 3532 2⁵0.
253 3472 318 3531 249.
331 3478 443 3557 „³252
457 3478 522 3534 251.
578 3474 614 3543 Q.
633 3475 738 3546 Μὸῦ.
752 3475 816 3530 229.
1070 3474 1352 3544 praeposterasslsa·

84 3570 160 3623 ult.
179 3566 244 3626 244.
258 3571 445 3647 ἳῇἇνξθὸε.
459 3572 523 3627 257.
577 3565 634 3620 LV.
653 3568 709 3623 Pro
727 3566 825 3620 blaeso
842 3567 967 3639 explicit.
1074 3567 1338 3640 beatuduotiqnas.

175 3662 239 3721 274.
253 3668 316 3723 273.
330 3712 367 3737 v
379 3667 444 3723 260.
459 3664 522 3721 259.

64 3887 177 3952 Prima
197 3908 280 3969 ergo
303 3890 432 3952 lacuna
455 3894 501 3949 est
527 3886 735 3966 paginarum
757 3885 878 3948 saltem
898 3882 1063 3960 duarum,·
1090 3883 1264 3966 inquibus
1287 3884 1373 3948 latet

63 3979 296 4057 prohoemium
326 3981 513 4059 interpretis
540 3984 572 4038 et
598 3977 723 4056 partim
746 3975 934 4053 explicatio
963 3973 1166 4036 exordientis
1198 3976 1372 4036 orationis.

64 4067 221 4132 Secunda
251 4069 380 4132 lacuna
409 4078 456 4133 est
479 4067 687 4149 paginarum
711 4071 892 4146 quattuor‚·
922 4065 1024 4126 tertia
1051 4062 1215 4140 duorum,
1247 4073 1373 4146 quarta

66 4166 249 4239 quassum,-
272 4162 391 4242 qninta
413 4168 504 4221 octo.
545 4156 637 4238 Ergo
660 4156 921 4216 commutarius
945 4151 1062 4215 babuit
1085 4155 1233 4235 paginas
1253 4156 1373 4217 saltem

65 4252 337 4335 quinquaginta3
358 4271 504 4333 quarum
520 4251 681 4331 triginta,
703 4253 740 4307 ut
754 4246 823 4306 inm
840 4242 968 4304 dictum
981 4251 1045 4309 est,
1064 4252 1251 4321 supersunt.
1282 4241 1316 4304 N
1317 4264 1373 4304 arn

67 4339 258 4417 difficultas
282 4339 415 4423 quidem
438 4338 574 4422 legendi
594 4355 727 4417 pancos
749 4333 875 4414 oppido
897 4332 981 4394 milii
1004 4352 1111 4395 versus
1135 4333 1270 4410 eripuit.
1309 4331 1378 4394 Sed

66 4438 178 4493 tamen
200 4431 301 4492 aliud
321 4430 415 4493 adest
435 4429 643 4491 lacunarum
663 4443 788 4508 genus,
817 4423 1021 4485 Graecorum
1036 4421 1177 4484 scilicet
1202 4420 1375 4484 verborum

68 4519 241 4600 desectus,
273 4519 393 4602 quibus
420 4520 576 4599 interpres
604 4515 786 4578 Tullianus
807 4531 965 4592 persaepe
991 4530 1069 4572 usas
1086 4508 1226 4590 fuerat3
1257 4513 1316 4575 sed
1334 4533 1376 4576 ea

69 4609 167 4674 verba
197 4631 303 4693 quum
332 4610 416 4672 olim
443 4630 511 4672 non
540 4613 746 4681 atramento,
777 4601 835 4664 sed
862 4605 974 4665 nescio
1006 4622 1075 4684 quo
1106 4601 1264 4663 colorato
1292 4621 1376 4664 suco

68 4703 197 4780 scripta
204 4699 375 4782 fuissent,
396 4710 515 4782 postea
521 4697 682 4778 funditus
697 4692 909 4774 palimpsesti
921 4692 1013 4754 lotor
1027 4690 1162 4765 delevit,
1182 4710 1289 4774 neque
1307 4694 1377 4755 iam

339 4826 409 4919 σύ
