3210 5280
375 218 426 285 IN
446 217 554 286 ACT.
577 221 626 284 it.
649 219 699 284 itt
722 219 764 285 C.
789 218 994 284 VERREM
1015 218 1107 281 LlB.
1129 218 1160 282 l.
1359 217 1419 282 toti

198 361 243 438 (5.
268 357 337 438 38.)
358 357 532 425 Beneventi
548 380 616 423 esse
636 361 747 441 iussit]
790 357 1003 423 Beneventani
1020 356 1162 442 plerique
1179 357 1296 437 Syllani
1317 370 1418 424 erant.

198 453 243 530 l§.
267 454 335 531 39.)
357 451 435 515 Non
455 449 556 514 modo
578 442 707 532 existit]
752 450 912 536 Emergit,
936 449 1100 524 exoritur,
1126 452 1279 535 exsurgit.

149 590 155 595 -
197 548 243 623 (§.
267 548 335 625 tl.)
358 542 530 607 Malleolo
552 542 682 624 occiso]
726 546 877 608 Oratorie
898 562 958 625 pro
982 554 1106 631 mortno
1129 545 1267 607 occisum
1289 544 1378 608 dixit.

199 638 297 714 Quae
323 640 357 699 in
387 636 461 715 ipso
489 629 642 693 valebant
674 638 835 716 orimma]
878 636 1029 719 Apertins
1051 637 1114 698 boc
1142 649 1252 717 postea
1283 640 1420 701 dicturus

116 739 162 792 est
194 726 331 791 Tullius.
389 719 513 787 Etenim
543 733 707 787 aecusator
733 729 935 804 Dolabellae,
972 729 1085 792 volens
1114 729 1214 791 indice
1242 733 1347 793 Verre
1376 729 1444 792 titii

115 831 227 882 contra
249 817 466 887 Dolabellam,
496 811 610 873 librum
633 819 793 881 criminum
817 822 1025 887 communium
1049 823 1163 885 Verris
1185 834 1215 884 et
1237 823 1421 886 Dolabellae

116 914 213 977 Vetti
237 914 391 987 ostendit,
426 921 456 973 et
478 909 621 990 promisit
643 912 719 972 baec
745 934 777 976 se
804 914 931 977 crimina
962 936 1024 976 non
1051 915 1266 991 obiecturum,
1300 916 1327 977 si
1357 913 1418 977 sibi

117 1009 241 1071 Verres
263 1019 294 1069 et
317 1010 341 1082 †
365 1002 574 1088 proditionem
597 1001 781 1068 Dolabellae
803 1013 953 1088 proderet
979 1017 1010 1068 et
1035 1006 1246 1069 testimoninm
1270 1010 1421 1069 adversus

119 1120 186 1162 eum
209 1099 341 1162 diceret.
386 1099 457 1179 Qna
479 1115 514 1156 te
531 1096 653 1156 Verres
668 1098 883 1176 Dolabellam,
907 1100 957 1163 cni
972 1100 1092 1184 legatus
1115 1111 1144 1161 et
1170 1121 1230 1180 pro
1253 1111 1420 1182 qttaestote

116 1192 241 1266 isserat,
279 1210 466 1276 oppugnare
484 1188 674 1267 compulsas
703 1202 761 1251 est.
815 1193 972 1257 inimicos
999 1203 1102 1254 atatem
1131 1201 1419 1275 accusatoresque
1432 1203 1461 1252 tt

118 1284 305 1348 Dolabellae
328 1286 496 1349 Caesarem
519 1279 605 1342 dicit.
648 1281 729 1342 liam
750 1285 887 1346 Scattrns
902 1285 1101 1347 Dolabellam
1126 1282 1217 1345 aliam
1240 1283 1476 1355 accusavimus]

119 1396 176 1439 nec
197 1379 344 1441 damnare
366 1376 480 1460 potuit.
879 1392 883 1399 ·

200 1471 309 1535 Miser
327 1491 406 1533 oum
425 1465 520 1545 esset]
555 1465 710 1528 Miserum
727 1489 786 1549 pro
802 1469 965 1532 innocente
982 1468 1106 1533 Tullius
1120 1465 1223 1550 ponit.
1257 1466 1309 1530 Sic
1323 1464 1416 1529 alibit

114 1622 119 1634 ⁸
213 1641 239 1690 i.
258 1631 459 1698 Beneventani]
484 1631 680 1681 benertenetoni
699 1633 789 1684 Ptine.
808 1632 916 1685 iterato.

205 1711 232 1764 2.
251 1707 318 1758 Non
337 1705 417 1757 modo
435 1708 545 1773 existit]
574 1708 665 1758 Ptine.
683 1704 791 1758 Berald.
813 1707 875 1758 Atd.
898 1704 984 1778 Lugii.
1003 1735 1041 1748 -
1062 1709 1129 1759 Non
1147 1705 1229 1757 modo
1247 1723 1302 1757 nort
1320 1710 1421 1758 existit

122 1777 186 1836 toi.
206 1797 235 1835 et
255 1797 327 1853 seqq.
350 1798 411 1831 curn
432 1779 509 1833 editt.
532 1784 681 1832 Ciceronis.
706 1808 736 1819 -
758 1781 880 1850 „Verum
902 1797 974 1833 certe
994 1785 1087 1833 existit
1107 1798 1134 1834 et
1154 1786 1257 1847 oritur,
1277 1797 1421 1851 autequam

121 1862 267 1928 opprimit:
288 1872 410 1927 perversa
431 1871 470 1907 est
491 1859 574 1926 igitur
594 1858 744 1912 sententiat
764 1873 797 1906 ne
816 1861 875 1925 quis
895 1859 967 1907 enim
986 1861 1085 1906 existit
1105 1871 1181 1927 putet
1202 1872 1263 1908 ease
1283 1855 1421 1925 adparet,

121 1937 240 2004 primurn
260 1935 298 1983 ita
318 1929 373 1982 dici
394 1931 446 1982 boe
466 1929 576 1999 quidem
595 1929 657 1981 luco
676 1933 774 1979 existit
794 1934 836 1981 sis
855 1947 963 2002 potem
982 1930 1078 1982 deinde
1099 1935 1187 1983 inanis
1212 1945 1253 1983 est
1272 1935 1422 1998 sementia,

122 2007 228 2060 occulta
249 2024 305 2058 nou
325 2006 469 2076 adparere;
489 2021 628 2076 postremo
647 2020 758 2076 propter
777 2021 872 2055 verum
891 2011 976 2056 etiam
997 2008 1062 2058 baec
1082 2005 1139 2057 dici
1153 2004 1276 2057 absolute
1289 2021 1344 2056 uou
1360 2023 1422 2076 pos·

121 2098 199 2146 sant,
218 2079 265 2133 sed
285 2080 317 2131 ad
338 2088 484 2150 antequam
504 2083 650 2150 pertinent.
689 2078 841 2149 legendum
856 2084 942 2150 igitur
955 2085 1126 2132 conteteram
1139 2097 1193 2130 non
1206 2078 1288 2129 modo
1306 2084 1404 2130 existit
1411 2103 1422 2142 ,·

123 2172 233 2228 eamque
253 2155 400 2206 lectionem
424 2160 509 2226 reperi
530 2169 621 2227 postea
643 2157 671 2204 iu
691 2153 733 2204 ed.
755 2154 776 2205 1.
798 2159 908 2205 Asconii
930 2158 967 2221 [et
981 2153 1100 2221 Berald]
1120 2169 1146 2207 et
1162 2153 1284 2206 Aldina.'¹
1305 2152 1420 2207 MADV.

123 2230 200 2286 Corsi.
221 2229 425 2282 adnotationem
445 2229 585 2301 Zumptii,
613 2232 658 2297 qui
686 2226 799 2280 alterum
819 2246 875 2281 non
894 2246 943 2281 suo
963 2230 1052 2283 Marte
1073 2227 1188 2294 delerit,
1220 2233 1329 2281 nescius
1350 2230 1422 2281 hanc

122 2304 267 2361 lectionem
288 2306 322 2356 ab
341 2310 489 2375 interprete
508 2320 603 2357 nostro
622 2305 732 2355 tirmari.

207 2386 236 2440 5.
255 2380 391 2432 Malleolo
415 2382 516 2447 occiso]
566 2380 636 2431 Huic
662 2377 787 2430 iernmari
814 2383 842 2431 in
868 2379 960 2431 Ptine.
980 2375 1086 2430 Berald.
1114 2374 1173 2429 sid.
1200 2374 1268 2429 Lod.
1297 2375 1420 2429 subiecta

124 2469 183 2507 sant
203 2455 285 2508 uerba
304 2456 461 2523 Srtspicioso
480 2488 497 2498 -
515 2488 531 2498 .
552 2484 570 2496 -
579 2452 685 2523 faciles
703 2461 745 2503 est
765 2454 885 2518 Verres,
912 2468 979 2523 quae
1005 2470 1054 2503 nos
1074 2468 1134 2504 cum
1156 2450 1240 2522 bugd.
1261 2448 1325 2504 Hot.
1346 2454 1421 2505 Man.

124 2527 202 2584 Creu.
222 2534 393 2582 restituimus
413 2546 466 2599 quo
486 2532 637 2600 pertinent,
658 2526 718 2579 scil.
738 2527 770 2578 ad
790 2529 813 2594 b.
832 2529 878 2584 90.
899 2543 957 2599 pag.
972 2529 1018 2586 69.
1037 2527 1102 2579 iios.
1140 2528 1240 2579 Contra
1254 2544 1285 2576 ex
1300 2526 1346 2579 illo
1358 2525 1421 2578 loeo

123 2601 174 2656 bac
193 2621 258 2658 cum
279 2605 375 2656 iisdem
397 2602 551 2655 reduximus
572 2605 651 2655 rerba
671 2601 805 2654 Oratorie
820 2621 849 2672 p.
868 2620 904 2654 m.
923 2619 978 2654 occ.
1000 2600 1083 2653 dixit.
1128 2602 1192 2654 Rem
1220 2605 1422 2673 apertissimam

123 2676 192 2733 baud
212 2683 348 2751 perspexit
369 2680 517 2742 Graevius,
535 2682 581 2749 qui
601 2677 669 2730 baec
689 2677 841 2730 adnotavit:
861 2676 944 2746 ,Μὰ
970 2677 1126 2746 Suspicioso
1145 2681 1235 2728 occiso
1253 2676 1338 2726 verbo
1357 2693 1423 2726 mres

124 2764 173 2809 est.
210 2755 286 2807 Nam
305 2771 359 2804 non
378 2757 499 2817 insistit,
524 2761 555 2803 tet
574 2751 708 2824 improbet
728 2771 745 2802 a
764 2754 857 2806 Verre
876 2756 992 2802 occisam
1010 2769 1083 2815 esse,
1108 2752 1158 2803 sed
1173 2756 1216 2802 ita
1234 2752 1297 2801 vult
1314 2751 1423 2816 videri,

123 2835 183 2900 qaia
203 2830 291 2883 Verri
310 2845 385 2879 mors
403 2834 461 2878 eins
479 2831 555 2879 lacro
572 2827 641 2893 feeit.
687 2827 816 2878 Alteram
836 2828 938 2878 tretclae
950 2825 1012 2897 filii
1031 2827 1141 2878 Metelli
1159 2835 1238 2878 tritor
1249 2827 1354 2894 jacitis
1371 2834 1422 2879 est.

123 2904 226 2957 Ultima
251 2903 360 2975 quidem
382 2904 462 2955 serbe
481 2919 544 2955 suut
564 2914 691 2972 corrupta
711 2918 739 2954 et
759 2907 786 2954 in
807 2906 943 2975 principio
963 2901 1125 2972 tegendum,
1155 2902 1310 2971 Suspicioso
1335 2899 1421 2951 verbo

125 2984 245 3033 occiso
265 2995 330 3028 risus
347 2986 399 3030 est.
419 2993 464 3030 aut
484 2983 572 3029 occiso
592 2975 736 3028 delendum
756 2993 783 3029 et
802 2975 986 3049 reponendum
1001 2980 1072 3028 inter
1084 2992 1225 3029 contextus
1240 2974 1336 3038 verba,
1354 2990 1422 3044 quae

125 3053 308 3126 explicantur,
336 3053 382 3105 nbi
404 3057 431 3105 in
452 3053 514 3105 MS.
534 3051 751 3111 desideraturum
780 3053 877 3104 deinde
897 3068 945 3120 pro
964 3051 1099 3119 improbet
1118 3049 1290 3103 scribendum
1307 3049 1422 3118 probet,-

124 3128 212 3180 nullue
232 3144 325 3180 tamen
345 3126 456 3191 dubito,
479 3132 543 3199 quin
565 3129 632 3179 baec
651 3126 731 3176 uerba
752 3131 807 3178 sint
828 3129 956 3188 ticonii,
975 3129 1002 3176 in
1024 3127 1084 3177 aliis
1104 3126 1180 3179 libris
1203 3126 1272 3176 rusie
1291 3125 1421 3176 auriera'·

124 3205 268 3259 Graevlum
288 3219 420 3273 suumque
440 3207 578 3274 ingenium
598 3216 707 3254 secutus
728 3200 873 3253 Scbtiteiue
894 3216 981 3253 totum
1002 3200 1125 3252 scholion
1139 3200 1327 3254 siceabibuit:
1347 3199 1424 3249 Mal-

124 3278 190 3331 teoto
209 3280 311 3344 occiso]
332 3277 465 3329 Oratorie
481 3294 535 3347 pro
554 3285 664 3328 morteto
683 3281 803 3328 occisum
822 3275 907 3325 dixit.
945 3276 1100 3335 Suspicioso
1112 3277 1197 3326 verbo
1217 3279 1340 3327 occiso
1360 3291 1425 3324 resrte

126 3362 182 3412 ests
201 3369 267 3403 nam
285 3370 341 3403 non
358 3358 480 3417 insistit,
500 3359 531 3401 at
547 3353 646 3421 probet
664 3368 683 3400 a
703 3351 793 3404 Verre
811 3355 929 3403 occisam
947 3367 1021 3413 esse,
1040 3350 1090 3401 sed
1107 3356 1149 3400 ita
1161 3351 1224 3401 nult
1235 3350 1340 3407 videri.
1359 3355 1424 3418 prtia

126 3427 548 3495 Verrinrorseiaslucrojnit‚
564 3434 681 3494 propter
700 3441 770 3478 eatn
790 3441 891 3494 quam
912 3425 1044 3477 Cicero
1065 3425 1154 3477 dicit
1175 3423 1423 3487 hereditatem,

125 3503 240 3554 alteram
250 3508 423 3570 quaestoriae
432 3506 641 3573 procurationis
653 3502 771 3552 alteram
786 3500 905 3562 tutelae,
918 3503 982 3569 prtia
988 3498 1049 3570 filii
1058 3500 1169 3551 Metelli
1178 3497 1364 3569 tutorsactus
1372 3506 1424 3552 est.

126 3645 170 3700 m
208 3581 234 3633 tt.
254 3580 372 3646 inipso]
403 3580 493 3631 Ptine.
512 3576 617 3631 Berald.
640 3576 702 3630 ati.
726 3603 764 3617 -
787 3580 817 3627 in
834 3580 923 3644 ipsam
943 3575 1011 3629 Lod.
1040 3602 1077 3617 -
1104 3580 1134 3627 in
1152 3580 1236 3627 istum
1255 3571 1340 3647 bugd.
1360 3575 1423 3626 liat.

172 3667 199 3703 n.
219 3651 300 3704 Cten.
556 3671 561 3679 ·

196 3723 268 3778 ibid.
288 3724 337 3777 lsoc
352 3725 465 3797 postea]
485 3741 542 3779 om.
564 3722 672 3781 Berald.

198 3797 270 3853 ibid.
289 3800 426 3872 dictratts]
458 3800 583 3855 dtotnros
602 3801 693 3852 Petne.

214 3881 243 3934 8.
260 3875 462 3945 proditionem]
493 3873 540 3927 Sic
558 3872 686 3928 mendose
704 3874 793 3930 Priuc.
812 3871 919 3928 Derald.
939 3872 1002 3931 did.
1024 3870 1093 3931 Lod.
1123 3900 1158 3916 -
1188 3888 1300 3925 emesam
1317 3889 1425 3925 omnem

126 3945 208 4020 bugd.
233 3949 296 4002 ilos.
316 3951 393 4002 Man.
412 3952 492 4003 Creu.

213 4027 240 4082 9.
256 4041 311 4095 pro
329 4027 485 4103 quaestore]
516 4032 702 4095 propuaestor
720 4023 797 4077 Man.

196 4106 242 4155 ¹0.
261 4099 392 4152 Inimicus
420 4107 513 4154 eutem
538 4102 602 4166 cen]
639 4099 816 4169 ,Utrumque
843 4093 956 4150 laisum:
989 4095 1063 4166 altu]
1092 4100 1167 4149 enlm
1195 4111 1236 4151 est
1266 4095 1424 4162 Dolabella,

126 4187 203 4242 quens
224 4173 326 4226 Caesar
344 4179 492 4227 accusarit:
525 4188 551 4226 et
572 4178 626 4226 iam
645 4190 726 4244 supra
745 4176 778 4224 ad
799 4175 1002 4225 Divinationem
1022 4187 1081 4243 cap.
1102 4178 1127 4230 7.
1150 4176 1187 4244 [p.
1210 4176 1272 4228 tto.
1292 4171 1311 4224 l.
1332 4176 1358 4231 5.
1378 4173 1425 4224 ubi

126 4245 176 4299 rid.
202 4249 367 4316 Manutius]
395 4253 530 4301 Asconius
557 4264 703 4317 utrumque
728 4244 861 4301 conludii.
899 4249 978 4300 lione
1003 4243 1173 4300 Dolabellam
1199 4261 1291 4301 autem
1310 4247 1426 4301 Ciliciae

123 4335 278 4392 praetorem
298 4339 313 4373 a
334 4325 374 4378 M.
395 4322 497 4376 Scauro
517 4339 674 4376 accusatum
693 4339 750 4377 esse
770 4321 873 4375 diserte
891 4323 961 4374 dicit
989 4323 1087 4374 Cicero
1103 4325 1167 4375 det.
1194 4323 1218 4375 l.
1244 4325 1273 4374 ln
1300 4323 1374 4374 t'err.
1399 4338 1426 4373 c.

125 4398 167 4455 59.
186 4397 220 4449 ad
240 4415 319 4468 quem
338 4398 431 4452 locum
451 4402 517 4472 ipsis
537 4397 608 4464 illis,
627 4412 696 4470 quae
715 4402 847 4453 Asconius
867 4397 958 4468 paullo
977 4411 1039 4449 aute
1052 4395 1085 4448 de
1098 4410 1256 4450 accusatore
1269 4394 1426 4448 Dolabellae

126 4477 449 4600 pzzarlthmspicitur,
479 4489 510 4526 at
534 4477 580 4526 vix
608 4472 717 4526 credam
744 4477 796 4525 ista
822 4471 901 4524 rerba
920 4477 1045 4523 inimicos
1063 4501 1082 4514 -
1097 4477 1190 4541 potnit
1209 4473 1320 4524 Asconii
1340 4469 1426 4523 esse!⁸

200 4627 243 4682 15.
263 4623 400 4674 Miserum
416 4640 471 4692 pro
487 4622 647 4695 innocente]
684 4622 765 4690 ,Hoc
792 4624 993 4691 ineptissimum
1021 4636 1072 4673 est.
1109 4620 1200 4672 Miser
1218 4618 1319 4672 dieitur
1338 4618 1427 4672 Dola-

128 4690 211 4761 bella,
244 4695 315 4766 quod
342 4698 485 4752 damnatus
509 4713 551 4750 est
576 4694 790 4770 repetundarum
817 4714 903 4766 neque
929 4701 957 4747 in
983 4695 1069 4749 altero
1093 4695 1156 4747 loco
1175 4698 1317 4750 Ciceronis
1343 4700 1427 4748 miser

128 4769 298 4826 innocentem
318 4767 480 4844 significat.”
507 4771 584 4828 seii.
763 4769 834 4823 ibid.
853 4771 899 4822 Sic
917 4765 997 4843 alibi]
1016 4770 1098 4826 Catil.
1117 4771 1155 4825 it.
1173 4785 1199 4827 c.
1219 4774 1246 4828 7.
1264 4771 1287 4837 §-
1310 4773 1353 4830 id.
