3210 5280
562 240 615 305 m
646 239 971 307 usnouruuau.
1084 211 1085 215 '
1375 244 1418 306 ns

117 382 193 442 haec
211 379 293 443 dixit
318 381 356 442 ad
382 381 532 442 verbum:
564 381 718 459 †Quae¹
733 381 771 459 Q.
792 370 1006 442 Hortensium
1025 378 1165 449 dixisse.
1186 389 1224 442 nt
1245 390 1343 444 extra
1368 402 1421 444 or-

118 473 224 536 dinem
248 480 469 555 quaereretur
490 470 587 553 opud
609 479 838 553 quaestorem,
861 470 1039 531 aestimare
1051 469 1234 546 futurum,
1256 480 1312 543 nt,
1343 478 1492 538 curiensi]

116 564 281 643 pusillum
301 561 420 624 edisset
442 560 651 635 dulcedinis,
674 558 818 638 largiter
836 556 1029 619 acerbitatis
1049 557 1238 621 devoraret:
1265 558 1420 621 adversus

117 653 282 714 hominem
313 653 524 732 ingeniosum
559 650 694 730 ingenio
730 651 784 709 usi
810 667 944 722 snmus,·
985 651 1165 710 invenimus
1186 646 1336 722 Fufium,
1362 652 1424 732 qni

117 740 263 802 diceret:
285 739 453 815 Diuide,·
487 740 642 821 reliquae
665 740 759 817 parti
781 739 961 800 sententiae
988 758 1053 817 ego
1074 747 1107 799 et
1128 738 1296 798 Salustius
1321 741 1446 800 iuter-5

118 831 288 890 cessimus.
329 831 418 891 Haec
439 830 571 900 concio,
595 840 628 890 ut
650 838 747 908 pssio,
770 827 925 907 explieat,
955 827 1082 908 etquid
1105 839 1229 888 senatus
1252 830 1420 890 decernere

119 920 275 993 saisierit,
297 934 329 983 et
351 923 421 1003 quis
439 921 622 983 divisionem
641 920 866 1001 postulaverit,
898 918 1018 1002 etquis
1044 919 1272 993 intercesserit,
1295 933 1324 980 et
1349 942 1417 982 ctrr.

119 1010 199 1073 lllud
223 1034 283 1077 ros
309 1014 484 1077 meminisse
505 1037 567 1076 non
588 1014 716 1087 dubito,
742 1034 799 1093 per
822 1012 864 1091 Q.
888 1012 1010 1075 Fufium
1034 1012 1088 1075 illo
1110 1033 1237 1095 quoqne
1256 1026 1417 1095 tempore,

118 1124 181 1183 qna
203 1107 242 1166 dc
264 1107 384 1169 incesto
410 1109 451 1171 P.
473 1107 579 1172 cintii
606 1117 707 1167 aetum
727 1117 794 1182 cst,
817 1104 952 1180 lactum,
976 1127 1014 1167 ne
1035 1126 1053 1167 a
1074 1118 1181 1169 senatu
1204 1108 1344 1189 asperius
1366 1112 1420 1169 de*

117 1210 315 1261 cerneretur.
449 1250 452 1255 .
1431 1208 1462 1257 11

200 1290 252 1353 De
275 1293 317 1352 L.
341 1292 484 1356 Domitio
507 1292 600 1356 dieii:

199 1387 251 1461 (§.
274 1385 351 1461 it.)
392 1384 536 1448 Dederas
551 1388 655 1460 enim,
677 1404 781 1467 qnam
803 1393 1026 1451 contemneres
1049 1386 1233 1466 populares
1254 1385 1419 1462 insanias,

119 1476 186 1537 iam
208 1477 253 1538 ab
272 1477 503 1539 adolescentia
525 1475 726 1538 documento
748 1475 911 1535 maniosa.
1355 1506 1360 1513 -

200 1564 417 1629 Constantiam
443 1568 487 1629 L.
510 1564 660 1640 Domitii,
697 1584 788 1646 qttarn
812 1563 843 1624 in
871 1573 1018 1644 praetura
1040 1561 1215 1645 praestitit,
1249 1563 1417 1648 signifieat.

208 1804 235 1853 1.
255 1798 332 1868 Quae
354 1797 388 1867 Q.
409 1799 587 1849 Hortensium
603 1797 721 1868 dixisse]
741 1799 832 1851 Princ.
852 1795 913 1851 sid.
933 1795 1018 1868 Lugd.
1039 1797 1116 1851 Man.
1137 1821 1172 1836 -
1192 1797 1269 1866 Quae
1288 1797 1322 1865 Q.
1340 1796 1421 1846 Hor-

116 1878 219 1924 tensius
236 1872 356 1923 dizisset
375 1872 482 1926 Berald.
504 1872 570 1925 Lod.
603 1901 640 1914 -
668 1873 702 1941 Q.
722 1873 901 1924 Hortensium
919 1872 1024 1924 dixisse
1050 1872 1124 1947 (om.
1137 1876 1224 1944 quae)
1250 1871 1315 1925 ilos.
1339 1872 1420 1925 cren.

116 1976 150 1993 -
168 1948 285 2001 Malim:
306 1946 388 2017 Quod
401 1948 438 2016 Q.
458 1949 626 1999 Hortensius
644 1947 774 2001 dixisset.

209 2030 237 2079 2.
255 2023 344 2093 aprus]
365 2031 396 2073 ut
413 2022 489 2093 apud
506 2022 570 2074 Lod.

189 2096 264 2151 llsid.
282 2097 468 2168 quaestorem]
486 2103 669 2166 qssaesitorem
687 2096 771 2170 Logd.
792 2097 857 2150 Hos.
879 2096 957 2150 Man.
976 2096 1056 2150 Creu.

189 2169 260 2223 ibid.
280 2175 441 2240 aestimare]
460 2175 590 2222 estimare
606 2172 696 2227 l'riuc.
765 2168 835 2223 lbid.
856 2178 886 2221 rst
905 2174 976 2237 cum]
998 2178 1091 2224 utrum
1106 2171 1198 2224 Princ.

208 2248 235 2303 ὅ.
256 2246 370 2312 edisset]
392 2244 476 2317 Lugd.
489 2246 553 2298 llos.
569 2247 645 2298 Mon.
658 2247 740 2299 Creo.
763 2276 793 2288 -
815 2244 936 2296 dedisset
952 2250 1065 2318 priores.

206 2320 236 2374 d.
257 2326 370 2388 ingenio
385 2326 429 2370 usi
448 2322 554 2390 sumus]
575 2319 658 2390 Lugd.
681 2323 746 2375 llot.
766 2321 843 2373 Man.
862 2320 945 2373 Creo.
965 2349 1003 2361 -
1020 2337 1076 2371 non
1096 2322 1209 2386 ingenio
1230 2320 1286 2368 nisi
1302 2332 1422 2367 summus

117 2395 210 2449 utne.
227 2395 291 2448 Ati.
311 2422 347 2434 -
364 2413 421 2446 nort
439 2400 552 2463 iugenio
570 2400 613 2445 usi
631 2412 723 2446 sumus
741 2394 847 2447 Berald.
863 2393 931 2445 Lod.
953 2424 983 2436 -
1007 2396 1100 2460 ,Com
1122 2398 1150 2446 ln
1173 2392 1245 2444 libro
1265 2390 1335 2444 houd
1354 2395 1420 2443 satis

116 2474 247 2540 antiqno,
275 2484 366 2522 tamen
395 2476 594 2541 manuscripto,
627 2486 706 2539 quem
732 2473 872 2523 Bononiae
897 2469 967 2535 vidi,
997 2477 1129 2542 scriptum
1151 2483 1220 2520 esset
1237 2472 1293 2519 nisi
1310 2482 1421 2516 stemus:

116 2542 259 2615 legendu-
281 2549 371 2616 putas-i
392 2550 435 2595 nsi
452 2544 571 2597 stuntu.’'
591 2544 736 2597 Manui.
757 2548 784 2595 in
804 2540 888 2613 Lugd.

211 2623 239 2675 5.
271 2618 392 2678 Divide,·
421 2620 540 2687 reliquae
557 2625 637 2688 porti
662 2621 829 2684 sententiae]
861 2617 907 2670 ste
927 2621 1035 2689 scripsi.
1072 2647 1107 2660 -
1146 2615 1283 2668 diuideret
1302 2619 1422 2687 reliquae

114 2698 208 2760 partis
227 2699 393 2744 senientiam
409 2695 498 2759 Ptine.
518 2691 624 2745 Berald.
639 2691 703 2746 Ald.
720 2694 788 2746 Lod.
809 2722 846 2734 -
865 2691 1002 2744 divideret
1019 2699 1196 2744 seutentiam.
1217 2693 1423 2762 reliquuepnrti

119 2766 202 2839 Lugd.
221 2768 286 2819 Hor.
310 2769 384 2821 ulau.
405 2767 487 2820 Creo.
756 2773 783 2827 9.
802 2765 921 2836 incesto]
943 2769 1035 2822 Ptine.
1052 2766 1112 2822 aid.
1132 2796 1169 2810 -
1187 2754 1292 2818 indestu
1307 2771 1403 2823 ceteri.

191 2846 238 2896 tt.
307 2882 313 2892 .
337 2841 404 2895 Lod.
424 2840 510 2910 Lugd.
531 2841 596 2894 Hos.
615 2843 692 2895 Man.

140 2988 168 3041 M
191 2920 239 2971 12.
277 2920 354 2984 uam]
375 2914 443 2970 Lod.
455 2916 520 2968 llot.
538 2916 615 2969 Man.
635 2918 717 2971 Creo.
734 2945 773 2960 -
790 2916 864 2988 quod
878 2917 968 2969 Prino.
991 2918 1059 2990 (per
1079 2913 1293 2989 compendium)
1315 2914 1422 2971 Berold.

119 2992 138 3042 1
170 2991 238 3041 .1.ιι
257 2991 285 3043 d.

192 3010 304 3135 11181]
323 3061 409 3135 Lugd.
424 3064 489 3117 llot.
503 3064 581 3119 Mau.
600 3065 682 3118 Creu.
701 3093 738 3108 -
763 3063 814 3116 Cn.
833 3065 944 3119 Graevii
963 3065 1025 3119 cod.
1041 3066 1133 3118 Princ.
1150 3063 1258 3120 Berald.
1274 3065 1335 3120 sii.
1356 3062 1423 3117 Lod.

117 3137 213 3190 codem
230 3155 338 3202 errore,
363 3156 417 3209 quo
436 3154 516 3210 supra
554 3155 596 3211 og.
616 3144 679 3198 117.
695 3140 778 3203 Ηοι.,
810 3156 892 3209 quum
913 3145 1035 3212 proxime
1055 3138 1230 3195 antecedente
1252 3158 1329 3192 sessu
1351 3156 1423 3193 reete

118 3211 241 3285 lapsuri
261 3214 306 3266 De
326 3213 358 3265 l..
373 3214 502 3265 Domitio
521 3158 598 3267 dicit.
765 3216 810 3269 111.
830 3214 959 3281 Domitia]
979 3215 1090 3266 Domiti
1107 3216 1197 3268 Princ.

191 3286 265 3342 lbid.
285 3293 314 3338 in
327 3296 463 3357 proeium
477 3291 636 3358 praestitit]
658 3288 714 3354 ,irs
734 3296 884 3357 quaestura
904 3288 1031 3352 mallem,
1051 3306 1113 3340 cum
1130 3289 1297 3360 significetur
1317 3305 1424 3358 tempos
1526 3293 1530 3299 '

119 3360 201 3419 illud.
235 3379 291 3432 quo
311 3364 342 3415 (Σ.
371 3363 503 3415 Manilius
528 3363 592 3414 trib.
614 3365 650 3435 pl.
671 3361 737 3415 init:
767 3368 813 3433 qui
840 3361 892 3415 luit
913 3379 998 3415 annus
1022 3366 1053 3416 C.
1065 3362 1186 3429 Pisone,
1216 3366 1257 3419 Μ.
1274 3364 1424 3418 Glabrione

118 3436 295 3501 consulibua,
314 3436 385 3507 quod
406 3455 438 3488 ex
456 3441 516 3508 ipso
535 3436 655 3490 Pediano
673 3437 738 3490 licet
758 3437 885 3509 colligere
907 3436 957 3506 [od
977 3438 1169 3491 camelianum
1189 3459 1216 3512 p.
1231 3442 1277 3496 96.
1295 3442 1358 3510 sq.].
1391 3438 1423 3490 i..

119 3525 208 3562 antem
231 3513 370 3564 Domitius
392 3526 545 3583 praeturam
563 3517 647 3582 gessit
667 3513 695 3564 L.
715 3513 830 3577 Pisone,
851 3519 882 3566 A.
897 3512 1017 3565 Gabinio
1031 3512 1205 3579 consulibus,
1224 3512 1295 3586 qood
1309 3514 1424 3566 historia

119 3586 317 3640 demonsuat.”
337 3587 477 3640 Manui.
491 3590 519 3637 in
537 3586 656 3639 editione
670 3602 817 3658 postrema.
855 3585 975 3639 Eandem
990 3591 1208 3641 emendationem
1224 3601 1424 3661 proposuerunt

119 3659 461 3731 esiaaaFerrattosEpiat.
483 3660 811 3719 alenconensis
844 3661 876 3713 ad
901 3661 1001 3715 Milon.
1022 3679 1046 3716 c.
1066 3665 1092 3718 8.
1143 3663 1276 3716 Putabam
1302 3663 1426 3727 scilieet,

118 3736 266 3805 significari
287 3730 382 3787 nostro
401 3734 464 3785 loco
484 3738 596 3787 eandem
622 3734 726 3807 legem,
754 3752 868 3806 quama
896 3738 963 3789 Caio
982 3737 1099 3789 Manilio
1124 3738 1233 3790 tribuno
1252 3736 1338 3809 plebis
1362 3753 1425 3790 ann.

118 3809 180 3867 ssi.
204 3809 291 3862 latam
312 3825 530 3862 memoraverunt
550 3816 682 3864 Asconius
711 3808 744 3861 ad
770 3812 963 3865 Cornelianum
983 3827 1009 3863 et
1029 3815 1082 3865 Dio
1097 3812 1207 3865 Cassius
1227 3813 1356 3866 XXXVI.
1381 3815 1425 3866 25.

116 3882 191 3950 Qaid
210 3884 265 3937 hac
287 3884 403 3938 Manilia
422 3883 480 3955 lege
500 3889 636 3937 sancitam
659 3900 746 3950 esset,
774 3890 907 3938 Asconius
925 3904 980 3937 non
998 3884 1099 3940 diserte
1120 3885 1266 3951 indicavit,
1295 3885 1341 3939 sed
1364 3900 1425 3937 eam

118 3956 200 4009 latam
220 3957 291 4011 dixit
309 3957 343 4008 de
370 3958 561 4010 libertinorum
586 3951 735 4031 siffrogiis
760 3965 997 4033 perniciosamque
1015 3958 1108 4014 luisse.
1156 3964 1208 4014 iiio
1231 3961 1340 4013 Cassios
1363 3977 1425 4012 sero

119 4032 267 4086 itansunm
287 4037 326 4084 ait
345 4031 482 4085 libertinis
501 4031 559 4105 lege
576 4049 623 4087 sua
640 4032 761 4093 dedisse.
787 4044 818 4086 ut
835 4053 894 4086 cuns
913 4041 1045 4105 patronis
1064 4041 1122 4086 suis
1140 4030 1280 4106 suffragia
1292 4034 1423 4105 ferrent.

117 4105 188 4159 llaie
205 4107 374 4179 persimilem
391 4104 474 4159 luisse
493 4106 580 4178 legem
601 4125 676 4172 eant,
695 4115 772 4161 coins
790 4125 885 4163 nostro
903 4108 965 4162 loco
986 4115 1088 4162 montio
1105 4108 1176 4162 iacto
1197 4127 1253 4172 est,
1271 4119 1301 4161 ut
1318 4111 1427 4161 tiberti-

117 4184 161 4231 ais
177 4186 208 4233 iss
227 4181 353 4233 amitibus
373 4180 498 4232 tribubus
517 4176 685 4253 ufiragium
708 4191 799 4250 esset,
820 4201 917 4256 sponte
935 4201 1061 4257 apparet,
1081 4184 1127 4237 sed
1141 4183 1348 4237 esndentsuisse
1362 4201 1426 4235 cum

117 4252 175 4327 lege
197 4255 316 4309 Manilia
340 4256 408 4308 mihi
427 4255 537 4327 quidem
561 4256 681 4309 nondum
699 4274 857 4330 persuasum
877 4276 929 4312 est.
967 4258 1039 4312 luira
1061 4265 1179 4331 eutrop.
1200 4266 1263 4317 157.
1284 4261 1348 4312 Ηοι.
1368 4267 1426 4310 estu

118 4328 241 4455 ii.
249 4332 426 4475 ‘limi
438 4331 1028 4477 32.ἲῖἲέῘ“”.ἕί.ἱέ.ῗ”ἓίἶ“.ἱ.’...·’ἑὲ.”ζ.ῖῗ.’ἵ.’
1037 4335 1427 4480 ’..iti.5332¹''‘,11.¹.“,'22535?.13

118 4483 300 4545 ingenuorum
319 4487 401 4543 sunt,
420 4480 521 4549 ferre,
555 4494 613 4532 earn
633 4480 736 4552 legem,
756 4487 886 4553 iuquam,
906 4488 1038 4536 Asconius
1058 4483 1096 4536 ibi
1119 4500 1133 4534 a
1154 4487 1183 4537 P.
1204 4483 1305 4536 Clodio·
1321 4500 1427 4555 propo·

119 4553 340 4607 sitansaliirmat.
379 4555 494 4608 Constat
515 4571 605 4607 amem
622 4556 650 4607 P.
673 4554 800 4608 Clodium
821 4558 959 4610 tribunum
980 4556 1063 4609 luisse
1087 4576 1159 4611 anno
1177 4562 1257 4621 696..
1275 4574 1329 4627 quo
1355 4573 1426 4609 auno

118 4642 271 4698 putarant
288 4631 406 4701 gessisse
420 4632 448 4682 i..
462 4630 615 4682 Dotuitinm
632 4648 693 4682 aere
713 4636 819 4685 monuit
837 4637 986 4686 Manutius.
1012 4633 1091 4699 Quod
1112 4638 1134 4686 si
1150 4650 1251 4685 rertnsu
1266 4647 1305 4685 est
1325 4632 1427 4702 legem,

120 4700 149 4753 de
167 4720 217 4774 qna
241 4711 368 4777 agimus,
399 4708 565 4775 propositam
582 4721 641 4757 ease
661 4720 733 4757 anno
756 4708 836 4771 696.‚
869 4723 965 4771 treuto,
993 4711 1106 4779 opinor,
1134 4707 1288 4774 dubitabit,
1306 4713 1370 4778 qttiu
1393 4723 1426 4760 ea

120 4792 172 4831 asa
186 4778 243 4834 tata
260 4782 301 4835 ait
311 4794 418 4831 notem
435 4792 498 4832 ante
516 4784 595 4832 annis
618 4794 634 4832 s
653 4782 721 4834 Caio
738 4780 873 4854 Manilio,
894 4781 1003 4837 tribuno
1016 4788 1081 4837 anni
1097 4786 1161 4846 687.
1174 4781 1221 4837 sed
1235 4784 1331 4838 eodem
1345 4799 1428 4847 anno,
