3210 5280
221 197 281 266 232
635 198 841 269 scironia
864 199 1110 267 BOBIENSIA

503 289 507 324 Ι

217 342 351 418 suum¹
391 345 491 419 misit
525 345 565 417 in
596 343 667 419 hoc
698 345 869 418 iudicium
896 368 964 443 per
989 346 1245 444 egentissimos
1272 352 1405 444 testes,
1443 349 1527 446 ipsa

218 466 339 529 autem
364 455 455 529 nihil
480 453 610 554 queri²
636 481 725 530 vere
751 456 796 531 de
820 457 973 532 iniuriis
997 451 1150 553 potest?
1177 456 1317 530 Tamen
1342 481 1408 552 ne,
1435 460 1526 532 indi·

162 572 164 576 ’
218 591 301 663 ees,
339 566 500 641 baec'ad
524 570 639 642 breve
666 577 808 666 tempus
834 569 955 651 audita
981 566 1171 667 longinqui
1198 572 1373 667 temporis
1399 573 1525 670 cogni·

219 687 341 752 tarum
365 703 490 751 rerum
515 679 623 752 fidem
649 675 906 778 derogabant?
933 679 1085 753 Tenebo
1104 680 1215 778 igitur
1232 678 1329 754 hunc
1355 681 1524 756 ordinem

195 789 414 885 sdefensor,
441 815 548 889 quem
574 790 667 891 fugit
692 794 879 887 inimicus,
907 799 944 865 et
969 801 1221 865 accusatorem
1248 795 1387 892 urgebo
1413 804 1527 893 atque

219 904 415 998 insequar,
441 912 486 975 et·
504 902 603 977 ultro
628 906 767 977 crimen
794 905 841 976 ab
867 902 1081 976 adversario
1101 901 1285 1003 flagitabo.
1339 904 1435 1005 Quid
1455 915 1528 1000 est,

220 1012 344 1109 Laeli,
370 1014 545 1110 numquid
572 1038 615 1087 ea
642 1070 651 1089 .
680 1071 689 1088 .
718 1071 727 1090 .
757 1070 765 1088 .
792 1039 880 1088 vere
968 1011 1005 1088 .³
1032 1010 1152 1090 dicis?
1178 1018 1241 1115 qui
1260 1016 1428 1115 equidem
1450 1042 1527 1092 non

220 1123 258 1195 in
287 1125 415 1197 umbra
440 1149 558 1224 neque
584 1127 622 1198 in
647 1126 747 1200 illius
773 1127 904 1200 aetatis
930 1126 1133 1224 disciplinis
1161 1130 1375 1225 artibusque
1401 1153 1527 1201 versa·

221 1243 281 1308 tus
309 1244 376 1309 est.
426 1234 570 1309 Etenim
593 1261 688 1334 puer
713 1263 794 1311 cum
819 1246 925 1336 patre
952 1238 1101 1312 consule
1127 1239 1172 1311 ad
1199 1239 1333 1313 bellum
1359 1250 1417 1315 est
1441 1264 1527 1339 pro·

180 1346 352 1439 wicctus.
403 1347 583 1422 Nimirum
618 1351 726 1423 etiam
760 1349 830 1424 hoc
861 1352 944 1448 ipso
976 1353 1122 1425 nomine
1149 1351 1322 1451 aliquid.
1351 1407 1360 1426 .
1389 1407 1399 1426 .
1427 1376 1525 1428 asus.

760 1466 778 1502 ti
862 1469 880 1504 il
969 1467 987 1503 a
1530 1479 1533 1486 ·

306 1568 405 1652 [Pag.
429 1565 518 1649 218.]
563 1567 616 1630 12.
641 1566 659 1602 ⁶
681 1567 699 1602 ⁶
721 1574 739 1610 *⁸
769 1569 864 1634 iirent
891 1569 989 1636 fuisse
1014 1581 1160 1634 testatur.
1216 1572 1279 1635 Sed
1306 1591 1345 1636 ne
1370 1571 1537 1658 originem⁴

223 1658 359 1724 civitatis
371 1658 507 1723 eittsdem
523 1663 602 1723 aride
617 1662 839 1726 transcurrisse
852 1662 1031 1740 videamur,
1046 1663 1267 1761 antiquissimis
1281 1665 1359 1728 haec
1372 1664 1526 1748 tempori·

224 1756 282 1817 bns
305 1751 436 1816 'santis‘
465 1751 603 1818 vocitata
624 1765 689 1832 esi,
722 1777 814 1840 quam
841 1769 926 1820 terra
952 1757 1017 1840 ipsa
1046 1757 1257 1840 consttmpsit,
1293 1758 1380 1823 hiatu
1408 1759 1528 1823 scilicet

182 1871 214 1920 ts
225 1845 450 1928 interceptam:
486 1846 591 1932 ibique
622 1858 732 1930 postea
759 1849 907 1932 oppidum
937 1849 1155 1926 constitutum,
1191 1851 1241 1915 eui
1270 1852 1381 1932 Sipylo
1410 1873 1527 1917 nomen

223 1938 367 2002 inditum.
410 1939 587 2023 Pleraeque
613 1939 690 2003 aliae
716 1942 808 2004 maris
836 1942 1057 2031 inundatione⁵
1089 1946 1248 2008 demersae
1270 1954 1358 2018 sunt,
1393 1966 1527 2029 quarum

223 2032 284 2097 init
303 2031 479 2107 Leucadia,
501 2032 730 2110 Antirrhion⁶,
754 2035 999 2117 Hellespontus,
1023 2036 1185 2116 Bosphori
1206 2039 1290 2100 duo:
1313 2049 1348 2099 ut
1369 2037 1527 2117 Pyrram²

224 2137 256 2189 et
277 2123 419 2190 Antisara
442 2125 524 2189 circa
542 2127 688 2191 Μεοῑίιι2
711 2130 853 2210 paludem
869 2140 984 2209 pontus
1000 2129 1146 2193 abstulit:
1166 2140 1205 2191 'ut
1220 2129 1360 2193 Helicem
1376 2141 1408 2194 et
1420 2130 1528 2193 Biram

224 2218 310 2282 ainus
326 2217 510 2284 Corinthius
525 2218 704 2283 devoravit.
748 2221 830 2284 Satis
852 2232 955 2284 atatem
976 2221 1138 2285 oratorie⁹
1159 2243 1408 2286 carnatemorans
1429 2221 1527 2305 ipsius

182 2334 215 2386 it
225 2311 364 2375 civitatis
379 2312 610 2375 devotissimam
626 2313 710 2375 circa
731 2313 892 2378 Romanos
906 2314 1018 2389 iidem,
1044 2312 1151 2377 minuit
1166 2336 1243 2396 opes
1257 2313 1343 2377 eiust
1366 2327 1397 2377 et
1412 2315 1529 2400 exigua

224 2404 346 2468 moenia
362 2416 392 2466 et
404 2426 534 2487 parvum
550 2426 709 2468 attinerent
727 2404 837 2467 civium
861 2405 956 2480 dixit,
981 2407 1095 2489 quibus
1103 2408 1130 2446 ¹⁰
1151 2418 1253 2469 tamen
1271 2404 1424 2470 maximos
1440 2405 1526 2490 regis

224 2496 417 2562 Mithridatis
438 2497 572 2579 impetus
595 2495 848 2580 propulsaverit3
872 2498 932 2560 fide
956 2509 987 2560 et
1011 2519 1119 2562 amore
1144 2499 1283 2573 scilicet,
1307 2519 1399 2582 qnam
1415 2497 1527 2562 virium

224 2589 406 2654 facttliate¹¹
428 2591 604 2655 robustior.
648 2592 691 2654 Et
713 2600 761 2653 esi
781 2593 931 2673 quaedam
952 2590 1111 2655 lattdatirs
1133 2592 1300 2655 sententia.

302 2707 362 2788 13.
390 2713 467 2792 Sed
492 2717 522 2788 si
549 2740 668 2812 neque
694 2715 804 2789 Asiae
830 2713 1035 2789 luxuries¹²
1072 2715 1358 2789 infirmissimum
1383 2725 1526 2816 tempus

183 2865 216 2915 ts
226 2829 368 2901 aetatis.

309 2944 422 3008 Mores
442 2943 648 3009 inlustrantur
667 2943 752 3020 eius,
776 2965 868 3027 quem
887 2966 950 3009 non
972 2945 1147 3028 potuerit¹³
1168 2944 1245 3010 Asia
1265 2944 1449 3011 multiformi
1471 2966 1527 3011 ro·

225 3037 345 3119 luptate
366 3059 584 3122 corrumpere.
627 3037 745 3102 Similis
764 3048 796 3100 et
818 3039 848 3101 in
864 3041 906 3101 L.
924 3040 1079 3102 Murenae
1100 3038 1282 3101 defensione
1297 3038 1449 3101 sententia
1467 3051 1525 3102 est.

287 3236 320 3280 ,1.
337 3231 432 3280 Nomeri
453 3248 526 3279 saum
544 3248 587 3289 pro
610 3235 711 3279 nomina
733 3235 825 3293 ingebat
840 3235 929 3289 Petu:
956 3248 1027 3292 quarn
1047 3235 1172 3279 lectionem
1195 3234 1224 3278 ab
1247 3247 1276 3280 eo
1304 3234 1404 3280 libenter
1427 3238 1526 3290 accipin.

365 3301 389 3348 i.
409 3303 469 3353 ent.
492 3305 587 3363 quaeri.
624 3306 663 3349 Sic
683 3305 740 3349 aiibi
758 3305 894 3364 quaerella.
932 3300 955 3351 ³.
976 3303 1105 3348 Perierunt
1130 3304 1243 3348 retabula
1269 3305 1325 3348 dno.
1361 3300 1387 3349 1.
1406 3305 1427 3348 Δ
1450 3303 1527 3349 Plinio

362 3373 462 3430 aliisque
483 3373 621 3417 auctoribus
641 3373 754 3419 scribitur
775 3372 900 3418 Tantalis.
938 3370 963 3418 5.
989 3374 1049 3417 eoi.
1072 3371 1266 3417 inundationem.
1305 3371 1328 3418 6.
1348 3373 1408 3422 Cot.
1426 3371 1528 3421 Anthin-

362 3441 438 3486 re‘ont'.
484 3439 508 3488 l.
528 3443 563 3486 lta
581 3446 632 3488 rod.
654 3444 704 3487 sine
725 3444 814 3498 adspir.
858 3440 883 3491 8.
904 3443 938 3486 lia
958 3441 1071 3487 scribitur
1089 3444 1112 3486 in
1131 3443 1184 3486 rod.
1205 3444 1258 3487 aine
1278 3442 1369 3498 diphili.
1416 3441 1440 3488 i.
1467 3443 1526 3488 eor.

361 3510 498 3556 oratoriae.
529 3508 569 3560 to.
584 3512 739 3557 cotenus.
776 3512 816 3558 tt.
831 3508 1057 3570 Codsneutiatem.
1096 3509 1136 3558 12.
1151 3511 1210 3556 Coi.
1224 3513 1367 3557 luxurians.
1405 3509 1446 3558 13.
1467 3512 1525 3559 (lod.

360 3586 512 3639 potnerunt,·
529 3582 590 3640 qnod
608 3582 716 3637 correxi,
735 3596 875 3641 quamquain
892 3582 948 3626 Asia
964 3587 1001 3627 eat
1018 3583 1167 3626 collectivam
1184 3594 1279 3626 nornen.

301 3705 346 3756 10.
368 3698 442 3754 idem
463 3700 524 3754 heic
542 3704 662 3755 merserit
683 3699 855 3755 membranae
874 3699 996 3754 deiectus
1015 3697 1077 3773 (ted
1096 3704 1125 3753 in
1144 3715 1237 3754 aversa
1256 3703 1365 3774 pagina)
1392 3705 1439 3775 qni
1459 3722 1487 3777 p.
1505 3709 1532 3763 8.

226 3773 290 3830 adu.
309 3777 335 3833 ὅ.
355 3773 412 3849 (ad.
431 3774 458 3847 p.
478 3781 540 3835 ²31.
561 3776 580 3830 Ι.
599 3772 639 3848 5.)
659 3790 674 3827 a
693 3793 737 3829 me
757 3792 924 3829 memoratae
943 3773 1006 3829 init.
1108 3814 1110 3819 «

302 3852 346 3907 19.
366 3850 472 3904 Plinius
493 3850 527 3904 ii.
546 3865 613 3905 tect
632 3854 677 3908 91.
693 3857 822 3922 perrupit
839 3869 916 3903 mare
935 3849 1078 3915 Lounda,
1098 3849 1282 3914 Antirrhion,
1301 3850 1531 3918 Hellespontum,

225 3922 367 3994 Bosporos
385 3924 462 3979 daos.
508 3929 599 3996 Atqaae
624 3933 656 3978 nt
679 3931 757 3978 sinus
782 3935 811 3978 et
835 3935 941 3994 stagna
963 3933 1158 3995 praeteream,
1186 3930 1248 3996 ipsa
1265 3943 1296 3978 sn
1314 3934 1418 3978 comest
1435 3934 1531 3984 terrae

225 3997 376 4051 devoravit
393 4000 531 4072 Cybotttm
549 4016 619 4063 atne
641 4000 767 4073 Sipylum
785 4007 814 4054 ln
833 4004 1005 4068 Magmsta,·
1023 4007 1052 4051 et
1067 4004 1148 4069 prins
1165 4005 1195 4051 in
1213 4000 1307 4052 eodem
1324 4002 1385 4052 loen
1403 4001 1533 4054 clarissi-

226 4091 301 4126 mam
319 4074 412 4128 rtrbem
431 4094 500 4145 qaae
525 4074 656 4128 Tantalis
679 4077 836 4128 vacabatur
853 4091 907 4129 ete.
926 4072 1067 4145 Pyrrham
1086 4082 1114 4125 et
1133 4079 1280 4127 Antissam
1299 4080 1374 4127 circa
1393 4075 1533 4128 Maeotim

224 4157 327 4218 pontus
343 4149 468 4204 abstrdli.
503 4148 600 4203 Εἰίοοη
618 4151 805 4202 etBuramin
818 4156 881 4202 sinu
894 4148 1047 4203 Corinthio.
1086 4148 1146 4222 (Sic
1164 4149 1261 4222 arrigo:
1288 4149 1334 4202 ted
1349 4165 1363 4200 a
1377 4148 1534 4204 Scholiasta

226 4223 402 4283 confirmatur
420 4224 504 4279 lectio
524 4225 591 4281 eod.
604 4225 723 4280 chifflet.
737 4241 752 4277 a
772 4225 879 4297 Silligio
891 4240 1018 4297 recepta:
1037 4223 1143 4276 Buram
1154 4231 1232 4276 simas
1243 4224 1414 4279 Corinthius.
1455 4223 1534 4297 Apud

227 4297 320 4352 Schol.
346 4317 447 4372 repone
472 4300 585 4354 Buram,
612 4300 680 4367 On.)
718 4301 819 4353 Raetus
839 4297 889 4356 tib.
910 4302 940 4354 V.
959 4315 1025 4353 tect.
1047 4302 1092 4357 31.
1111 4304 1222 4353 interiit
1240 4309 1269 4351 et
1287 4301 1431 4371 Sipylum,
1461 4298 1536 4372 qnod

226 4382 293 4425 ante
312 4372 444 4427 Tantalis
467 4375 637 4437 vocabatur.
664 4382 748 4445 caprei
772 4375 933 4426 Maeoniae.
971 4374 1042 4445 Lege
1068 4377 1151 4427 etiam
1172 4389 1296 4428 auctores
1316 4379 1346 4427 in
1365 4373 1480 4429 scholiis
1500 4372 1533 4428 ad

227 4448 347 4504 Plinium
366 4449 500 4503 laudatos.
544 4449 660 4522 (Tantis
678 4448 771 4503 Schol.
792 4465 882 4502 merua
902 4464 942 4502 est
962 4447 1067 4502 librarii
1087 4467 1180 4502 error.
1198 4450 1264 4514 On.)

301 4529 348 4579 20.
367 4525 454 4598 Sipyli
473 4523 596 4589 scilicet,
617 4543 664 4579 teu
683 4525 841 4596 Magnesiae
861 4522 894 4575 ad
908 4523 1050 4596 Sipylum.
1071 4539 1151 4595 qaam
1174 4523 1268 4576 urbem
1283 4523 1441 4577 Mithridati
1456 4527 1534 4577 reati

229 4600 310 4660 tiene.
335 4597 450 4671 ideoque
475 4614 491 4652 a
516 4599 590 4674 Sylla
616 4605 819 4674 pronuntiatam
844 4596 929 4653 fuitne
954 4598 1067 4652 liberam
1093 4598 1176 4652 tradit
1202 4602 1343 4674 Appianas
1372 4598 1530 4653 Mithridati

228 4686 289 4744 cap.
310 4674 384 4730 xxi.
404 4675 477 4730 ext.

302 4751 349 4806 2⁷0
368 4748 436 4825 αρε
455 4753 499 4804 va·
527 4786 548 4802 .·
611 4788 615 4797 ·
704 4788 710 4799 ι
