3210 5280
512 201 564 267 tn
584 202 726 269 ORAT.
750 202 843 269 PRO
864 202 1066 270 Funcco.
1373 205 1434 270 287

115 350 131 375 '·
213 342 365 407 Graviter
386 345 609 426 et'eongeste¹
633 386 644 407 .
667 385 680 406 .
700 363 825 406 causam
853 343 1005 420 ostendit,
1039 364 1139 429 qusare
1161 343 1304 426 notuerit
1330 345 1432 409 ntue-

128 459 267 523 nagoras
291 440 331 499 sd
360 436 570 499 mentiendum
596 437 784 518 provocari,
816 438 951 518 propter
971 437 1215 595 indjqationem
1243 443 1430 512 verberum,

128 533 243 615 quihus
270 531 374 594 luerat
402 530 592 613 castigatus3
628 543 660 593 et
685 529 833 592 iustitiam
864 530 971 594 Flacci
1001 551 1059 613 pra
1079 531 1178 607 toris,
1212 533 1267 616 qui
1297 545 1434 616 propter

130 625 306 688 huiusmodi
340 624 495 687 audaciam
522 622 748 687 existimaverit
771 624 976 704 puniendum.
1038 625 1088 688 Ita
1116 637 1283 710 nitrumque
1311 628 1366 702 lit,
1399 638 1434 690 ut

128 720 252 782 testium
279 718 450 782 auctoritas
472 721 664 791 devoretur,
687 729 720 780 et
741 717 849 782 Flacci
869 718 988 781 iustitia
1009 721 1249 801 comprobetur.
1445 724 1460 772 ⁵

205 837 240 917 d.
269 842 340 944 Qui
365 840 631 915 multitudinem
657 841 755 916 illam
780 866 854 915 non
871 845 1089 916 auctoritate
1107 866 1196 940 sua,
1223 844 1286 917 sed
1305 847 1431 945 sagina

127 958 288 1030 tenebat.

211 1075 262 1137 De
287 1071 472 1135 Mithridate
494 1072 694 1156 Pergameno
718 1069 876 1156 loquitur,
907 1091 925 1134 a
950 1093 1015 1156 qino
1041 1073 1243 1135 veliementer
1267 1074 1432 1137 adseverat

127 1179 224 1230 testes
243 1189 311 1230 esse
334 1178 524 1248 corruptos:
548 1177 579 1229 et
599 1187 663 1249 quo
684 1166 781 1249 magis
804 1186 912 1228 eorum
934 1165 1046 1228 levitas
1068 1178 1099 1228 et
1124 1186 1222 1247 paene
1248 1167 1430 1249 obsequium

126 1262 243 1322 servile
270 1262 491 1343 detegeretur,
526 1279 617 1342 quiam
644 1257 888 1331 multitudinem,
921 1258 1042 1342 inquit,
1077 1280 1139 1322 non
1167 1261 1352 1323 auctoritate
1375 1254 1474 1323 ιιιι10

127 1357 182 1416 sed
202 1353 310 1437 sagina
340 1354 484 1415 tenebat:
509 1350 646 1435 nequid
674 1351 751 1421 lidei¹
774 1352 949 1414 hominibus
973 1352 1069 1427 adsit,
1094 1352 1147 1436 qrri
1169 1352 1378 1433 parasitorum
1400 1353 1432 1417 in

122 1449 253 1525 ‚modurn
267 1446 319 1510 vel
334 1447 406 1510 solo
421 1444 544 1528 possint
559 1456 669 1507 ventre
683 1444 863 1528 corrumpi,
887 1447 924 1506 ad
940 1444 1052 1529 gislae2
1069 1445 1275 1508 blandimenta
1292 1446 1430 1510 venales.
1527 1456 1532 1465 '

202 1566 264 1669 [P.
291 1563 397 1667 tin]
449 1565 484 1643 ⁵.
514 1568 621 1670 Quod
647 1541 807 1642 seualle
834 1569 948 1663 dixit,
974 1570 1011 1642 id
1027 1562 1040 1670 ΙΙ
1054 1578 1201 1644 sutores
1225 1580 1263 1643 et
1287 1573 1431 1644 zonarii

126 1684 413 1755 conclamarunt.
466 1681 547 1756 Hoc
572 1682 819 1753 testimonium
846 1690 904 1759 est
929 1675 1116 1754 civitatis?

210 1801 271 1843 -³
291 1799 324 1863 in
349 1799 487 1863 clausula
515 1796 779 1882 pronuntiandum
808 1803 855 1862 est
876 1798 939 1841 -1
960 1797 1034 1882 qnid
1062 1797 1103 1861 sit
1129 1796 1358 1873 testimonium
1392 1800 1472 1862 ad¹⁵

126 1894 213 1978 qrrod
243 1895 461 1955 destruendum
490 1893 548 1960 -1
577 1893 616 1952 ab
648 1902 778 1954 oratore
802 1891 970 1972 praemissa
992 1903 1039 1955 est
1064 1891 1198 1955 dicendo
1230 1902 1376 1965 ,sutores
1398 1906 1428 1956 et

123 1984 322 2060 zonarios’';
351 1999 385 2048 nt
407 1984 591 2070 vulgaribus
614 1992 647 2045 et
672 1984 810 2048 sordidis
836 1982 975 2047 artificiis
996 1994 1149 2065 appareat
1173 1982 1331 2048 humilitas
1352 2006 1428 2068 pcr-

124 2101 291 2154 sonarum,
314 2100 373 2142 nec
398 2079 493 2143 ullum
515 2077 639 2164 genium
660 2079 806 2165 piiblicae
830 2076 997 2142 maiestatis
1025 2079 1178 2144 obtineat.

199 2203 304 2277 VIII.
332 2197 585 2305 Quibus'odio
612 2215 698 2279 sunt
722 2213 873 2279 nostrae
901 2227 1063 2276 secures.

202 2321 263 2367 -⁶
285 2321 403 2405 Magna
416 2342 486 2385 cum
502 2322 615 2386 invidia
634 2333 845 2408 exaggeratae
860 2331 930 2383 sunt
953 2323 1085 2396 canisae,
1110 2318 1221 2405 quibus
1236 2318 1344 2406 istique
1357 2320 1428 2385 veri
1438 2322 1470 2372 ²⁰

122 2414 221 2479 simile
232 2414 281 2492 sit,
297 2417 438 2479 Graecos
450 2417 716 2481 contraFlaccum
727 2414 866 2480 voluisse
881 2412 1004 2477 mentiri
1017 2437 1026 2488 ;
1044 2417 1129 2499 quon
1142 2414 1199 2495 e[a
1212 2416 1277 2496 orn]
1287 2412 1334 2477 nia
1347 2437 1427 2499 quiae

124 2510 154 2572 in
170 2508 341 2591 provinciis
355 2509 890 2589 exerceantur,babuerIntsemper
904 2507 1058 2570 onerose⁷
1081 2518 1112 2570 ct
1137 2528 1172 2571 ea
1195 2519 1325 2593 gravate
1348 2511 1429 2573 tule-

125 2602 224 2678 rint³,
250 2602 324 2666 odio
346 2601 406 2664 iam
427 2623 489 2665 non
511 2604 669 2686 praetoris
692 2601 800 2675 unius,
823 2604 880 2664 sed
895 2601 1030 2666 Romani
1051 2600 1188 2683 imperii.
1232 2602 1381 2665 Similiter
1396 2613 1428 2665 et

124 2699 164 2758 de
187 2696 285 2758 Gallis
307 2717 369 2776 pro
392 2695 541 2761 Fonteio.
585 2698 645 2761 Est
659 2707 760 2759 autem
776 2692 1041 2776 potentissimum,
1063 2695 1091 2758 si
1107 2698 1146 2758 ab
1161 2694 1250 2758 unius
1269 2694 1427 2778 persona⁹

123 2789 269 2852 flectatur
282 2788 413 2854 intentio
429 2778 579 2867 iudicum,
604 2802 639 2853 ut
652 2788 781 2872 publico
795 2787 919 2851 nomine
934 2799 1131 2866 recenseant,
1152 2789 1284 2853 testibus
1296 2790 1426 2854 moleste
1437 2797 1468 2846 25

124 2884 202 2944 hacc
224 2884 375 2966 obsequia
397 2881 618 2948 tolerantibus.

167 3007 323 3191 lVIIII.
352 2999 386 3080 l.
414 3007 457 3080 Iu
483 3010 629 3082 aerario
654 3006 746 3081 nihil
770 3007 908 3081 habent
932 3009 1120 3105 civitates,
1146 3007 1237 3082 nibil
1257 3011 1297 3081 in
1314 3011 1426 3084 venti·

122 3145 165 3217 ga
182 3121 276 3192 ibus

207 3238 283 3280 -¹⁰
305 3236 462 3300 materiam
492 3238 604 3301 nnllam
630 3236 776 3300 babuisse
803 3236 975 3320 praedandi
997 3237 1145 3301 Flaccum
1167 3234 1198 3299 in
1223 3234 1291 3301 istis
1312 3235 1423 3300 civita·

121 3330 178 3411 [P.
202 3329 290 3411 tls]
313 3329 415 3407 tibus,
439 3352 515 3415 quas
538 3330 690 3394 invenerit
711 3331 825 3414 opibus
847 3333 1032 3409 exhaustas,
1056 3343 1087 3394 et
1108 3352 1189 3418 quae
1206 3334 1213 3413 Ι
1233 3351 1291 3393 nee
1313 3339 1468 3394 versu-to

122 3443 187 3484 ram
209 3421 341 3497 fecisse,
365 3444 423 3485 nec
445 3422 560 3486 viritim
586 3422 708 3486 titulum
730 3423 901 3487 contulisse
923 3424 1076 3488 dicantur.

196 3541 232 3618 2.
258 3546 374 3646 Quam
401 3572 491 3621 vero
517 3546 667 3622 salsas¹¹
695 3550 860 3621 rationes
886 3550 925 3620 in
945 3549 1089 3623 tabulas
1107 3549 1248 3623 inlerre
1269 3547 1424 3622 soleant.-

191 3809 214 3860 1.
235 3814 288 3856 Vox
304 3819 420 3872 congesta
437 3827 509 3872 aegre
528 3814 628 3872 legitur,
647 3816 696 3857 tom
713 3815 819 3871 seqnitur
840 3815 930 3860 voeabs
998 3815 1170 3860 oblitteratum.
1207 3811 1232 3859 2.
1252 3812 1313 3859 (lod.
1331 3813 1424 3874 gyter,

257 3883 296 3939 qni
320 3885 410 3927 seilicet
427 3896 446 3942 y
464 3883 662 3937 pronunciabatur
680 3897 711 3937 u,
739 3889 798 3928 tasta
822 3885 892 3928 aliana
915 3884 932 3929 S
973 3885 1049 3928 machi
1074 3886 1163 3932 codiee.
1201 3879 1225 3928 3.
1247 3883 1322 3928 Uno·
1340 3882 1423 3927 vocab.

256 3952 301 3995 Gr.
339 3949 363 3998 1.
386 3953 439 3996 Duo
462 3965 515 3996 voe.
542 3953 586 3996 Gr.
634 3951 658 3998 5.
679 3952 755 3996 unum
776 3952 860 3998 vocab.
886 3953 932 3999 Gr.
979 3951 1003 3998 ⁶.
1023 3953 1099 3997 Unam
1117 3952 1200 3998 vocab.
1226 3952 1270 3997 Gr.
1320 3949 1345 3996 I.
1363 3951 1424 3996 Cod.

256 4033 385 4066 onerosos.
405 4022 465 4066 Item
476 4028 606 4084 gravatae.
642 4022 667 4070 d.
686 4022 746 4066 Cod.
760 4023 877 4067 tulerunt.
916 4021 939 4069 ⁹.
959 4022 1019 4067 Cod.
1030 4035 1164 4081 parronae.
1202 4019 1243 4066 111.
1261 4022 1353 4068 Varsns
1366 4034 1425 4065 naas

260 4095 284 4134 et
304 4092 414 4136 dimidios
435 4104 535 4143 saeuus,
554 4105 602 4149 quo
620 4092 642 4136 in
661 4094 714 4137 loeo
729 4091 824 4136 inerunt
835 4091 928 4138 Graeca
944 4092 1027 4140 verba.
1064 4090 1106 4137 11.
1124 4091 1185 4136 Edd.
1196 4087 1280 4151 sorita
1289 4087 1389 4150 salsos.

213 4211 240 4266 5.
260 4209 345 4281 (Lego
359 4207 519 4280 defloretur,
534 4225 564 4262 ut
577 4209 644 4282 Cap.
657 4209 775 4266 XVIIII.
788 4215 814 4270 5.
829 4225 857 4266 et
869 4228 938 4266 vers.
952 4218 997 4272 18.
1008 4214 1149 4281 Ingentem
1161 4228 1212 4285 pro
1225 4214 1346 4281 gemam.
1359 4208 1426 4275 Oa.)

191 4284 240 4414 gi.
258 4284 408 4422 (libitsiilu
429 4367 460 4410 nt
475 4359 586 4431 prablico
604 4364 713 4412 nomine
731 4369 910 4415 succenseant
929 4357 1055 4412 terts‘baar.
1084 4359 1151 4426 On.)

193 4439 240 4490 27.
264 4435 319 4487 lam
340 4439 369 4486 tn
389 4439 495 4487 monito
515 4434 579 4486 huic
599 4440 717 4489 orationi
738 4441 846 4510 praevio
866 4435 939 4501 dlxi,
958 4437 1119 4488 continuam
1139 4434 1202 4488 beto
1221 4448 1280 4486 ease
1299 4436 1425 4506 acrtpen-

120 4520 179 4557 ram
199 4505 304 4561 codicis
324 4508 464 4570 vationum
495 4507 610 4580 Ideoque
633 4509 728 4564 Ialasm
756 4528 816 4565 essa
842 4511 987 4576 lacunam,
1014 4524 1096 4580 qoam
1116 4507 1233 4563 editores
1254 4512 1325 4561 tneer
1343 4508 1425 4561 butas

118 4585 252 4708 :isim
268 4584 450 4712 bilbilim
469 4600 497 4639 st
517 4585 569 4640 lx.
589 4584 764 4640 Incommode
782 4584 950 4653 obtrudunt,
977 4582 1043 4638 disan
1062 4582 1188 4640 inlibris
1207 4587 1303 4638 siunt:
1332 4583 1425 4635 deesse

193 4734 238 4790 31.
257 4731 410 4806 (Fortssw
440 4735 584 4790 tributum.
612 4734 681 4808 On.)
