3210 5280
337 900 408 1034 Q.
448 898 816 1006 Asconius
856 895 1210 1005 Pnoinuus

759 1161 791 1208 ΙΝ

238 1279 1308 1424 u.nunn11o1nnnou1s

659 1555 897 1615 ORATIONEM

560 1747 680 1822 PRO
728 1745 982 1821 MILONE.

119 2235 239 2348 Hanc
261 2278 342 2341 dixit
369 2275 431 2343 Cn.
462 2274 618 2358 Pompeio
640 2275 705 2338 111.
733 2274 861 2337 consule
883 2295 912 2337 s.
935 2276 967 2336 d.
991 2275 1054 2338 Vl.
1077 2275 1152 2338 Idus
1174 2275 1278 2357 April.
1323 2276 1417 2357 Quod
1427 2299 1488 2354 [qu

119 2369 264 2435 iudicium
288 2392 357 2433 curu
380 2382 542 2454 ageretur,
567 2368 736 2430 exercituin
759 2367 884 2431 insono
907 2380 938 2429 et
961 2369 1102 2431 omnibus
1123 2369 1153 2430 in
1176 2369 1313 2449 templis,
1338 2392 1417 2453 quiae

118 2465 235 2527 circum
257 2463 364 2526 loruru
387 2475 477 2535 sont,
500 2462 687 2525 collocatum
710 2481 727 2522 a
750 2460 811 2524 Cn.
836 2461 991 2542 Pompeio
1013 2462 1129 2536 luisse,
1154 2483 1215 2524 non
1238 2473 1354 2523 tautum
1377 2485 1418 2524 ex

120 2557 261 2620 oratione
284 2567 315 2619 et
343 2556 523 2630 annalibus,
557 2555 723 2616 sedetiam
746 2575 786 2616 ex
811 2553 892 2617 libro
913 2566 1059 2635 apparet,
1094 2555 1149 2637 qui
1176 2553 1338 2617 Ciceronis
1360 2575 1418 2618 no-

120 2649 197 2713 uine
219 2650 406 2713 inscribitur
427 2652 465 2712 de
487 2648 606 2731 optimo
630 2667 746 2732 genere
768 2658 942 2710 oratorum.
1428 2657 1443 2704 5

475 2796 809 2861 ARGUMENTUM
841 2794 936 2859 HOC
967 2796 1066 2857 EST.

201 2922 246 2982 T.
277 2919 400 2983 Annius
422 2919 505 2980 Milo
527 2928 557 2979 et
579 2917 620 2979 P.
650 2912 790 2977 Plautius
818 2917 985 2997 Hypsaeus
1013 2915 1109 2996 etQ.
1138 2916 1288 2979 Metellus
1311 2917 1418 2999 Scipio

119 3013 313 3076 consulatum
335 3013 492 3092 petierunt
515 3030 577 3072 non
606 3008 707 3070 solum
735 3008 899 3087 largitione
928 3009 1026 3088 palam
1056 3008 1206 3089 profusa,
1244 3013 1298 3073 sed
1327 3013 1417 3073 etium

119 3105 307 3168 tautonibus
329 3115 516 3166 armatorum
539 3100 700 3164 succincti.
755 3101 872 3164 Miloni
900 3113 932 3162 et
955 3101 1070 3165 Clodio
1093 3124 1229 3164 summae
1252 3116 1340 3165 erant
1362 3104 1419 3166 ini·

119 3197 274 3274 micitia,
298 3199 385 3280 quod
406 3208 437 3259 et
457 3197 541 3259 Milo
564 3193 712 3257 Ciceroni
734 3206 800 3256 erat
828 3194 1028 3256 amicissimus
1054 3195 1084 3257 in
1105 3197 1344 3278 reducendoque
1378 3219 1416 3259 eo
1431 3222 1461 3269 to

120 3290 212 3353 enixe
243 3288 446 3370 operam-rei
471 3289 612 3369 publicae
635 3287 779 3359 dederat,
819 3298 850 3348 et
878 3288 917 3350 P.
941 3286 1072 3351 Clodius
1102 3291 1246 3352 restituto
1270 3288 1418 3354 Ciceroni

119 3396 186 3446 erat
215 3383 438 3445 infestissimus
460 3382 592 3464 ideoque
621 3399 737 3440 summe
757 3380 901 3440 studebat
923 3381 1072 3460 Hypsaeo
1095 3393 1125 3443 et
1147 3382 1286 3462 Scipioni
1308 3396 1418 3445 contra

118 3474 287 3538 Milonem.
332 3476 383 3538 Ac
407 3496 499 3556 saepe
527 3475 608 3537 inter
637 3496 670 3536 se
695 3472 779 3535 Milo
812 3483 841 3533 et
869 3473 998 3534 Clodius
1028 3494 1097 3535 cum
1130 3475 1193 3536 suis
1226 3476 1419 3538 factionibus

188 3655 315 3709 ‘titutum
335 3655 415 3708 huius
436 3659 677 3708 commentationis
698 3653 782 3708 editio
803 3659 928 3726 princeps
949 3669 976 3706 ct
995 3653 1101 3709 Bernld.
1122 3657 1194 3710 hunc
1219 3656 1334 3710 habent:
1363 3655 1417 3712 ΙΝ-

116 3727 219 3785 Cll’l‘l'
243 3729 317 3784 PRO
341 3730 498 3786 MILONE.
537 3730 727 3803 subscriptum
747 3731 817 3783 nibil
836 3745 886 3782 eet.

211 3845 238 3896 1.
256 3857 285 3892 a.
303 3839 346 3911 ά]
366 3841 508 3895 Graculus.
525 3871 563 3886 -
581 3843 621 3894 ad
637 3848 750 3914 prloret.

189 3912 264 3967 lbid.
284 3915 420 3983 V1.]111.
440 3918 515 3970 Man.
536 3916 616 3972 Conl.
637 3916 706 3970 inita
725 3936 752 3990 p.
775 3917 836 3974 149.
856 3918 917 3968 intr.

123 4016 128 4023 ·
209 3994 238 4049 ὅ.
258 3992 325 4056 non]
346 4007 400 4043 ont.
422 3992 513 4044 Prioc.

209 4062 238 4118 d.
257 4081 294 4113 ex
312 4068 453 4135 oratione]
473 4067 538 4119 flor.
558 4067 636 4121 Mon.
657 4067 738 4119 Creu.
757 4092 793 4106 -·
812 4081 849 4114 ex
867 4081 900 4113 ea
919 4066 1027 4114 ratione
1042 4063 1132 4118 Ptine.
1146 4061 1253 4119 Bertld.
1274 4093 1310 4107 -
1329 4084 1365 4117 ex
1383 4085 1416 4118 ea

115 4141 247 4189 oratum
266 4138 328 4192 Ald.
349 4139 433 4212 Lugd.
455 4170 490 4183 -
510 4159 546 4191 cx
565 4141 617 4193 hac
635 4147 761 4193 oratione
781 4137 847 4190 Lod.

141 4252 144 4257 .
208 4216 236 4270 5.
256 4211 289 4262 de
308 4220 364 4283 opt.
384 4232 447 4281 gen.
466 4220 622 4283 oratorum]
663 4219 729 4286 Cap.
750 4214 795 4266 tv,
816 4213 839 4278 5.
860 4219 904 4268 to.

209 4288 238 4343 6·
258 4285 541 4342 ARGUMENTUM
557 4290 637 4342 1100
652 4290 735 4356 EST]
774 4290 865 4341 Ptine.
885 4281 991 4338 Bernld.
1007 4313 1042 4327 -
1056 4284 1340 4340 AucvMENTtJM
1351 4287 1416 4343 Lod.

115 4360 197 4415 Creo.
216 4388 256 4403 -
273 4360 350 4414 ldcm
370 4380 428 4415 voc.
448 4370 541 4417 statim
560 4381 622 4438 post
642 4364 760 4417 indicenti
778 4362 880 4416 habent
899 4359 960 4413 ntd.
982 4360 1067 4432 lugd.
1087 4361 1164 4415 Man.
1177 4389 1214 4404 -
1227 4379 1283 4415 orn.
1305 4364 1368 4416 tior.
1381 4392 1417 4406 -

115 4432 158 4487 Cf.
178 4434 212 4488 sd
231 4451 337 4507 orgum.
357 4442 527 4492 Sertorianae.

210 4515 236 4567 7.
256 4510 290 4564 T.
311 4514 435 4582 Auntres]
474 4516 640 4567 Praenomcn
663 4511 725 4567 edd.
752 4508 838 4583 Lugd.
865 4510 942 4564 Man.
967 4525 1020 4562 nce
1047 4524 1111 4561 tane
1138 4507 1278 4582 probabile
1303 4526 1360 4575 est,
1389 4510 1418 4564 td

115 4579 220 4637 dnobus
241 4586 417 4655 sequentibus
436 4589 593 4641 nominibus
614 4586 648 4640 ab
669 4591 788 4640 Asconio
809 4589 1009 4658 praepositum,
1029 4584 1061 4634 ud
1075 4589 1190 4656 priorum
1203 4589 1335 4638 omissum
1349 4603 1417 4639 etse.

190 4657 261 4714 lbid.
280 4661 441 4734 Hypsaeus]
463 4661 547 4736 Lngd.
567 4665 630 4718 llot.
650 4664 726 4717 Man.
747 4663 827 4717 Creu.
844 4686 883 4701 -
901 4659 1019 4727 Hipseus
1038 4661 1129 4711 Priuc.
1151 4658 1331 4712 beraldum.
1351 4661 1418 4715 Lod.

115 4729 223 4804 ultique.
782 4745 827 4794 ιο.
847 4734 985 4800 Ciceroni]
1008 4733 1156 4806 legebatur
1174 4735 1325 4788 Ciceronis.
