3210 5280
225 214 287 278 teo
481 210 483 215 ·
660 217 1100 305 asenna-asconius

224 355 365 437 quamvis
391 355 443 419 tin
468 357 662 444 multumque
684 359 834 435 tacuerit,
869 359 1007 422 Tettium
1041 357 1071 419 in
1101 356 1203 420 medio
1237 356 1420 422 testimonio
1455 381 1531 443 per·

223 447 408 527 strinxisse,
432 456 517 536 qnod
531 456 667 539 diceret,
689 455 909 538 Philodamum
932 456 1011 515 atico
1033 452 1141 514 maiam
1162 471 1286 513 ostream
1307 452 1473 530 babuisse,
1496 465 1532 518 ut

224 562 241 604 a
264 539 305 607 C.
322 545 458 608 ‘Nerone
483 547 532 610 vel
554 550 711 610 damnatus
729 541 786 611 sit.

213 669 214 672 ι
306 638 442 715 (§..tt)
465 640 601 705 Putasse
619 663 687 713 non
709 639 876 721 oportere]
920 635 1141 719 Reprehensio
1159 635 1283 699 iudicati
1305 636 1345 697 ab
1366 655 1403 698 ea
1426 649 1529 739 parte,

198 739 283 810 sqna
304 751 417 793 estisne
439 731 592 794 derivatio
613 731 707 807 iacit,
731 753 770 793 ne
785 731 876 794 nobie
900 731 1032 793 indicata
1049 730 1166 793 obsint.
1211 731 1284 793 Non
1299 727 1380 790 enim
1404 733 1530 793 causam

222 823 336 886 Verris
359 824 528 887 relevatam
552 845 638 901 esse,
668 827 724 889 sed
750 826 821 890 iilos
847 829 1026 899 damnatos,
1055 824 1141 920 quad
1164 818 1293 905 qnoqu'o
1320 824 1417 885 mado
1442 823 1529 887 ocei-

124 948 129 963 «
221 935 288 977 sum
311 917 464 979 hominem
487 940 557 980 esse
578 931 749 982 constaret.

164 1010 211 1068 [⁸⁶]
305 1015 476 1079 Pertimuit
496 1011 569 1094 iste]
613 1012 700 1075 Mire
722 1024 832 1075 ‹irator
854 1034 916 1074 non
943 1012 1077 1072 Verrem
1101 1006 1261 1070 vindicare
1285 1018 1387 1070 morte
1415 1008 1528 1071 Philo·

220 1103 319 1181 darni,
353 1106 409 1167 sed
434 1106 551 1168 crimen
581 1129 669 1169 ιιιιιιιι
700 1107 843 1169 relevare
866 1105 1025 1186 potuisse:
1060 1123 1194 1184 quornm
1224 1101 1353 1162 alterum
1383 1101 1525 1164 iniuriam

65 1256 67 1261 .
134 1231 135 1236 ι
177 1195 303 1277 inpasti
325 1210 390 1272 cst,
414 1198 543 1262 alterum
567 1202 645 1262 maie
668 1200 727 1261 sibi
749 1197 878 1261 conscii.

302 1292 346 1367 (§.
370 1292 446 1366 73.)4
460 1294 628 1359 Contendit
650 1295 693 1357 ab
714 1294 767 1376 eo]
811 1288 957 1353 Extorsit
981 1289 1022 1351 ci.

300 1384 430 1466 'sagati
448 1385 627 1450 creditores
649 1385 867 1464 Graecorum]
912 1384 1023 1447 Noluit
1052 1382 1158 1445 dicere
1190 1380 1311 1468 equites
1336 1379 1521 1458 Romanos,

217 1475 272 1536 sed
294 1486 432 1559 togatos
454 1474 532 1537 dixit
554 1487 586 1537 et
607 1475 786 1557 creditores
807 1478 1032 1553 Graecarum,
1055 1486 1088 1537 tit
1111 1478 1290 1538 ostenderet
1312 1495 1423 1536 causes
1450 1497 1523 1558 gra·-

216 1566 427 1630 tificatioais
417 1589 449 1629 tn
472 1569 623 1630 Verrem.

174 1675 205 1722 ti
299 1665 343 1738 (§
369 1661 436 1738 li.)
457 1664 645 1727 Accusator
662 1660 860 1744 apponitur]
902 1664 977 1727 Non
993 1659 1067 1725 dicit
1082 1661 1234 1741 accedit,
1254 1661 1311 1724 sed
1324 1665 1522 1743 apponitur,

215 1773 233 1815 a
255 1754 361 1817 Verre
381 1755 518 1829 scilicet,
541 1756 746 1820 subornetur.

296 1847 338 1910 iit
366 1869 410 1912 ex
440 1848 659 1912 creditoribus
686 1846 1009 1932 Lampsacenorum]
1053 1848 1097 1912 Et
1130 1845 1182 1909 hic
1212 1865 1305 1908 caiisa
1337 1844 1459 1930 gratiae
1491 1843 1522 1908 ia

60 1981 66 1991 .
101 2004 106 2014 .
213 1959 350 2022 persona
373 1939 547 2004 ostenditur
568 1941 754 2004 accttsantie.

296 2030 338 2095 Ut
358 2029 397 2094 de
417 2031 615 2095 Philodamo
635 2030 839 2096 AMPLIUS
856 2030 1153 2116 pronuntiaretur]
1198 2032 1276 2095 Moe
1306 2041 1450 2094 veternam
1471 2030 1523 2096 hic

144 2141 146 2147 ·
170 2119 335 2192 triuerat,
358 2132 410 2193 nt,
433 2119 458 2183 si
484 2120 695 2185 absolvendus
721 2123 791 2228 quis
814 2137 913 2200 esset,
936 2124 1039 2187 statim
1061 2125 1300 2199 absolveretur,
1323 2123 1351 2186 si
1372 2126 1520 2186 damnan-

211 2215 289 2288 dus,
314 2212 414 2275 statim
438 2214 734 2298 [damnaretur],
708 2237 736 2277 et
763 2237 856 2280 caiisa
878 2238 942 2281 non
968 2229 1050 2281 esset
1074 2217 1187 2280 idonea
1209 2219 1248 2278 ad
1269 2218 1518 2296 damnationem,

212 2306 334 2370 absolui
355 2319 456 2369 tamen
479 2327 545 2373 noa
566 2321 690 2390 posset,
712 2320 746 2371 ιιι
767 2311 977 2375 AMPLlUS
998 2309 1275 2393 pronunciarentur.

296 2401 340 2477 (§.
365 2401 432 2478 75.)
456 2400 547 2481 Quid
564 2422 629 2482 ego
651 2421 740 2464 nano
762 2405 796 2465 in
816 2404 928 2466 altera
948 2401 1095 2483 actione]
1139 2403 1223 2465 Hinc
1244 2409 1394 2484 apparet,
1425 2402 1517 2467 etism

210 2489 242 2555 iu
265 2491 465 2574 ampliatione
485 2492 531 2554 sic
552 2495 697 2561 alteram
719 2491 797 2569 dici,
832 2496 1091 2576 quemadmodum
1119 2494 1150 2558 in
1172 2497 1516 2578 comperendinatione.

302 2749 329 2800 1.
351 2743 486 2812 Tettium]
520 2743 587 2798 iiot.
606 2744 749 2799 Mam·
776 2752 887 2797 tanturn
906 2747 998 2821 Ptine.
1017 2745 1126 2800 Rerald
1144 2744 1207 2802 eid.
1228 2745 1360 2801 nod.-
1389 2747 1517 2801 Tertium

207 2816 296 2892 Laid
288 2819 556 2963 2iitptpmrimm]
578 2891 662 2965 Lngd.
675 2892 740 2947 Ηοι.
753 2894 832 2948 blaa.
849 2894 932 2949 Creo.
955 2923 986 2938 -
1005 2900 1196 2965 perscripsisse
1210 2898 1300 2950 Ptine.
1315 2894 1377 2950 eid.
1396 2926 1434 2939 -
1448 2914 1515 2968 per-

206 2973 313 3021 stitisse
332 2967 440 3022 Beraid.
461 2967 581 3022 Lod-
548 2972 838 3038 -,ριιιιιίιιιιιίιι,
867 2968 894 3022 itl
914 2986 972 3034 est,
1000 2971 1224 3044 reprehendisse,
1249 2971 1429 3074 redarguisse.
1467 2971 1515 3024 stc

206 3043 295 3099 Tacit.
317 3044 361 3097 iv,
381 3047 452 3097 Ano.
472 3048 516 3099 it.
535 3042 639 3094 modice
653 3043 826 3113 perstricti?
855 3009 1007 3100 GARA'i'

297 3121 326 3176 5.
344 3119 401 3184 oei]
428 3133 482 3171 orn.
501 3116 586 3190 Lugd.
607 3118 672 3170 Hos.
691 3117 766 3169 Man.
789 3121 869 3172 Creu.

298 3197 325 3250 5.
344 3191 436 3262 nohis]
463 3136 558 3263 Lugd.
567 3193 632 3244 iiot.
651 3192 728 3244 Man.
748 3193 886 3245 Creu.-
850 3211 960 3246 -non
978 3193 1020 3244 bis
1039 3198 1216 3267 antiquiores.

296 3269 324 3324 9.
345 3275 432 3319 morte
452 3265 619 3332 Philodami]
641 3283 716 3316 more
730 3266 889 3319 Philodami
900 3267 1008 3323 Beraltl.
1022 3297 1055 3311 -
1070 3277 1187 3320 mortem
1199 3269 1322 3321 Cornelii
1332 3267 1513 3337 damnatione

204 3340 361 3394 Philodami
385 3342 450 3393 ilat.
475 3342 557 3392 Creu.
595 3342 721 3409 „,Vetus
751 3342 905 3415 Vindicate
923 3352 1014 3395 morte
1034 3342 1189 3398 Philodami
1207 3360 1231 3396 s.
1249 3361 1273 3398 e.
1293 3361 1316 3396 s.
1335 3361 1361 3398 r.
1376 3349 1509 3414 potuisse.

204 3417 281 3486 Quae
302 3414 384 3467 verbs
403 3415 483 3487 longe
502 3414 595 3468 abesse
615 3429 630 3466 a
648 3431 739 3468 mente
759 3411 838 3488 atque
860 3419 977 3471 consilio
997 3418 1190 3471 Ciceroniana
1208 3423 1266 3490 ipsa
1286 3422 1412 3472 oratione
1427 3416 1509 3471 facile

203 3507 245 3545 eat
272 3490 399 3561 intelligi.
438 3491 540 3541 Locum
568 3493 652 3561 igitar
680 3492 762 3563 paulo
791 3492 870 3545 aitter
898 3510 931 3545 ex
958 3497 1093 3559 oratoris,
1121 3507 1153 3546 ut
1172 3496 1341 3589 putarimus,
1371 3497 1508 3548 sententia

202 3564 289 3620 deseri
310 3563 414 3616 simus?
416 3562 544 3619 ’.ΗΟΤ

277 3584 348 3693 liti.
363 3641 499 3709 potuisse]
525 3642 658 3708 petivisse
678 3637 744 3694 Lod.
763 3668 799 3683 -
816 3641 937 3694 vaissisas
956 3641 1021 3694 Hot.
1040 3641 1121 3695 Creo.
1209 3640 1214 3649 ’

278 3711 351 3767 ibid.
369 3717 494 3783 qtsarum]
514 3731 567 3784 quo
586 3714 663 3768 Man.

227 3790 232 3799 '
274 3796 322 3846 ss.
341 3792 378 3856 ei]
395 3805 455 3841 om.
474 3786 581 3846 Berald
603 3786 690 3861 and.

211 3882 216 3892 ·
275 3867 320 3923 16.
339 3862 390 3914 sed
406 3881 442 3935 ap
439 3868 571 3934 ponitur,
591 3882 611 3913 a
630 3862 735 3934 Verre]
755 3861 801 3916 sic
819 3868 980 3936 scripsi.-
1002 3863 1154 3937 Legebatar
1171 3863 1223 3917 sed
1239 3883 1258 3918 a
1276 3863 1379 3920 Verre.

275 3942 319 3998 17.
338 3935 377 3988 Et
396 3957 433 3989 eat
451 3936 525 3990 cred
526 3940 548 4006 ]
563 3902 598 3988 lie
616 3938 691 3992 cred.
710 3938 780 4013 (οιιι.
798 3944 840 4006 ei)
859 3938 938 3992 editt.
958 3940 1116 4001 Ciceronis..

273 4016 320 4068 20.
339 4012 383 4084 ui]
400 4022 450 4065 aut
468 4010 574 4067 Berald.

273 4085 343 4140 ibid.
362 4091 434 4156 quis]
454 4093 501 4156 qui
520 4089 610 4140 Prion.

272 4165 318 4218 21.
336 4165 363 4210 si
381 4161 569 4227 dormandus,
586 4163 684 4212 statim
702 4159 895 4230 damnaretur]
917 4161 975 4234 Lag
976 4159 1003 4216 d.
1017 4162 1082 4216 iiot.
1094 4167 1168 4213 -si
1179 4162 1369 4230 damnandus
1387 4167 1503 4216 statim:

104 4266 108 4272 ·
198 4236 264 4302 (om.
283 4235 478 4303 damnaretur)
498 4236 590 4289 Priac.
609 4233 716 4289 Beraid.
736 4234 798 4290 eid.
818 4236 884 4289 Lod.
910 4263 947 4279 —
959 4181 997 4288 gsi
1015 4236 1180 4305 damnatus,
1200 4243 1300 4291 statim
1317 4202 1504 4291 dainnaretssr

197 4311 274 4366 Man.
293 4338 330 4353 -
349 4317 376 4363 si
393 4309 581 4376 damnandus,
602 4309 783 4362 damnaretur
802 4311 883 4364 Creu.

194 4448 199 4461 Ι
272 4382 344 4438 ibid.
362 4392 389 4437 si
407 4403 492 4438 eausa
511 4402 566 4436 non
585 4401 643 4436 esse
645 4385 671 4456 t]
690 4402 774 4435 casua
794 4403 849 4436 non
867 4403 925 4437 esse
944 4384 1013 4459 (οιιι.
1031 4391 1069 4451 si)
1088 4389 1170 4440 Creu.

271 4465 317 4515 22.
337 4461 384 4529 up]
404 4479 458 4513 orn.
478 4457 563 4530 Lagd.
583 4460 646 4514 iiot.
668 4460 745 4513 Man.
766 4461 849 4516 Creu.

155 4581 158 4590 .
224 4532 394 4587 ibid.r
357 4554 439 4601 proni
438 4535 604 4604 metaretur]
626 4532 684 4588 eid.
703 4549 733 4586 et
750 4551 825 4605 seqq.
843 4565 881 4580 -
898 4538 1077 4586 minotaretur
1096 4535 1187 4588 Ptine.
1207 4507 1314 4611 Berald.

270 4613 315 4668 25.
335 4611 420 4676 IIine]
441 4610 487 4662 sto
506 4612 615 4681 scripsi.
654 4607 804 4680 Legebantur
823 4611 884 4664 iiic.

269 4686 315 4740 25.
334 4688 375 4735 sis
392 4686 512 4736 aiteram
531 4682 600 4753 diei]
631 4689 672 4735 sie
691 4684 810 4736 aiteram
827 4691 965 4737 actionem
984 4682 1040 4735 diti
1060 4682 1125 4736 ilat.
1146 4685 1226 4737 Creu.
1244 4710 1283 4728 -·
1304 4683 1397 4754 „Fara
1416 4685 1500 4739 Atte-

194 4773 274 4810 ram:
294 4758 507 4830 samaritarum
526 4761 612 4830 ansgis
632 4757 780 4831 piscaret.''
811 4759 951 4814 Manui.
