3210 5280
225 178 285 242 dli
551 176 848 244 SCHOLIASTA
871 177 1216 265 ououovtstttts

113 359 117 367 -
223 319 300 383 bile.
344 320 426 383 Nam
450 320 589 384 offensus
608 331 665 382 'est
686 317 805 383 animus
830 318 998 395 Caesaris,
1031 323 1177 385 sednon
1207 318 1302 398 satis,
1338 320 1414 405 quia
1445 317 1543 383 indul-

225 415 363 499 gentiam
387 416 529 478 dederat.
573 415 664 478 Haee
685 434 779 478 eausa
804 412 919 478 dieitur
940 413 972 480 in
997 415 1092 479 domo
1116 412 1287 492 Caesaris,
1310 436 1379 481 non
1400 412 1434 478 in
1456 413 1543 480 loro.

224 510 328 574 Adest
350 507 481 574 Cicero.

309 605 393 686 Cap.
417 605 446 668 1.
472 609 502 667 t.
525 608 639 687 Quum
661 605 696 669 in
723 605 879 671 omnibus
899 603 1028 686 casteis]
1066 601 1166 685 Quasi
1189 603 1223 668 in
1250 602 1386 690 reliquis
1415 625 1544 670 securus

200 698 281 779 isit,
306 711 424 762 tautum
450 699 481 761 iu
504 699 663 781 principio
687 710 920 765 commoretur.
1187 711 1189 716 ’

308 794 535 874 Comrnooeri]
572 797 600 857 T
603 795 686 857 imor
708 793 808 858 virilis
829 792 1017 859 commotio.

309 893 400 952 Turn
428 888 465 951 iu
487 891 551 950 hae
575 885 682 951 cauta
709 888 760 951 ita
785 911 838 952 me
862 885 1083 972 perturbant]
1116 890 1268 952 Ansamus
1292 887 1544 971 periclitantibus

225 982 411 1048 subvenire.
456 982 528 1043 Hae
551 993 619 1044 arte
641 980 737 1056 dixit,
762 984 1023 1065 quemadmodum
1045 982 1076 1046 in
1092 981 1296 1047 Cornelianis
1319 991 1353 1044 et
1370 982 1402 1045 in
1428 981 1544 1047 Cluen·

224 1079 319 1141 tiana.
365 1078 409 1138 Et
432 1075 517 1138 dedit
532 1075 710 1157 exemplum
729 1076 913 1158 Virgilius.
959 1076 1058 1140 Sinon
1074 1075 1133 1139 nisi
1149 1075 1358 1138 miserabilem
1376 1097 1543 1158 personam

183 1169 428 1251 tttsumpsisset,
457 1189 520 1231 uon
545 1168 697 1242 haberet,
728 1172 991 1253 quemadmodum
1016 1169 1165 1235 Troianis
1190 1180 1400 1251 extorqueret
1426 1169 1544 1232 miseri·

225 1264 385 1338 cordiam,
410 1263 528 1347 quippe
542 1262 657 1326 hostis.
701 1262 828 1340 Uteius
842 1263 940 1324 fallax
958 1263 1120 1326 audiretur
1142 1261 1267 1336 oratio,
1292 1261 1386 1325 linxit
1409 1263 1542 1326 territari.

225 1358 421 1431 Turbatam,
445 1356 566 1440 iuquit,
590 1357 729 1420 inermis
750 1355 914 1421 constitit.
959 1355 1014 1420 Sie
1036 1367 1067 1420 et
1082 1359 1177 1420 modo
1201 1355 1339 1438 Cicero,
1365 1355 1438 1439 quia
1462 1357 1543 1438 apud

227 1451 395 1516 Caesarem
418 1451 456 1513 de
477 1450 571 1514 hoste
586 1449 735 1514 Caesaris
750 1449 910 1535 loquitur,
935 1449 1026 1514 linxit
1047 1449 1239 1527 senioreti,
1263 1461 1298 1512 ut
1313 1449 1381 1513 eius
1402 1449 1543 1512 audiatur

226 1558 342 1611 oratio.
912 1600 914 1602 .

183 1655 214 1704 ¹5
308 1640 463 1706 Primum
474 1637 550 1700 dico
558 1658 625 1720 pro
640 1637 763 1720 eapite]
782 1636 977 1722 Magnitudo
993 1636 1128 1724 negotii.
1156 1637 1322 1702 Attentum
1338 1636 1431 1702 lacit.
1454 1638 1541 1723 Ergo

224 1746 258 1797 tu
280 1754 409 1795 aretusae
432 1752 548 1812 regem
569 1730 666 1812 apud
687 1730 880 1807 Caesarem,
904 1734 963 1795 sub
987 1754 1051 1817 quo
1075 1754 1151 1818 rege
1173 1753 1256 1795 sum.
1371 1743 1376 1752 “

308 1828 339 1890 2.
363 1830 472 1909 Quem
483 1846 609 1887 ornare
619 1822 685 1906 pro
694 1826 869 1906 perpetuis
880 1826 955 1889 eius
966 1826 1112 1908 meritis]
1135 1825 1347 1892 Commendat
1359 1846 1542 1910 personam.

308 1920 463 1985 Alterius
485 1918 702 1998 erudditote]
726 1918 862 1999 Nepotis
884 1919 1071 1983 erudelitate
1094 1918 1255 2007 Castoris.

307 2011 533 2095 indignitate]
570 2011 663 2073 Serri
684 2011 849 2094 Phidippi.

180 2123 212 2172 ιο
308 2105 477 2188 Crudelis]
501 2109 639 2168 'l'antmu
665 2127 705 2168 ne
728 2106 830 2187 possit
852 2105 958 2170 dicere
983 2109 1172 2172 sceleratum
1194 2118 1228 2171 et
1248 2106 1394 2191 impium.

307 2201 707 2284 commendationemque
728 2192 878 2263 ineuntis
899 2202 1037 2282 aetatis]
1061 2201 1144 2282 Quia
1164 2212 1236 2267 ante
1261 2203 1481 2276 adolescentes
1501 2225 1539 2268 ex

222 2296 423 2359 aeettsatioue
447 2294 748 2357 commendabantur
769 2294 956 2368 adxlamam.

306 2394 339 2454 A
366 2393 561 2471 legatorum
586 2385 744 2470 pedibus]
787 2385 887 2465 Quasi
918 2389 956 2450 ad
989 2389 1177 2473 obsequium
1211 2390 1394 2476 legatorum
1430 2391 1538 2456 missus

220 2484 345 2548 suisset.
391 2482 474 2562 Quia
496 2503 627 2556 servus,
650 2480 723 2544 ideo
745 2480 893 2562 pedibus.

178 2588 211 2637 ts
308 2569 339 2632 3.
363 2570 457 2634 Nam
469 2589 573 2651 quum
585 2588 679 2628 more
691 2563 875 2646 maiorum]
891 2565 979 2629 Eeee
989 2588 1088 2650 quare
1100 2565 1192 2642 dieit,
1210 2588 1365 2634 serrone
1380 2571 1537 2638 credatur.

306 2659 389 2742 Cap.
412 2661 461 2724 II.
485 2661 516 2723 lt.
540 2659 723 2725 Perturbat
745 2679 797 2720 me
818 2657 922 2721 etiam
944 2658 1043 2742 illud]
1068 2661 1134 2724 Ars
1156 2661 1291 2725 dicendi.
1337 2664 1438 2746 Apud
1460 2663 1538 2729 Cae-

220 2777 321 2819 sarem
346 2754 488 2839 loquitur
511 2754 548 2815 de
564 2752 709 2835 periculo
727 2750 887 2816 Caesaris.
934 2751 996 2816 Cui
1017 2756 1114 2818 habet
1136 2755 1246 2819 lavere
1270 2754 1394 2820 Caesar
1416 2755 1535 2833 nisisi,

221 2847 277 2933 qui
297 2848 422 2912 videtur
446 2869 515 2910 eum
540 2844 735 2910 defendere?
757 2844 918 2923 Arguitur
933 2845 1124 2925 Deiotarus,
1147 2851 1234 2931 quod
1249 2848 1352 2914 voluit
1370 2849 1536 2916 Caesarem

221 2942 380 3006 occidere.
425 2943 524 3023 Apud
547 2940 715 3005 Caesarem
738 2937 841 3021 ipsum
857 2961 950 3003 causa
967 2940 1092 3006 dieitur.
1137 2938 1247 3008 Favet'
1262 2956 1349 3008 certe
1371 2945 1464 3021 huie,
1487 2943 1536 3028 qui

178 3037 345 3110 rovidetur
361 3058 422 3118 pro
442 3035 615 3100 sefacere.
660 3035 736 3098 Hoe
761 3054 841 3117 ergo
859 3034 925 3096 vult
947 3034 1069 3102 dicere:
1093 3086 1107 3114 „
1116 3039 1262 3124 Iniquum
1285 3052 1334 3104 est
1356 3043 1443 3124 apud
1456 3052 1486 3103 te
1500 3043 1535 3104 de

218 3130 280 3193 tuis
296 3130 445 3213 periculis
461 3152 587 3193 eausam
603 3126 745 3192 dicere.''
779 3127 841 3190 Sed
859 3127 884 3190 si
899 3129 961 3192 hoe
976 3130 1112 3213 dixerit,
1129 3134 1203 3198 lacit
1219 3133 1368 3198 iniuriam
1385 3133 1531 3210 Caesari;

221 3234 253 3288 et
275 3235 445 3306 temperat,
470 3225 560 3310 quasi
585 3224 663 3286 nihii
685 3224 737 3286 sit.

306 3319 338 3381 5.
362 3319 419 3382 Ad
439 3330 472 3381 te
494 3339 600 3380 aenaim
621 3317 733 3381 omnis
757 3325 889 3402 speetat
910 3322 1039 3403 oratio]
1069 3324 1173 3406 Ergo.
1186 3322 1330 3407 displicet
1352 3323 1411 3387 tibi
1432 3323 1533 3388 index.

305 3412 335 3477 6.
358 3415 498 3476 Caelum
512 3412 654 3496 denique
669 3411 830 3495 testarer]
856 3415 963 3494 Qttare
983 3414 1125 3479 eaelum?
1147 3415 1196 3480 sie
1217 3438 1322 3502 quum
1341 3429 1376 3482 et
1398 3419 1534 3481 deorum

177 3529 209 3578 3⁵
220 3505 480 3568 immortalium.
526 3506 633 3585 Quare
659 3505 789 3569 lorum?
810 3520 842 3570 et
862 3510 984 3592 populi
1008 3509 1169 3575 Romani.
1220 3508 1376 3574 Curiam?
1397 3522 1531 3575 senatus

220 3599 389 3677 beneficia
411 3599 447 3661 in
472 3621 590 3683 regern
615 3599 823 3665 Deiotarum
844 3603 1060 3667 recordarer.

292 3696 336 3758 .l.
359 3693 428 3776 Qui
450 3716 517 3778 pro
540 3695 656 3757 multis
678 3715 778 3777 saepe
803 3696 941 3777 dixisti]
977 3696 1058 3778 Quia
1082 3709 1114 3761 et
1139 3696 1208 3780 ipse
1232 3709 1347 3763 orator
1369 3699 1442 3764 istit.

304 3787 387 3869 Cap.
404 3789 470 3851 111.
488 3790 520 3852 8.
536 3793 669 3854 Iratum
685 3801 716 3850 te
729 3788 805 3872 regi
816 3790 1000 3872 Deiotaro]
1017 3789 1099 3870 Quia
1115 3792 1304 3856 multaverat
1317 3790 1407 3856 illum
1422 3814 1532 3880 regno.

302 3881 485 3973 Afflietum
506 3882 618 3962 illum]
656 3884 730 3947 Non
747 3881 837 3981 'dixit
858 3895 979 3966 partem
1001 3885 1106 3969 regni.

255 4152 258 4156 ·
294 4141 321 4190 1.
342 4137 462 4202 animus]
483 4133 518 4186 G.
538 4133 588 4187 Gr.
608 4162 646 4176 -
664 4138 770 4185 amiens
797 4134 864 4187 Scit.
903 4141 930 4193 8.
951 4135 1141 4207 Cornelianis]
1169 4135 1205 4189 G.
1224 4137 1275 4191 Gr.
1301 4166 1341 4180 —
1369 4139 1533 4193 Corneliana

219 4206 284 4260 Seh.
302 4210 350 4263 ·9.
371 4209 516 4277 Virgilius
536 4214 651 4262 inserulr
672 4210 736 4262 Sch.
776 4217 820 4265 10.
841 4210 929 4261 Sinon
948 4215 1016 4280 eeu]
1039 4211 1072 4264 de
1094 4213 1117 4265 1.
1136 4211 1164 4264 1³.
1184 4214 1319 4267 Gronovll
1333 4220 1409 4268 eoot.
1424 4216 1487 4268 Sele
1501 4244 1533 4257 -

217 4288 419 4428 tf‘ttt'tt
438 4284 864 4411 tt“l“''²!·..t.5t.'‘.‘t.i·
892 4286 959 4431 ῦὸ..
989 4286 1294 4419 “aml‘i't'lt't
1317 4295 1416 4418 igme
1442 4290 1532 4382 '‘⁰5²¹“

219 4433 380 4486 ricordtam.
426 4378 662 4505 Qatpieiltosttu
696 4444 727 4486 ut
751 4439 810 4486 eins
836 4401 902 4489 Sela.
930 4381 1010 4495 ’ἔέ
1024 4380 1203 4507 vvieregmi
1222 4400 1304 4509 apud
1323 4385 1533 4495 mim-pud&

221 4514 265 4564 17.
286 4512 399 4576 ornare]
430 4510 465 4562 G.
486 4512 535 4564 Gr.
556 4538 592 4550 -
612 4528 708 4561 amare
728 4509 791 4563 Seh.
830 4515 877 4568 27.
900 4514 940 4564 Λιι
966 4510 1068 4564 deleri
1092 4514 1146 4568 Os.
1187 4518 1232 4574 31.
1254 4519 1313 4565 tuis
1328 4518 1409 4585 pem]
1429 4518 1465 4572 G.
1486 4518 1531 4572 Gr.

219 4609 254 4622 -
271 4585 404 4653 periculis
423 4590 480 4635 tuis
500 4584 563 4638 Seh.
612 4587 658 4645 56.
679 4587 757 4649 ,Hie
776 4586 852 4640 loeus
874 4601 1016 4660 perperam
1036 4586 1127 4641 editor
1153 4592 1182 4655 (a
1208 4587 1267 4644 Ite.
1287 4591 1449 4657 Gronovlo,
1476 4605 1532 4645 ets

218 4656 520 4792 picdqqe't'stpaqppque),
569 4658 616 4722 Sic
641 4665 715 4724 enim
743 4679 776 4722 es
805 4679 867 4716 meo
894 4665 1052 4746 apographo
1078 4661 1199 4730 edendus
1224 4679 1292 4781 est,
1313 4681 1345 4729 us
1365 4666 1414 4724 tuo
1432 4666 1531 4728 edlmto
