3210 5280
113 185 118 194 ’
163 204 224 270 ιιι
580 204 785 273 scuoum
808 206 1058 273 romensis

238 344 275 424 2.
302 350 332 424 E
360 350 493 449 quibus
520 348 588 423 hos
614 350 893 448 praetextatos¹
923 352 1087 425 sedentis
1113 351 1229 426 vides.

246 468 421 531 Domitium
445 468 564 530 scilicet
587 479 618 530 et
639 469 845 532 Ancharium.

238 585 274 666 3.
291 592 345 666 Te
357 601 586 691 praetextam
600 604 734 693 togam,
745 619 852 692 quam
865 594 1005 668 frustra
1015 595 1243 696 confeceras,
1253 595 1484 674 vendidisse.

247 709 462 775 Acerbissime
484 709 687 773 humilitatem
716 733 872 792 personae
904 725 1017 776 orator
1048 711 1207 793 expressit
1236 714 1402 778 Vatinium
1435 716 1485 780 di·

139 808 262 868 scendo
298 826 361 867 non
400 803 567 885 impetrato
609 805 733 867 honore
765 805 868 869 statim
897 817 973 888 post
1003 806 1163 887 repulsam
1195 826 1258 869 non
1292 809 1484 888 deposuisse

162 909 378 980 praetextam,
408 898 461 959 sed
492 896 684 971 vendidisse
720 919 785 980 quo
815 900 919 964 verbo
940 899 991 963 vel
1017 899 1157 981 inopiam
1180 902 1365 963 ostenderet
1394 901 1482 978 eius,

163 992 215 1074 qui
245 1001 427 1072 praetextae
457 999 553 1073 togae
576 991 733 1072 pretium²
761 976 969 1066 desiderarem
1003 993 1055 1057 vel
1080 1015 1121 1055 ex
1144 994 1482 1076 eodesperationem,

162 1088 248 1171 quod
275 1087 428 1150 honorem
452 1083 612 1190 suffragiis
633 1084 744 1167 populi
770 1086 915 1150 obtinere
936 1106 1000 1151 non
1022 1086 1142 1169 possin
1166 1107 1203 1150 ac
1224 1099 1399 1172 propterea
1423 1088 1484 1153 sibi

102 1190 359 1262 praetextam
382 1190 508 1261 putaret
529 1178 654 1243 minime
677 1178 898 1243 necessariam.

124 1318 152 1367 ιθ
237 1298 273 1377 lt.
306 1303 472 1377 Tertium
500 1304 573 1377 scis
600 1327 647 1374 ex
671 1301 736 1376 illo
763 1306 920 1377 obsesso
948 1302 1085 1407 atque³
1113 1305 1261 1380 adflicto
1287 1309 1483 1381 tribunatu

162 1416 393 1490 consularem
403 1418 659 1489 auctoritatem
668 1439 848 1487 nemmem
856 1417 1481 1494 csseadulescentemconsecutum

246 1535 337 1598 Hac⁴
360 1534 390 1595 in
413 1545 501 1613 parte
525 1532 566 1597 C.
584 1532 737 1595 Fannium
756 1531 824 1595 sive
838 1534 1024 1597 Memmium
1040 1533 1209 1620 significat.
1254 1536 1377 1600 Verum
1396 1539 1484 1622 quod

161 1627 206 1692 ait
228 1649 268 1691 ex
289 1629 344 1691 illo
368 1628 523 1692 obsesso⁵
557 1625 738 1703 tribunatu,
773 1638 897 1709 tempus
926 1627 1058 1713 intelligi
1088 1628 1157 1691 vult
1185 1627 1481 1708 seditiosissimum,

164 1720 251 1805 qtro⁶
273 1723 368 1804 quum
384 1719 520 1783 tribuni⁷
541 1721 589 1801 pl.
605 1717 797 1783 obsisterent
811 1720 988 1785 actionibus
1004 1722 1045 1785 Ρ.
1062 1721 1184 1785 Vatinii
1200 1733 1231 1785 et
1250 1722 1292 1787 C.
1312 1721 1481 1801 Caesaris,

120 1814 277 1897 aspulsati
301 1814 435 1896 pervim
464 1813 639 1876 concitatae
662 1812 867 1878 multitudinis
888 1814 964 1879 loro
986 1824 1168 1893 cesserant,
1193 1814 1288 1900 quum
1312 1817 1484 1883 violentiae

162 1929 257 1992 pares
280 1929 349 1971 esse
372 1930 434 1970 non
457 1917 602 1991 possent.

237 2029 272 2108 5.
301 2032 525 2109 Sedentibus
542 2034 580 2105 in
598 2030 735 2129 templo
763 2007 906 2105 duobus
933 2058 1009 2106 non
1035 2034 1272 2132 consulibus,
1299 2037 1367 2109 sed
1395 2061 1483 2136 pro-

162 2146 357 2220 (litoribus.

248 2267 322 2328 Hoc
348 2263 543 2326 manifestum
567 2273 614 2325 est
636 2265 674 2326 de
699 2258 872 2347 Pisone-et
888 2263 1027 2327 Gabinio
1048 2263 1129 2327 dici:
1151 2263 1183 2327 hi
1199 2264 1280 2327 enim
1297 2263 1432 2330 Caesari
1450 2279 1482 2331 et

118 2369 151 2419 2⁰
162 2359 281 2422 Bibulo
301 2369 536 2432 successerunt;
560 2380 695 2440 quorum
719 2360 801 2425 anno
822 2359 926 2442 ,omnia
954 2369 1066 2420 contra
1090 2360 1143 2421 M·
1169 2358 1307 2421 Tullium
1334 2372 1482 2444 gesserat

162 2450 307 2516 Clodius.

237 2576 341 2649 Vlll.
369 2568 405 2649 Ῑ.
433 2577 561 2676 Augur
587 2578 670 2652 fieri
696 2581 734 2651 in
762 2577 808 2678 Q.
836 2577 974 2652 Metelli
999 2546 1134 2651 locuin.

246 2694 289 2774 Q.
314 2694 467 2756 Metellus
495 2694 592 2759 Celer
617 2718 695 2759 ιιιιιιι
724 2718 741 2761 e
769 2717 902 2758 numero
925 2716 1078 2779 augurum
1105 2715 1168 2758 non
1194 2692 1237 2756 ita
1264 2692 1386 2775 pridem
1415 2693 1481 2757 vita

162 2800 358 2861 excesseram
389 2789 477 2850 carius
503 2788 663 2854 inlocum
693 2790 734 2852 P.
766 2788 916 2852 Vatinius
950 2797 1138 2871 auguratum
1163 2786 1310 2869 petierat.
1356 2791 1400 2852 Et
1429 2791 1481 2851 hic

118 2905 149 2954 2⁵
161 2880 335 2963 proscindit
357 2881 516 2943 audaciam
547 2883 632 2960 eius,
667 2882 721 2966 qui
751 2883 847 2947 suerit
869 2881 1016 2966 indignus
1043 2892 1074 2943 et
1104 2894 1293 2966 auguratum
1322 2883 1479 2967 consequi

161 2987 192 3038 et
214 2975 349 3038 Metello
372 2974 532 3038 substitui.

236 3098 360 3171 Vllll
389 3092 423 3171 1.
458 3098 504 3172 Et
530 3124 550 3171 a
577 3101 701 3174 tabula·
727 3100 878 3174 Valeria
904 3098 1065 3200 collegae
1092 3101 1144 3173 tui
1172 3102 1265 3173 mitti
1291 3102 1476 3175 iuberent.

244 3215 308 3278 Ηί8
330 3216 473 3299 collegae
496 3217 803 3281 intercesserantP.
827 3217 959 3281 Vatinio
981 3216 1098 3280 furenti
1120 3219 1172 3280 M.
1202 3218 1382 3281 Bibulum
1373 3240 1404 3281 ιιι
1429 3220 1476 3282 in·

160 3308 295 3373 vidiam⁹
311 3310 393 3371 duci.
439 3309 535 3389 Quod
555 3331 635 3373 vero
651 3313 688 3374 ad
712 3296 847 3374 tabulam
867 3309 1026 3374 Valeriam
1046 3309 1205 3392 pertinere
1223 3313 1387 3387 videatur,
1413 3312 1478 3376 loci

118 3427 272 3477 nonomen
296 3404 341 3467 sic
359 3403 541 3480 serebatur,
566 3407 828 3488 quemadmodum
845 3406 882 3464 ad
906 3403 1040 3465 tabulam
1059 3403 1210 3479 Sestiam,
1234 3405 1321 3466 cuius
1337 3405 1477 3467 meminit

160 3520 220 3582 pro
248 3498 396 3578 Quintio,
422 3497 463 3559 ita
487 3509 517 3559 et
540 3500 578 3558 ad
600 3500 736 3583 tabulam
759 3496 920 3559 Valeriam
943 3499 1122 3574 dicebatur,
1147 3498 1200 3561 ubi
1227 3499 1377 3562 Valerius
1400 3501 1477 3563 Ma

162 3591 264 3654 ximus
286 3592 423 3653 tabulam
447 3611 552 3652 rerum
577 3591 617 3651 ab
638 3612 672 3653 se
688 3591 719 3653 in
737 3589 840 3654 Gallia
852 3591 876 3629 ¹⁰
898 3612 1052 3673 prospere
1068 3604 1227 3676 gestarum
1243 3593 1478 3674 proposucllrat

160 3681 298 3748 ostentui
322 3685 434 3769 vulgo.

229 3825 253 3872 1.
274 3827 333 3871 Cod.
352 3831 529 3884 praetectum.
574 3822 598 3869 2.
619 3825 679 3869 Cod.
696 3825 832 3881 praetium.
877 3822 900 3869 3.
920 3825 981 3869 Cod.
1001 3824 1089 3884 adque.
1128 3824 1152 3871 4.
1173 3827 1233 3871 Cod.
1253 3825 1327 3871 lanae.
1367 3825 1391 3872 5.
1412 3829 1474 3874 Coel.

298 3895 411 3941 obessent.
450 3892 473 3939 6.
488 3895 548 3939 Cod.
564 3893 637 3953 quod.
675 3892 699 3939 l.
714 3896 775 3938 (ἰού.
790 3894 914 3943 trr'brenua.
952 3894 977 3939 t.
997 3897 1057 3942 Cod.
1072 3893 1122 3940 hie.
1161 3893 1184 3940 9.
1200 3897 1474 3951 lmmoe'ueureerw

295 3979 436 4023 quamquam
454 3970 478 4009 et
498 3965 524 4007 ιἰι
543 3963 663 4007 insidiam
682 3965 780 4008 retineri
803 3970 890 4020 potest.
911 3965 972 4008 Μιι.
1008 3964 1133 4022 (Por-tasse
1157 3966 1252 4011 iubenti
1269 3993 1280 4003 ·
1300 3972 1314 3998 ·'
1328 3967 1355 4010 ιἰι
1375 3968 1476 4012 vineata

301 4033 368 4080 duel.
396 4035 457 4092 0)
493 4031 757 4079 aucmentum

232 4161 277 4214 lt.
298 4154 441 4208 Praeclara
460 4153 710 4218 lectionemiaem,
731 4152 1215 4227 prollagttloeomendoedltlonum
1229 4152 1381 4221 ἦοιιιίιιιιιι,
1401 4155 1476 4229 quod

157 4227 226 4284 adeo
247 4231 317 4283 male
338 4230 432 4283 hahuit
453 4234 619 4282 recentiores
641 4229 719 4281 huius
740 4229 817 4281 loci'
809 4247 988 4300 interpretes,
1010 4233 1075 4283 duin
1089 4236 1284 4286 auctoritatem
1298 4232 1475 4285 consularem

157 4305 464 4370 Panntoaduleseentt,
490 4307 647 4358 contraius
670 4305 1140 4371 homanum,conciliarevellent.
1179 4307 1476 4378 (lmmoflagirtosum

157 4382 288 4436 mendum
309 4398 349 4434 est
368 4386 512 4433 neminem.
540 4376 607 4452 Oa.)

233 4461 278 4516 31.
300 4459 367 4527 Cap.
390 4457 436 4508 tt.

233 4539 277 4593 32⁸.
298 4534 329 4585 ln
350 4531 441 4584 medio
461 4529 544 4583 verbo
559 4537 694 4600 posuerat
714 4532 814 4603 incipit
833 4547 896 4603 pars
917 4529 1134 4586 Mediolanensis
1161 4546 1176 4582 a
1203 4548 1247 4583 me
1275 4533 1382 4604 aliquot
1409 4547 1474 4587 anre

158 4608 441 4743 ωοὲὄώὲιῧυάειιιι
462 4683 609 4749 antiquarii
630 4681 764 4744 Romani,
785 4682 958 4752 gratulentur
978 4685 1108 4735 lalsrortae
1128 4681 1256 4737 studiosi.
1294 4680 1401 4733 Tabula
1422 4683 1475 4734 Va-

78 4758 80 4765 '
157 4758 224 4812 lette
250 4757 345 4831 (quam
367 4761 465 4810 eiecto
484 4759 608 4809 nominat
628 4759 712 4809 ettam
733 4772 776 4830 ep.
797 4757 831 4810 ad
850 4759 925 4811 Fam.
946 4757 1023 4813 xlv.
1042 4761 1082 4826 2.)
1108 4773 1242 4832 quaenam
1262 4772 1347 4826 esset,
1379 4762 1474 4813 crtttet
