3210 5280
438 237 447 247 ,
501 166 551 232 ΙΝ
575 162 1063 252 ortam-ruoscnttuo.
1221 227 1226 236 ,
1298 196 1304 213 =
1374 165 1437 243 dib

121 310 231 375 Asiam
265 309 391 371 tenebat
425 307 591 389 praetorio
626 306 780 386 imperim
812 306 924 372 tertius
954 305 1007 371 ille
1040 304 1213 380 Claudios,
1248 304 1302 391 qui
1333 320 1368 369 se
1398 308 1436 368 de

119 402 255 484 patricio
290 400 447 484 plebeium
481 400 615 468 fecerat.
666 403 842 471 Pontifices
870 421 933 463 non
965 399 1084 491 fiebant
1117 397 1177 461 nisi
1208 400 1246 460 de
1279 396 1436 481 patriciis.

120 492 211 560 Certi
235 494 404 577 pontifices
434 494 464 556 in
493 495 605 561 saliatu
633 499 819 562 manebant¹
854 503 886 556 et
911 491 942 556 in
968 491 1084 582 ceteris
1113 491 1298 575 quibusdam
1329 514 1438 556 sacer-

118 589 232 661 doliis,
268 610 348 672 quae
377 586 503 651 solent²
535 590 751 671 adrninistrare
778 586 916 672 patricii.
971 586 1036 652 Ubi
1056 575 1330 650 ¹adminiitrassent
1357 586 1437 650 baec

119 682 314 758 sacerdotia,
348 679 464 743 fiebant
494 683 653 748 consules.
709 687 782 748 Lex
811 691 1009 745 enatantem
1039 678 1157 743 Licinii
1185 681 1368 757 Stolonis³,
1395 690 1461 754 ⁵uti

118 798 201 840 unus
224 777 314 838 tieret
336 780 375 838 de
400 776 559 858 patriciis,
589 780 667 843 alius
690 785 729 845 de
754 779 896 863 plebeis.
935 777 1006 838 Lex
1035 762 1127 837 eti'am
1155 787 1244 849 erat,
1268 784 1301 837 ut
1327 775 1436 837 liceret

117 873 200 932 dnos
222 868 366 951 plebeios
392 892 483 946 esse,
508 893 572 936 non
595 874 704 939 liceret
726 877 807 937 datos
832 869 996 954 patricios.
1040 870 1133 953 Ergo
1160 889 1288 931 necesse
1312 867 1434 941 luerat,

118 963 185 1045 [ut]
211 986 289 1026 atum
315 965 405 1027 lieret
434 965 596 1046 plebeius,
631 990 712 1031 untes
742 966 904 1050 patricius.
958 961 1091 1026 Priores
1127 962 1251 1046 quidem
1285 961 1433 1024 consules

119 1059 238 1120 fiebant
253 1059 374 1139 plebei:
397 1061 452 1120 sed
467 1058 619 1140 patricius
634 1060 870 1124 administrabat
887 1054 1067 1139 inffi]nita⁴
1082 1054 1276 1129 sacerdotia,
1293 1077 1437 1137 seroque

118 1150 348 1233 perveniebat⁵
381 1155 419 1214 ad
451 1154 661 1218 consulatum.
725 1152 847 1218 Contra
882 1149 1024 1233 plebeius
1057 1148 1122 1212 cito
1154 1147 1312 1211 veniebat.
1374 1149 1481 1210 Sedto

119 1245 262 1306 melioris
288 1245 350 1309 loci
380 1257 427 1308 est
452 1245 602 1328 patricius
626 1247 738 1310 consul
760 1267 854 1329 qrsaru
877 1243 1032 1327 plebeius.
1077 1243 1214 1305 Scaurus
1237 1244 1343 1326 [antea
1366 1237 1437 1322 pa·]

121 1334 233 1401 triciu's
262 1339 367 1402 isserat
390 1383 400 1402 .
425 1383 434 1403 .
459 1383 469 1402 .
499 1330 669 1414 Claudius,
704 1340 758 1424 qui
788 1339 890 1402 frater
922 1349 971 1401 est
1000 1335 1115 1402 Claudi
1144 1333 1301 1410 consulis,
1336 1353 1437 1418 aeque

118 1430 272 1513 patricius
295 1432 366 1495 luit.
410 1434 518 1496 Ambo
542 1432 682 1513 patriciis
711 1458 729 1496 e
739 1430 900 1523 familiis
923 1431 1138 1513 migraverant
1162 1472 1171 1490 .
1195 1473 1207 1522 Ι.
1233 1470 1242 1490 .
1274 1438 1326 1490 aut
1349 1447 1385 1489 re
1408 1448 1437 1489 m

120 1569 131 1587 .
157 1570 165 1587 .
191 1568 201 1587 .
225 1547 318 1588 orare
340 1523 394 1609 qrai
419 1525 545 1606 patricii
567 1537 669 1588 erant.
714 1519 865 1591 Claaadius
890 1527 1028 1588 nondum
1053 1567 1062 1585 .
1089 1567 1098 1585 .
1123 1567 1133 1585 .
1158 1519 1321 1604 [auderat
1349 1541 1437 1582 com·

116 1630 230 1700 petere
253 1660 263 1679 .
288 1661 298 1682 .
323 1660 334 1681 .
357 1638 463 1679 ernam
485 1621 617 1700 putabat
639 1617 681 1684 C.
707 1617 861 1694 Claudio,
895 1630 929 1681 ut
952 1637 1070 1699 perven
1095 1660 1105 1678 .
1131 1660 1140 1678 .
1164 1616 1266 1677 adbuc
1292 1617 1331 1676 ad
1360 1635 1435 1675 con·
1451 1629 1480 1676 ts

117 1713 238 1774 solatus
260 1710 445 1793 petitionem
468 1713 507 1775 de
529 1715 631 1797 gradu
654 1711 804 1794 patricio.
861 1712 984 1775 Scauro
1012 1721 1115 1772 atatem
1140 1753 1150 1771 .
1175 1752 1184 1770 .
1210 1752 1219 1771 .
1243 1719 1331 1769 eraut
1357 1751 1365 1769 .
1391 1749 1400 1768 .
1428 1750 1437 1768 .

118 1825 156 1868 os
180 1848 190 1867 .
215 1848 225 1867 .
250 1827 301 1870 nro
324 1849 334 1868 .
360 1848 369 1868 .
394 1804 542 1870 Claudi.
568 1849 578 1870 .
601 1803 751 1888 patricius
776 1816 860 1866 esset
880 1803 912 1867 in
938 1802 1130 1886 plebeius,si
1153 1847 1163 1866 .
1188 1847 1198 1865 .
1220 1803 1294 1876 bat,
1319 1801 1439 1867 sciebat

115 1898 193 1980 quid
217 1942 226 1961 .
251 1942 261 1960 .
286 1942 296 1961 .
320 1919 389 1961 narn
413 1898 439 1961 si
464 1919 557 1980 pec.
582 1943 592 1962 .
616 1900 704 1961 bat.
729 1937 740 1960 .
762 1894 916 1980 patricius
942 1909 973 1960 et
997 1895 1111 1960 melior
1132 1908 1201 1958 erat
1225 1939 1234 1958 .
1259 1940 1268 1956 .
1296 1915 1317 1956 o
1337 1895 1439 1977 gradu

115 2001 227 2072 petere
246 1991 441 2054 consulatum
469 2012 532 2055 non
555 2002 684 2073 poterat
707 2033 717 2052 .
743 2032 753 2053 .
778 2032 787 2052 .
812 2001 845 2051 at
868 1989 1070 2054 inveniebant
1102 2002 1174 2052 ante
1204 2010 1238 2050 se
1270 1990 1437 2052 Scaurum.

116 2084 198 2148 ldeo
223 2088 350 2149 volebat
372 2085 605 2149 accusationem
626 2085 791 2148 intendere
813 2085 929 2147 Marco
951 2086 1096 2171 soemo,
1121 2084 1208 2168 quod
1237 2080 1264 2144 ei
1292 2101 1355 2143 non
1378 2093 1481 2161 poto

116 2188 200 2241 terat
221 2192 394 2260 conpetere
415 2192 468 2243 aut
494 2181 584 2263 quasi
610 2178 761 2262 patricius
783 2176 948 2263 autquasi
970 2176 1124 2261 plebeius.

192 2279 227 2382 §.
254 2279 316 2358 43.
349 2285 417 2360 Cn.
444 2287 628 2390 Domitius
655 2284 840 2361 Sincaius.

132 2420 135 2425 ‘
202 2403 305 2482 Quem
327 2402 502 2485 Pompeius
524 2403 625 2466 civem
649 2404 829 2470 Romanum
850 2401 984 2466 lecerat.

194 2504 227 2605 §.
255 2503 316 2582 dt.
344 2507 519 2582 Liberam
547 2511 745 2582 civitatem.

205 2625 298 2689 Aliae
314 2625 455 2690 ciuitates
470 2638 543 2689 stant
557 2624 796 2708 stipendiariae,
814 2623 893 2688 aliae
908 2623 1040 2688 liberae.
1085 2621 1342 2706 stipendiariae,
1356 2642 1437 2704 quae
1449 2635 1480 2682 25

117 2718 205 2783 bello
227 2719 479 2803 subiunguntur3
504 2718 641 2797 liberae,
666 2740 748 2805 quae
771 2721 810 2781 ad
834 2717 1000 2781 amicitiam
1022 2729 1137 2800 sponte
1165 2716 1306 2781 senirmt.
1350 2715 1438 2782 Dicit

118 2810 257 2876 Cicero:
287 2810 319 2874 in
344 2811 492 2876 omnibus
515 2812 708 2895 provinciis,
740 2834 822 2897 quae
845 2823 956 2874 contra
978 2831 1036 2874 nos
1062 2809 1146 2873 bella
1172 2820 1358 2894 gesserunt,
1391 2809 1474 2903 ira-5⁸
1556 2844 1563 2856 »

121 2904 260 2967 venimus
290 2905 410 2990 aliquas
442 2905 586 2969 civitates
615 2906 751 2982 liberas,
785 2926 866 2989 qaaae
892 2907 932 2969 ad
961 2904 1126 2969 amicitiam
1156 2917 1296 2968 nostram
1321 2913 1436 2985 sponte

120 3011 292 3073 venerunt;
314 3000 383 3062 sola
406 2999 549 3062 Sardinia
574 3010 640 3074 est,
664 2999 696 3061 in
726 3021 786 3081 qua
815 2999 897 3062 nulla
921 2999 1034 3061 civitas
1060 2997 1153 3060 nobis
1178 2997 1276 3061 amica
1297 2997 1351 3060 sit.

192 3131 214 3174 1.
234 3131 353 3190 [regebam
365 3133 422 3176 olim
440 3131 575 3177 dubitanter
593 3145 715 3177 mensem.
752 3133 952 3178 Coniecturaliter
970 3133 1058 3178 Ηιιιιι.
1077 3133 1219 3177 monebunt.
1240 3133 1330 3180 maias.
1369 3130 1394 3176 2.
1410 3132 1436 3176 le

255 3200 302 3246 Ed.
322 3216 359 3255 pr.
380 3202 458 3246 Maias
475 3200 597 3246 solebant.
635 3198 659 3246 3.
680 3204 719 3247 Sic
731 3216 784 3247 esse
804 3204 928 3261 legendnm
946 3203 1006 3248 boae
1024 3204 1177 3248 obscuratum
1196 3204 1220 3247 ie
1238 3204 1328 3248 Codice
1347 3204 1434 3256 locam,

259 3272 355 3316 memini
374 3285 417 3316 me·
429 3272 574 3315 admonitam
592 3285 606 3314 a
624 3272 655 3318 cl.
676 3271 818 3317 Niebubrio.
855 3272 952 3330 videsis
970 3270 1048 3317 salem
1060 3271 1164 3318 Gelliam
1180 3272 1261 3317 xvtt.
1282 3271 1311 3315 at
1344 3272 1435 3316 Mases.

257 3340 293 3394 (ln
317 3342 415 3385 eandem
439 3354 493 3385 eom
517 3340 588 3386 Nieb.
612 3343 773 3386 coniecturam
798 3343 879 3385 laeidit
896 3343 968 3386 etiam
986 3341 1081 3396 brier.)
1117 3340 1142 3388 4.
1167 3342 1202 3387 lte
1228 3343 1316 3386 Maias.
1347 3341 1434 3386 lteier:

258 3410 331 3454 inito.
367 3411 480 3455 Fortasse
493 3410 575 3455 s'ns'tso.
613 3408 637 3456 ⁵.
653 3412 713 3456 Cod.
725 3409 894 3469 perdenielmt.
932 3409 956 3455 6.
970 3412 1324 3468 'l'otumiotamsiesappteeit
1341 3411 1434 3455 Bessa:

259 3478 373 3525 &eurus
391 3477 472 3524 oditur
487 3481 614 3538 patricius
626 3477 726 3539 suerat.
762 3476 788 3529 C.
809 3494 902 3540 propes
915 3477 1050 3535 crueatae,
1070 3483 1113 3541 qui
1122 3477 1211 3542 freter
1228 3487 1266 3526 set
1279 3478 1367 3525 Claudi
1379 3494 1435 3523 eon·
1466 3490 1472 3498 ·

256 3549 337 3603 eutis,
357 3563 433 3608 oeque
448 3551 575 3608 petricius
585 3547 649 3609 suit.
687 3549 763 3595 Ambo
781 3566 794 3594 e
810 3550 929 3608 patriciis
947 3551 1021 3595 exire
1032 3549 1302 3610 dampnaverunt,
1322 3557 1348 3595 et
1360 3551 1436 3594 eitius

258 3621 417 3676 pervenirent
438 3618 473 3663 od
489 3621 685 3679 coagmentum
706 3625 823 3677 poterunt
844 3620 909 3663 enim
932 3620 959 3664 s'n
980 3621 1092 3678 plebeios
1107 3618 1228 3683 semideus
1247 3622 1375 3680 assignare,
1395 3621 1438 3676 pes'

255 3689 361 3747 patricii
377 3694 459 3737 erant.
495 3685 595 3734 Clodiae
617 3688 725 3734 nondum
749 3689 905 3734 comulatam
923 3688 1030 3735 rudebat
1047 3697 1193 3751 competere.
1229 3687 1266 3735 Eo
1283 3689 1368 3748 magis
1387 3688 1436 3745 Ap·

252 3759 314 3816 pius
337 3755 457 3802 Cluseds'ne
480 3760 569 3802 consui
590 3759 758 3803 adiuuandum
778 3760 922 3817 petitionem
933 3755 1080 3817 fraternam
1096 3760 1200 3818 putabet
1217 3756 1242 3806 G.
1264 3755 1381 3809 Claudio,
1410 3763 1437 3802 est

254 3828 396 3886 perveniret
418 3826 499 3872 adduc
522 3828 556 3872 ud
578 3831 723 3873 consulatue
743 3829 888 3887 petitt'onesn
911 3825 942 3872 de
963 3829 1048 3889 grades
1070 3831 1188 3888 patricio.
1237 3827 1334 3872 &euro
1351 3833 1435 3870 eutem

258 3898 331 3942 ambo
348 3904 421 3941 erunt
438 3911 466 3940 eo
483 3895 612 3942 bertilione
630 3901 730 3952 eninm,
755 3898 820 3958 quod
836 3895 863 3942 C.
882 3896 1019 3953 Claudius,
1039 3901 1091 3944 eise
1105 3899 1232 3958 patritius
1249 3903 1315 3942 esset
1333 3911 1366 3939 ran
1382 3897 1433 3954 ple·

256 3967 341 4016 beina.
360 3968 410 4011 eibi
428 3982 483 4010 cuns
502 3966 547 4011 nor
564 3969 743 4012 contentionem
754 3965 817 4027 sore
832 3969 938 4024 putodut
955 3982 1000 4012 nec
1018 3970 1126 4021 artabat,
1146 3966 1206 4026 quid
1223 3969 1328 4027 eligeret
1337 3967 1433 4022 potius.

256 4035 321 4082 Num
346 4039 370 4080 εἰ
390 4038 553 4092 permanebat
574 4039 713 4094 patricius,
739 4039 867 4093 patricius
890 4044 915 4082 et
937 4040 1098 4084 melioraret
1116 4039 1237 4084 &aarum
1283 4034 1322 4080 De
1336 4035 1435 4092 plebeio

255 4105 339 4166 produ
363 4112 447 4162 petere
471 4109 626 4151 consulatum
650 4121 699 4152 non
719 4113 818 4166 poterut
840 4104 974 4162 Claudiae,
1003 4109 1055 4154 nies'
1077 4109 1102 4153 αἱ
1125 4108 1160 4153 ad
1172 4105 1269 4164 plebem
1287 4105 1432 4148 transisset.

257 4175 289 4221 At
306 4176 445 4219 s'noem'ebut
463 4181 510 4220 ret.

195 4283 237 4334 11.
261 4278 376 4333 Moneo.
400 4295 442 4328 me
464 4278 516 4329 boo
536 4276 674 4330 scholium
694 4296 749 4331 non
769 4283 891 4352 potuisse
906 4280 1043 4348 integrum
1058 4275 1222 4328 describere:
1247 4273 1315 4326 adeo
1330 4271 1434 4344 pagella

116 4369 175 4405 erat
197 4358 297 4420 partim
318 4353 492 4415 oblitterata,
513 4357 613 4422 partim
635 4352 877 4425 superinductione
897 4357 1048 4422 scripturae
1069 4350 1179 4403 alterins
1193 4352 1301 4403 obruta.
1342 4349 1433 4418 Neque

116 4429 288 4482 Schottauae
308 4426 543 4479 adfirmationibos
564 4434 672 4481 conctis
693 4428 829 4482 fidendum
850 4427 971 4494 videtur,
999 4444 1165 4499 quamquam
1191 4424 1330 4497 quadratis
1351 4441 1434 4475 com-

117 4508 349 4576 positissimisqne
369 4507 472 4554 uternis
492 4502 632 4556 litterulis.

193 4583 238 4634 26.
260 4582 306 4629 tric
326 4580 423 4630 Cicero
444 4595 493 4649 pro
508 4576 637 4630 Cornelio
658 4577 744 4630 Balbo
764 4596 823 4649 cap.
842 4581 893 4635 tx.
925 4580 1000 4631 Nam
1014 4585 1042 4628 et
1055 4576 1254 4647 stipendiarios
1266 4595 1302 4627 ex
1319 4571 1433 4639 Africa,

116 4652 229 4717 Sicilia,
261 4654 410 4715 Sardinia,
443 4658 544 4704 celcris
565 4657 722 4724 provinciis
749 4656 843 4706 multis
867 4661 982 4707 civitate
1007 4653 1128 4705 dosaatos
1148 4652 1282 4706 uldemus.
1331 4649 1433 4705 Conler

118 4732 204 4780 etlam
225 4733 254 4780 lu
277 4731 350 4783 l'err.
372 4728 433 4780 Lib.
453 4728 504 4782 lli.
524 4731 551 4786 6.
