3210 5280
477 216 527 281 m
549 215 692 281 oasa.
715 216 810 282 rao
832 200 1034 283 ansteo.
1354 221 1415 287 aas

194 355 368 438 [Q.1.lli.
385 358 427 422 P.
444 356 532 442 niu]
577 358 625 420 V.
650 360 681 420 1.
727 399 738 421 .
782 399 793 420 .
836 355 1003 445 ‹ffensw
1024 357 1168 441 privatae
1189 358 1414 448 indignationis

110 453 239 528 ulcisci,
263 452 316 537 qui
336 451 469 516 moleste
489 452 612 528 ierant,
636 471 670 515 se
692 454 809 517 Flacco
831 453 986 518 iudicante
1007 475 1191 538 perpessos.

183 572 220 651 2.
246 577 319 678 Qui
344 577 536 649 comitatus
561 577 601 648 in
626 572 884 677 inquirondo?
921 582 1131 653 comitatum
1157 576 1269 655 dico?
1304 583 1415 657 immo

107 715 200 766 vero
225 699 385 788 quantus
412 682 625 762 exercitus?
1406 691 1409 699 ’

187 807 291 873 Gestit
312 807 504 888 persuadere
524 803 695 883 indicibus,
728 816 856 890 praeter
885 806 1043 870 levitatem
1069 808 1284 888 Graecorum,
1317 810 1441 893 pluri-⁵

109 922 193 963 metm
224 897 360 962 valuisse
389 897 480 961 Laeli
509 897 700 961 accusatoris
728 899 796 963 sive
823 900 994 982 potentiam
1024 901 1092 964 sive
1113 903 1262 986 gratiam,
1300 916 1334 967 nt
1356 904 1417 968 illis

109 993 298 1057 mentiendi²
320 1013 383 1056 non
410 1003 529 1055 tantum
558 991 704 1055 voluntas
731 991 980 1073 insinnaretnr³,
1006 996 1227 1059 verumetiam
1249 996 1417 1061 necessitas

108 1087 324 1172 inrogaretnr.
733 1112 736 1117 ·

186 1212 252 1286 Vl.
280 1195 322 1285 1.'
341 1211 441 1311 Lege
467 1211 536 1285 hac
561 1212 704 1284 recenti
728 1235 772 1284 ac
804 1236 900 1286 nova
933 1221 1057 1286 certus
1095 1223 1153 1288 est
1188 1214 1417 1312 inquisitioni

109 1328 282 1399 comitum
308 1350 481 1398 numerus
508 1325 743 1398 constitutus.
1428 1348 1460 1398 re

196 1445 319 1526 Legem
348 1442 540 1505 iudiciariam
573 1439 696 1503 videtur
725 1440 905 1524 significare
932 1442 999 1506 sive
1028 1462 1045 1504 a
1071 1442 1112 1506 P.
1135 1441 1266 1507 Vatinio
1288 1443 1417 1518 tribuno

112 1537 178 1619 pt,
203 1537 269 1599 sive
298 1558 327 1599 a.
355 1538 397 1616 Q.
422 1536 516 1599 Fufio
540 1532 662 1599 Caleno
685 1534 857 1616 perlatam:
891 1536 1069 1619 pertinebat
1090 1547 1192 1599 etitem
1218 1540 1256 1599 ad
1282 1536 1418 1599 indicum

113 1629 334 1703 reiectionem,
359 1651 440 1714 qnae
462 1630 556 1691 fiebat
570 1628 741 1690 secundnm
758 1629 860 1712 legem
875 1631 1036 1695 Aurelianu
1060 1632 1215 1693 extribus
1236 1631 1415 1707 ordinibus,

113 1735 312 1798 senatorum,
347 1723 486 1806 equitum
514 1740 733 1795 romanorum,
768 1723 966 1788 tribunorum
996 1723 1202 1786 aerariorum.
1257 1726 1359 1809 Igitur
1380 1746 1416 1787 ea

113 1817 186 1901 lege
209 1816 406 1899 praefinitum
429 1817 594 1880 videbatur
615 1816 713 1896 quuil
738 1839 867 1883 ntrtnero
889 1818 1023 1881 comites
1040 1819 1155 1880 habere
1171 1821 1337 1893 deberent,
1363 1818 1459 1902 quiri

112 1911 143 1974 in
168 1910 349 1991 provincias
365 1908 464 1985 irent,
488 1910 546 1973 att⁵
568 1906 799 1971 accusationem
814 1912 852 1973 de
868 1909 1008 1993 pecuniis
1023 1911 1200 1991 repetundis
1215 1910 1417 1975 instruerent.

120 2005 217 2067 Hune
238 2024 318 2088 ergo
346 2004 492 2066 Laelium
526 2003 626 2065 videri
653 2000 719 2063 vult
748 2023 986 2088 supergressum
1015 2003 1093 2088 legis
1115 2003 1204 2067 istius
1225 2004 1419 2087 praescripta

113 2096 283 2161 inciviliter
306 2098 400 2161 multa
420 2097 546 2161 fecisse.

188 2217 224 2296 2.
252 2220 385 2298 Sermo
412 2232 469 2296 esi
486 2230 563 2296 iota
580 2222 669 2293 Asia
688 2221 946 2320 dissupatus⁶‚
973 2221 1041 2295 Cn.
1060 2222 1297 2320 Pompeium,
1323 2221 1421 2320 quud
1455 2301 1457 2305 ‚

115 2337 249 2411 Flacco
275 2348 375 2411 esset
399 2340 587 2430 inimicus,
615 2336 849 2409 contendisse
875 2332 921 2408 ol
953 2333 1082 2407 Laelio
1109 2345 1265 2432 paterno
1291 2336 1463 2407 amicost

203 2455 259 2536 [P.
282 2456 371 2536 249]
415 2456 540 2517 Stemma
570 2452 749 2536 diligentia,
784 2475 879 2538 qttnm
906 2452 1069 2537 intellegat
1090 2464 1200 2518 orator
1229 2454 1342 2514 obesse
1363 2472 1421 2514 reo

115 2548 283 2632 plurimum
311 2570 406 2631 posse
433 2548 651 2615 auctoritatem
688 2545 750 2612 Cn.
780 2546 935 2628 Pompei,
968 2545 995 2609 si
1033 2544 1269 2609 accusatoribus
1308 2556 1422 2608 contra

118 2663 206 2706 reum
229 2642 338 2705 iavet-e
353 2641 515 2721 videatur,
540 2645 661 2727 eripere
677 2653 807 2726 temptat
820 2642 901 2704 hane
915 2639 1168 2722 persuasionem
1191 2636 1280 2720 quasi
1294 2637 1422 2701 Laelius

117 2735 191 2799 falsi
220 2734 311 2799 huius
338 2735 474 2799 rumoris
504 2749 615 2802 auctor
650 2737 805 2812 extiterit,
843 2735 917 2798 nihil
948 2754 1026 2798 vero
1055 2733 1225 2814 Pompeius
1254 2732 1284 2795 in
1314 2726 1423 2796 Flacci

118 2827 289 2910 perniciem
305 2829 507 2914 cogitaverit.
551 2832 613 2895 Sed
634 2831 714 2896 enim
734 2832 821 2915 qnod
842 2840 1004 2910 paternum
1028 2826 1158 2889 amictam
1183 2824 1245 2891 Cn.
1268 2824 1465 2907 Purnpei⁸²⁵

119 2921 265 2985 Laelium
285 2922 376 3000 dicit,
401 2922 518 3005 opinor
532 2927 570 2987 ad
592 2936 714 3008 tempus
735 2924 812 2987 belli
833 2921 1007 2989 Sertoriani
1029 2941 1097 2983 esse
1119 2921 1332 2994 referendum,
1356 2938 1421 3002 qno

118 3015 252 3079 ibidem⁹
275 3015 404 3080 Laelius
426 3029 516 3100 pater
537 3017 629 3081 huius
650 3021 690 3081 ab
712 3001 916 3081 Hirtuleiauis
938 3013 1122 3077 interiectus
1144 3025 1210 3088 est,
1233 3025 1268 3075 ut
1289 3010 1332 3075 ait
1353 3010 1424 3075 Sal·

119 3107 247 3186 lustina,
270 3111 406 3194 receptis
428 3111 587 3195 plerisque
608 3111 707 3196 signis
729 3107 913 3173 militaribus
935 3128 1004 3170 cum
1026 3104 1118 3170 Laeli
1140 3125 1291 3188 corpore.

194 3227 232 3308 3.
257 3233 305 3309 Et
329 3236 556 3334 praedonum
582 3246 619 3311 et
643 3260 770 3337 regum
798 3233 897 3308 hello
922 3233 1106 3306 liberavit.

206 3350 329 3416 Scimus
348 3353 483 3417 Gabinis
504 3355 672 3440 rogatione
707 3353 808 3417 victos
837 3371 905 3416 esse
932 3352 972 3413 ah
1007 3348 1069 3415 Cn.
1098 3347 1256 3430 Pompeio
1287 3350 1468 3428 impera-to

122 3457 194 3511 tore
216 3446 345 3528 piratas.
389 3448 485 3528 Qttod
498 3451 538 3511 ad
551 3470 644 3533 reges
659 3445 812 3531 pertineat
820 3446 846 3486 ¹⁰
865 3446 905 3507 ab
920 3445 1030 3508 eodem
1044 3457 1229 3524 superatos,
1254 3440 1425 3526 Tigranem

122 3540 278 3626 significat
301 3542 490 3616 Armeniae,
514 3553 544 3605 et
566 3541 788 3606 Mithridatem
811 3534 1035 3620 Cappadociae
1055 3554 1178 3619 regent.

195 3692 219 3736 1.
238 3691 398 3743 Kelesnsaa·
443 3688 469 3736 2.
487 3690 548 3737 Coti.
572 3689 730 3739 nuntiandis.
776 3685 801 3739 3.
821 3689 881 3734 eet.
900 3689 1056 3733 imitaretur.
1102 3687 1127 3733 l.
1152 3687 1213 3733 Coi.
1237 3686 1309 3747 qnod.
1354 3687 1379 3733 ⁵.
1400 3685 1430 3732 llt

262 3762 328 3805 deest
345 3762 369 3806 in
387 3762 440 3806 eod.
479 3757 503 3806 ⁶.
522 3760 583 3806 eon.
602 3761 768 3818 dissupntuna.
803 3759 883 3804 Porro
901 3762 979 3814 n'pro
996 3760 1007 3803 s'
1024 3763 1049 3802 at
1067 3758 1236 3805 resisterem
1255 3763 1279 3803 st
1293 3771 1429 3816 surrepere

261 3830 285 3875 in
309 3831 429 3875 Vaticanis
448 3829 589 3890 iragrnentr'a
615 3843 660 3886 pro
681 3829 793 3878 Fonteio.
832 3826 856 3874 7.
875 3828 948 3874 liesst
970 3842 987 3873 s
1010 3829 1035 3873 in
1056 3828 1110 3873 eod.
1147 3826 1172 3873 8.
1191 3826 1253 3872 cot.
1276 3824 1427 3887 Pompeium.

262 3898 286 3944 9.
306 3900 341 3943 lta
361 3901 415 3944 eoi.
451 3900 596 3947 Ssdmalim
613 3898 688 3944 idem.
726 3895 766 3945 10.
786 3899 892 3943 liaeod.

199 4022 245 4075 12.
266 4020 306 4072 De
324 4023 438 4072 vatinio
463 4019 531 4092 legis
556 4034 669 4084 anctore
689 4022 767 4073 testis
786 4032 826 4071 eat
847 4021 906 4092 ipse
924 4016 1091 4072 Scholiastes
1110 4030 1204 4070 noster
1223 4019 1252 4070 in
1271 4018 1364 4072 vatin.
1381 4018 1432 4075 xi

121 4093 177 4147 Lea
196 4092 269 4146 Fufia
291 4098 397 4148 ineerta
416 4098 519 4150 citatur
537 4108 553 4146 a
574 4095 709 4148 Cicerone
729 4097 758 4146 in
778 4096 857 4146 verr.
875 4094 898 4148 l.
919 4096 964 4149 ii.

201 4169 245 4224 tt.
266 4169 307 4222 De
333 4168 445 4223 Aurelia
469 4168 529 4244 lege
553 4174 619 4223 item
644 4168 766 4241 loquitur
791 4169 886 4222 noster
912 4165 1079 4222 scholiastes
1104 4169 1133 4219 in
1158 4180 1235 4240 parte
1260 4164 1323 4233 illa,
1350 4180 1433 4240 qnam

124 4241 278 4298 Mediolani
306 4243 380 4298 edidi
410 4243 443 4298 ad
463 4246 605 4298 Ciceronis
636 4248 791 4298 orationem
819 4240 953 4297 ineditam
978 4247 1008 4296 tn
1032 4239 1161 4296 Clodium
1185 4239 1430 4300 treantina.

123 4319 344 4374 auctoritatibus
364 4335 378 4372 a
398 4337 441 4373 ms
460 4317 564 4374 ibidem
583 4317 704 4374 landatis'
719 4318 788 4373 adds
807 4317 980 4373 Pateronlunt
1000 4317 1036 4373 ll.
1055 4319 1102 4375 52.

90 4413 93 4420 ·
198 4400 244 4454 28.
264 4394 296 4447 1η
316 4395 490 4449 historiarum
508 4393 669 4468 fragmentis
688 4412 745 4448 non
764 4408 838 4448 extat
858 4393 925 4447 haee
943 4395 1080 4452 narratio;
1112 4406 1182 4465 qnae
1200 4406 1292 4444 tamen
1312 4394 1435 4444 oeenrrtt

123 4469 197 4542 epod
217 4471 379 4523 Frontinum
399 4472 516 4543 Strateg.
537 4471 575 4524 ll.
596 4477 642 4533 51.
661 4485 689 4524 et
708 4468 780 4543 apud
798 4468 1004 4541 Obsequentem
1022 4464 1134 4540 Prodig.
1154 4467 1256 4521 cxix.
1285 4468 1344 4521 lam
1363 4467 1434 4521 liit-

125 4545 241 4600 tuleinm
261 4542 345 4599 inisse
365 4544 480 4600 Sertorii
500 4562 672 4619 quaestorem
692 4550 760 4599 satis
780 4545 951 4618 exploratum
969 4559 1021 4598 est.

202 4625 247 4679 5⁰.
267 4622 319 4675 iles
343 4625 485 4675 notissima
511 4640 544 4674 ea
569 4619 713 4675 Paterculo
739 4620 777 4674 11.
798 4625 844 4681 51.
864 4618 1013 4674 l’latarelao
1031 4623 1062 4674 in
1080 4620 1177 4693 Pomp.
1203 4616 1291 4673 XXV.
1320 4614 1435 4690 allisque

126 4696 297 4750 auctoribus.

202 4772 249 4831 32.
272 4769 320 4825 tel
339 4770 486 4828 dicendum
499 4787 540 4827 eat
555 4772 639 4830 Ponti
651 4788 763 4845 regent,-
783 4768 825 4826 rel
836 4769 999 4844 intelligitur
1012 4766 1041 4825 tt
1054 4784 1161 4854 tempos
1171 4807 1180 4840 ,
1192 4785 1246 4842 qno
1258 4765 1438 4825 Mithridates
