3210 5280
212 197 275 262 310
632 203 836 270 SCHOLIA
860 204 1112 271 BOBIENSIA
1209 243 1228 256 a·

288 337 324 415 5.
353 342 459 419 Solet
485 346 581 419 cuim
609 350 779 422 tribunos
804 347 853 446 pl.

296 463 352 544 [Ρ.
379 462 449 538 37.]
486 463 633 526 Vatinius
654 487 749 548 quum
773 463 928 539 rcus¹lde
957 462 1075 528 ambitu
1098 462 1205 537 ficret,
1237 462 1411 543 appellavit
1433 465 1537 530 colle·

211 553 297 638 giunt
330 555 529 618 tribunorum
561 568 603 643 et.
624 558 756 620 maxime
782 562 823 623 P.
855 559 1021 633 Clodium,
1057 578 1121 641 quo
1143 555 1359 619 intercedente
1381 559 1548 653 effectum,

211 659 275 722 est,
302 661 334 709 ut
364 651 563 722 atzcusati02,
589 673 669 734 quae
691 642 835 734 suscepta
858 653 979 728 iuerat,
1010 673 1073 715 non
1099 661 1208 733 posset
1230 649 1366 730 impleri.
1508 663 1526 697 ⁰

149 797 153 801 ·
184 807 198 854 s
287 765 322 846 6.
351 771 571 846 Caeciliam³
601 775 766 872 Didiam,
792 777 973 849 Liciniam
1000 777 1141 848 Iuniam
1168 774 1401 872 contempsit.

293 890 357 952 Per
380 893 456 952 haec
478 892 582 954 numia
607 893 769 956 Vatinium
792 893 966 975 proscindit
988 894 1094 976 legum
1111 912 1210 974 paene
1226 891 1363 955 omniunt
1380 902 1529 955 contem·

206 992 352 1063 ptorem3
377 983 694 1049 caecilianistarum
718 1000 749 1051 et
778 989 923 1062 Didiam,
948 1008 1028 1070 qnae
1050 986 1199 1048 iubebat⁵
1231 984 1263 1047 in
1286 984 1534 1068 promulgandis

208 1076 333 1161 legibus
356 1078 578 1141 trinuudinutn·
599 1090 722 1161 tempus
746 1083 926 1146 observari.
971 1079 1094 1145 Licinia
1120 1099 1197 1142 vero
1221 1090 1253 1141 et
1274 1077 1362 1140 lunia
1387 1077 1535 1141 consuli·

208 1171 269 1232 bus
292 1172 473 1233 attctoribus
501 1171 626 1235 Licinio
651 1175 787 1237 Murena
814 1188 845 1239 et
866 1175 960 1239 lunio
986 1174 1095 1237 Silano
1123 1173 1244 1253 perlata
1271 1171 1351 1234 illud
1377 1174 1529 1250 carebat,

167 1281 198 1331 to
210 1285 248 1327 ne
259 1265 338 1326 clam
348 1263 361 1304 ⁶
373 1267 499 1327 aerario
511 1265 613 1349 legem
624 1265 702 1349 ferri
716 1268 842 1344 liceret,
857 1268 1006 1351 quoniam
1019 1268 1105 1351 leges
1115 1267 1147 1328 in
1156 1265 1280 1329 aerario
1292 1267 1532 1329 condebantur.

167 1486 172 1495 Ι
285 1385 322 1463 7.
350 1387 469 1488 Quum
497 1391 586 1463 haec
612 1391 672 1464 len
700 1402 737 1466 et
763 1394 809 1467 ab
834 1393 900 1466 tllo
927 1416 1061 1467 socero
1088 1394 1166 1465 cius
1194 1400 1232 1464 ct
1258 1392 1304 1463 ab
1330 1389 1402 1463 hoc
1423 1390 1533 1463 adse·

209 1500 314 1575 culal
341 1503 567 1601 neglegatur.
1248 1537 1253 1543 ·

294 1622 416 1702 Legem
440 1619 551 1682 luliatn
568 1619 659 1695 dicit,
685 1642 776 1704 quam
798 1619 909 1689 consul
932 1617 975 1684 C.
998 1618 1121 1684 Caesar
1137 1620 1174 1681 dc
1189 1616 1330 1699 pecuniis
1345 1615 1531 1698 repetundis

92 1735 99 1747 ·
208 1715 343 1789 tulerat,
368 1714 454 1775 citius
478 1714 697 1790 auctoritatem
725 1737 740 1777 a
771 1716 813 1778 P.
840 1713 971 1777 Vatinio
1001 1713 1074 1775 dicit
1101 1734 1169 1775 esse
1192 1722 1406 1792 contemptam
1435 1723 1467 1773 et
1489 1714 1531 1773 ab

167 1807 253 1961 salli..
276 1807 408 1962 Pp'sope.
430 1808 614 1963 tAdsecula
642 1808 721 1871 enim
748 1809 815 1891 ipse
838 1806 1006 1884 Vatinius,
1030 1829 1123 1870 socer
1149 1826 1227 1870 vero
1250 1807 1328 1870 Piso
1354 1807 1406 1866 liic
1435 1803 1532 1868 intel·

232 1921 294 1985 gen
319 1922 353 1962 ns
395 1922 454 1964 es.

284 2026 402 2100 LXV.
431 2020 466 2100 l.
505 2027 591 2102 Non
617 2053 662 2101 ea
688 2038 746 2102 est
773 2026 974 2122 medicina,
1008 2051 1118 2126 quum
1145 2022 1284 2098 sanae⁹
1320 2025 1422 2123 parti
1449 2047 1531 2097 cor·

208 2139 312 2236 poris
340 2139 552 2236 scalpellum
580 2139 787 2213 adhibetur.

293 2255 343 2318 De
367 2258 474 2319 verbis
491 2257 649 2320 nobilibus
672 2257 749 2300 ·-¹⁰
771 2256 967 2339 scalpellum.
1010 2257 1133 2320 Verum
1150 2256 1213 2318 hoe
1229 2265 1277 2317 est
1298 2287 1339 2298 -
1361 2256 1433 2300 -¹¹
1454 2254 1531 2339 qttid

166 2361 199 2411 ti
212 2344 269 2432 [P.
293 2347 364 2428 su]
388 2349 428 2412 sit
453 2349 622 2424 medicina,
649 2371 712 2413 non
739 2362 788 2427 ut,
814 2371 894 2436 quae
923 2370 997 2412 sana
1023 2360 1112 2422 sunt,
1136 2348 1377 2423 uoluat-cultum
1399 2349 1455 2410 sed
1477 2358 1530 2422 ut,

209 2463 290 2527 quae
322 2453 455 2516 vexata,
492 2446 653 2505 s'anediur.
708 2445 939 2508 Accusatorem
969 2445 1053 2504 lumc
1081 2441 1180 2525 igitur
1212 2441 1329 2503 mederi
1360 2441 1530 2524 aliquando

209 2535 350 2601 voluisse
372 2537 418 2598 rei
446 2558 499 2618 p„
524 2540 578 2600 scd
602 2537 749 2600 utilitates
760 2539 783 2578 '²'
807 2537 873 2599 eius
896 2537 1103 2599 labefactasse
1124 2538 1333 2598 demonstrat.

284 2652 322 2734 9.
378 2662 409 2734 li
449 2662 641 2734 medentur
679 2664 735 2734 rei
773 2688 834 2760 p.,
874 2663 937 2760 qui
976 2669 1152 2735 exsecant
1188 2669 1331 2758 pestem
1370 2658 1531 2758 aliquam

210 2783 394 2874 tamquam
421 2784 598 2847 strumam
625 2775 797 2847 civitatis.

167 2903 201 2955 25
287 2894 369 2936 ‘-¹³
392 2891 542 2955 deliniens
565 2892 674 2968 aliter,
709 2891 785 2976 quid
815 2888 855 2951 sit
881 2889 997 2953 mederi
1023 2888 1070 2953 rei
1099 2912 1154 2972 p.;
1188 2889 1387 2953 incommoda
1410 2887 1531 2952 scilicet

165 2989 171 2999 “
210 2984 241 3050 ei
262 2996 293 3049 et
317 2984 454 3067 pericula
479 2988 658 3049 detrahere.
703 2986 766 3047 Sed
788 2986 876 3068 quod
897 2985 939 3047 ait
961 2995 1133 3059 „strumam
1150 2980 1333 3056 eivitatis'',
1358 2975 1530 3065 oblique¹⁴

209 3077 395 3163 intellegere
425 3080 590 3142 dehemus:
625 3079 762 3165 pertinet
791 3077 872 3141 enim
899 3080 938 3139 ad
968 3078 1068 3159 ipsum
1098 3075 1278 3152 Vatinium,
1313 3073 1368 3158 qui
1394 3074 1529 3137 traditur

208 3172 307 3237 fuisse
328 3185 486 3236 strutnosa
507 3171 587 3235 faeie
610 3184 642 3235 et
663 3172 825 3237 maculoso
849 3193 1003 3254 corpore.

285 3295 422 3369 LXVI.
451 3286 485 3369 l.
514 3295 591 3372 Sed
616 3296 704 3370 mihi
730 3299 851 3370 oratio
879 3306 936 3370 est
962 3321 1043 3370 cum
1070 3297 1227 3391 virtute,
1254 3319 1329 3367 non
1356 3318 1439 3367 cum
1467 3293 1527 3366 de·

168 3409 326 3505 sosidia5
354 3434 435 3481 cunt
462 3409 660 3508 dignitate,
688 3434 762 3482 non
789 3434 871 3483 cunt
898 3408 1099 3506 voluptate.

295 3528 369 3570 -¹⁵
393 3488 506 3607 Insplct
531 3525 786 3590 exhortationem
797 3527 823 3568 ¹⁶
850 3529 954 3591 bonae
978 3536 1081 3589 sectae
1110 3526 1150 3586 ad
1175 3521 1451 3587 conservationem
1481 3520 1529 3584 rei

210 3641 245 3704 p.
268 3619 471 3701 pertinentis.
515 3621 590 3682 Non
615 3618 706 3682 aliter
731 3631 761 3682 et
794 3621 848 3683 M.
873 3619 956 3684 Cato
988 3618 1018 3680 in
1048 3618 1148 3701 legem
1179 3616 1329 3682 Orchiam
1359 3614 1531 3677 conserens

210 3734 266 3790 ea,
291 3735 373 3796 quae
397 3713 497 3776 virtus
508 3714 551 3777 ¹⁷:
588 3760 601 3786 „
610 3725 643 3776 ut
668 3734 805 3776 summae
828 3713 987 3797 gloriae¹⁸
1009 3711 1070 3774 sint
1093 3733 1110 3773 a
1134 3710 1251 3773 virtute
1273 3708 1527 3791 proficiscentia3

281 3915 305 3967 i.
324 3917 385 3962 Cod.
406 3930 477 3970 reos,
498 3917 537 3973 qni
556 3917 660 3961 iot-tasse
680 3921 717 3960 stt
740 3917 897 3962 archaismos.
943 3913 968 3963 2.
988 3916 1049 3960 Cod.
1069 3916 1239 3960 accusatione.
1277 3912 1302 3960 3.
1323 3915 1383 3958 Edd.
1403 3913 1529 3967 Aciliam

347 3989 408 4033 suala
430 4000 543 4041 prorsus,
573 3991 598 4030 nt
618 3987 784 4045 cognoscimus
803 4001 832 4031 et
856 3988 909 4041 ipso
933 3986 984 4030 Cic.
1007 3999 1051 4041 pro
1072 3987 1143 4029 domo
1163 3984 1248 4039 ΧΠ,
1280 3985 1319 4028 tabi
1345 3984 1404 4029 hane
1429 3986 1529 4028 candent

349 4057 426 4115 legem
438 4058 494 4102 dicit
512 4052 648 4100 Caeciliam
665 4061 688 4099 et
699 4054 813 4100 Didiam.
851 4053 876 4099 1.
897 4056 1095 4103 Cod.esssls'est.
1134 4053 1158 4099 5.
1178 4055 1238 4099 Cod.
1258 4055 1380 4098 iaudent.
1420 4051 1444 4100 6.
1466 4053 1526 4097 Cod.

347 4128 411 4174 else.
460 4123 485 4172 7.
504 4127 565 4170 Cod.
589 4125 727 4170 adscsctslo
747 4125 799 4171 hsie
818 4131 841 4170 st
863 4127 933 4169 inira.
970 4124 1030 4169 Eat.
1050 4125 1161 4169 assecla.
1207 4122 1232 4168 8.
1253 4124 1315 4168 Cod.
1338 4122 1530 4182 intelligendum

347 4197 472 4253 sisoium
499 4198 560 4253 qnod
581 4195 640 4239 terri
662 4195 765 4239 tortasse
786 4200 888 4251 poterat.
938 4192 961 4240 9.
983 4195 1043 4238 Cod.
1070 4208 1140 4238 sane.
1191 4192 1231 4239 tu.
1252 4195 1339 4248 Supple
1363 4193 1464 4238 terbum
1482 4192 1527 4237 Gr.

350 4265 391 4310 11.
411 4265 498 4320 supple
511 4269 570 4310 duos
583 4265 714 4309 versiculos
727 4264 771 4309 Gr.
811 4261 851 4309 12.
863 4265 923 4309 Cod.
938 4264 1094 4309 aediditntes.
1133 4262 1174 4309 13.
1195 4265 1314 4308 Vct-siculi
1329 4277 1402 4318 prope
1416 4268 1527 4320 quattuor

350 4334 395 4379 Gr.
415 4336 491 4380 tacui.
541 4333 579 4380 ts.
600 4334 677 4379 Unam
695 4334 779 4379 vocab.
799 4333 843 4382 Gr.
862 4335 964 4379 fortasse
983 4331 1119 4398 πλαγίως.
1169 4331 1209 4378 ts.
1228 4334 1369 4378 Versiculos
1388 4333 1434 4376 Gr.
1454 4344 1527 4386 prope

349 4417 446 4449 saccus.
494 4402 535 4448 11.
555 4404 615 4448 Cod.
636 4405 687 4449 sins
708 4404 878 4460 adspiratione.
923 4401 965 4449 il.
991 4405 1032 4449 Sic
1055 4402 1159 4461 (mance)
1178 4403 1240 4448 Cod.
1290 4400 1329 4446 ts.
1350 4401 1412 4446 cod.
1431 4402 1525 4461 glorias.

285 4529 328 4583 1ο.
349 4526 450 4578 ltnssus
471 4528 574 4597 gratiae
594 4527 650 4578 sint
670 4520 801 4595 perdocto
822 4527 981 4596 interpreti,
1001 4540 1016 4575 a
1036 4541 1089 4595 quo
1110 4522 1179 4596 legis
1199 4524 1323 4575 Liciniae
1344 4522 1439 4576 lunise
1459 4539 1526 4575 sen-

209 4618 271 4657 stmt
290 4601 457 4663 edocemur,
479 4615 560 4670 quent
582 4599 710 4652 historici
729 4597 821 4672 legum
841 4600 970 4653 hactenns
991 4603 1158 4670 ignoravisse
1179 4597 1315 4652 videntur.

283 4682 326 4735 28.
348 4676 421 4728 llinc
448 4671 493 4726 ille
520 4673 594 4726 lusus
621 4675 763 4727 Ciceronis
791 4673 862 4746 apud
890 4673 961 4727 Plus.
982 4681 1030 4729 vit.
1051 4685 1117 4747 cap.
1134 4676 1257 4733 xxvt.;
1289 4677 1335 4744 qni
1367 4676 1526 4735 Vatinium,

208 4755 252 4805 cni
266 4766 388 4803 strumae
403 4765 479 4804 etant
501 4752 528 4801 in
549 4748 637 4817 coilo,
656 4748 721 4802 dnm
742 4753 764 4804 is
784 4765 896 4804 causam
915 4747 1036 4821 diceret,
1055 4749 1203 4824 appellavit
1224 4749 1361 4805 tumidum
1378 4754 1525 4803 oratorem.
