3210 5280
207 251 249 314 os
740 254 964 322 esconius
1012 238 1016 245 “

208 393 275 453 dem
302 404 371 455 ante
395 415 506 456 annum
530 416 621 480 quam
648 395 725 459 haec
743 396 929 469 dictasunt,
954 395 1049 460 Cotta
1073 407 1104 460 et
1120 397 1289 480 Torquato
1312 395 1506 472 consulibus,

208 504 337 568 eamque
354 489 477 549 caedem
500 489 571 551 ideo
588 509 651 551 uon
675 510 743 551 csse
762 489 895 564 latriam,
919 491 1004 573 quod
1024 488 1133 568 prius,
1158 510 1248 572 qurum
1263 489 1371 569 'parati
1393 502 1512 563 essent,

208 577 379 640 coniuratis
401 581 521 660 signum
538 582 670 644 dedisset
686 579 834 646 Catilina.
879 581 956 645 Piso
979 592 1099 653 etitem,
1124 602 1192 641 eum
1217 582 1295 643 haec
1317 580 1510 656 dicerentur,

209 670 358 753 perierat.
383 673 418 734 ln
432 673 613 754 Hispaniam
627 673 765 736 missusa
781 685 887 736 senatu
901 695 959 755 per
973 675 1126 736 honorem
1143 671 1326 753 legationis,
1344 675 1369 746 †
1383 684 1417 735 ut
1433 694 1513 736 avtts

183 774 198 822 t
215 785 287 825 sum
304 763 523 841 ablegaretur,
542 766 666 849 ibique,
684 767 754 827 dum
771 765 896 828 iniurias
916 764 1164 848 provincialibus
1178 764 1271 837 lucii,
1296 766 1418 827 occisus
1434 778 1513 842 erat,

190 868 240 930 ¹ut
261 855 382 940 quidem
406 861 593 930 credebant,
617 877 634 918 a
657 855 720 920 Cn.
745 859 890 939 Pompeii
914 859 1104 930 clientibus,
1134 857 1289 939 Pompeio
1313 878 1373 922 uon
1396 858 1512 922 inrito.

288 943 332 1009 dn
354 950 478 1011 oblitus
502 970 555 1025 es,
575 958 605 1012 ie
628 969 671 1010 ex
696 971 766 1025 me,
787 972 865 1014 curn
885 961 1081 1033 praeturum
1096 958 1297 1028 peteremus,
1316 953 1451 1031 petisse.
1475 959 1513 1010 ut

208 1034 272 1097 libi
287 1039 433 1114 primurn
453 1038 568 1100 locum
595 1036 833 1104 concederem?
863 1039 965 1120 Quod
986 1059 1064 1102 cum
1085 1041 1219 1115 saepius
1249 1059 1367 1119 ageres
1397 1047 1429 1102 et
1451 1040 1512 1098 irn-

206 1123 385 1201 pndenlius
413 1145 435 1185 a
462 1147 514 1191 me
546 1124 774 1201 contenderes,
804 1130 985 1192 meministi
1004 1150 1056 1191 τηε
1075 1128 1138 1189 tibi
1157 1124 1373 1208 respondere,
1403 1129 1513 1205 impu·

165 1211 319 1275 tidenter
337 1224 368 1278 te
381 1214 527 1294 fucere,
548 1218 609 1298 qui
629 1214 667 1276 id
685 1235 708 1276 a
729 1236 781 1279 nte
801 1225 944 1298 peteres,
966 1217 1099 1299 quoda
1122 1226 1153 1281 te
1166 1216 1314 1280 Boculus
1333 1236 1512 1299 nunquam

207 1303 438 1382 impetrasset?

246 1379 251 1395 ⁸
294 1391 439 1457 Diximus
456 1392 514 1455 iam
529 1414 640 1474 supre,
663 1394 767 1474 Syllae
781 1392 880 1466 ludis,
897 1410 978 1476 quos
992 1391 1043 1454 hic
1057 1405 1189 1475 propter
1203 1391 1367 1455 victorium
1382 1391 1508 1470 lecerit,

206 1485 373 1568 quadrigas
405 1485 446 1549 C.
481 1486 654 1549 Antonium
688 1498 719 1548 et
748 1486 826 1547 alios
857 1486 1009 1565 quosdam
1039 1484 1158 1548 nobiles
1188 1487 1329 1550 homiues
1347 1485 1509 1568 agitasse.

207 1576 376 1642 Praeterea
392 1577 551 1641 Antonius
573 1582 752 1660 redemptas
772 1579 907 1640 habebat
932 1579 971 1638 ab
993 1577 1116 1640 aerario
1132 1580 1303 1662 vectigales
1323 1575 1507 1662 quadrigas,

166 1685 297 1752 isqttem
324 1671 571 1751 redemptionem
591 1672 729 1735 senatori
754 1672 870 1733 haltere
891 1671 962 1732 licet
986 1690 1045 1751 per
1069 1672 1185 1754 legem.
1229 1671 1304 1736 Fuit
1324 1684 1426 1736 autem
1449 1692 1509 1735 no·

208 1763 342 1825 tissimus
368 1764 398 1824 iu
422 1764 508 1827 circo
530 1764 751 1849 quadrigarum
774 1763 912 1849 agitator
933 1762 1084 1826 Boculus.

288 1854 375 1919 Dicit
396 1858 433 1918 de
457 1856 543 1920 malis
565 1856 706 1920 civibus:
925 1920 930 1933 ,

285 1950 373 2030 Oui,
393 1960 616 2033 posteaquam
639 1951 702 2013 illo
724 1952 843 2013 conati
860 1957 954 2015 eram
967 1947 1190 2028 Hispaniensi
1207 1949 1424 2034 pugiunculo
1438 1969 1514 2013 ner·

207 2054 264 2098 uos
285 2036 429 2102 incidere
448 2041 570 2101 civium
593 2041 837 2115 liornunorurn,
857 2059 924 2100 non
945 2047 1145 2119 potuerunt:
1165 2037 1249 2102 duas
1271 2060 1337 2102 uno
1358 2049 1509 2121 tempore

163 2141 196 2191 tit
208 2136 379 2188 conantur
399 2129 433 2189 in
452 2147 522 2190 rem
541 2127 717 2209 publicum
737 2131 827 2190 sicus
848 2125 1057 2209 destringere.

287 2216 550 2299 Hispaniensem
568 2219 817 2302 pugiunculum
839 2216 901 2282 Cu.
918 2218 1066 2282 Pisonem
1088 2215 1241 2300 appellet,
1265 2236 1358 2300 quem
1382 2213 1416 2279 iu
1447 2215 1509 2279 Hi·

297 2471 323 2526 d.
339 2473 474 2538 perierat.
511 2469 544 2520 In
563 2470 728 2541 Hispaniam
747 2476 848 2522 ntisstss
874 2468 942 2541 cet]
980 2468 1131 2540 legebatur
1153 2474 1280 2540 perierat
1304 2472 1334 2519 in
1352 2469 1508 2540 Hispania,

204 2548 303 2595 ntissm
321 2559 392 2609 cen,
412 2547 440 2595 in
460 2545 557 2615 quibus
576 2550 714 2597 nemiuem
735 2547 823 2598 sdltuc
843 2543 986 2598 offendisse
1006 2550 1071 2597 suris
1092 2548 1203 2597 mirum.
1228 2543 1295 2596 Vide
1314 2549 1403 2606 enim,
1424 2559 1507 2613 quem

207 2622 297 2691 inepte
316 2635 375 2670 sese
394 2622 547 2689 excipiant:
575 2625 701 2690 perierat
720 2625 749 2672 in
768 2622 907 2691 Hispania
925 2619 1015 2687 ibique
1028 2623 1130 2670 occisus
1143 2627 1216 2674 erat.
1251 2618 1507 2671 Contruxnostre

203 2691 397 2755 distinctione,
417 2693 507 2746 addire
527 2710 578 2747 uus
599 2694 693 2758 litere,
714 2711 782 2764 quse
800 2699 902 2748 centies
921 2699 949 2746 in
969 2694 1058 2746 Princ.
1079 2692 1149 2745 mule
1168 2693 1208 2744 vel
1228 2698 1326 2745 omissa
1346 2691 1388 2744 sel
1400 2691 1506 2745 adicus

203 2781 261 2831 est,
292 2780 319 2820 et
347 2781 410 2818 unte
434 2767 546 2822 eandem
564 2769 673 2822 Hieram
692 2767 799 2823 mettim
825 2773 909 2823 etism
935 2770 1060 2822 excidere
1086 2771 1192 2841 potuit,
1221 2772 1312 2820 omnis
1342 2771 1409 2821 estis
1432 2766 1505 2820 bene

203 2856 257 2894 con
290 2856 367 2894 nunt.

258 2860 349 2968 ⁸ibid.
368 2917 397 2981 a]
418 2917 447 2962 et
466 2911 556 2964 Prius.

297 2995 322 3049 5.
342 2998 373 3041 ui
392 3002 462 3040 avus
479 3001 545 3035 situs
563 2982 757 3054 ablegaretur]
781 2980 957 3054 ‚Absurdum
981 2989 1045 3044 ltoc.
1082 2989 1185 3060 Popms
1205 2988 1326 3042 volebas:
1346 2996 1377 3039 ut
1394 2988 1509 3041 auidius

203 3062 382 3134 ablegaretur
401 3077 485 3129 acque
505 3064 607 3131 inepte.
644 3058 737 3125 Quid‘l
756 3056 858 3113 siluit:
878 3068 910 3110 ut
928 3060 964 3111 ab
981 3065 1047 3115 urbe
1065 3065 1170 3115 scilicet
1187 3063 1377 3133 ablegaretur.
1399 3065 1508 3116 scilieet

203 3157 252 3211 per
270 3136 460 3213 compendium
481 3138 615 3207 scriptum
636 3133 736 3186 multos
757 3137 811 3186 ism
831 3139 936 3208 peperit
956 3138 1087 3191 errores.”
1115 3138 1244 3193 oiseii..
1281 3136 1357 3192 Idem
1373 3134 1508 3209 irrepro-

204 3229 332 3286 posueret
353 3208 525 3265 linborteilus
546 3206 702 3261 Emendate.
721 3228 748 3282 p.
767 3211 834 3268 69.=
865 3238 896 3252 -
917 3220 948 3262 ut
966 3215 1001 3264 ab
1025 3231 1068 3266 ur.
1094 3210 1126 3283 (i.
1152 3231 1176 3265 e.
1202 3210 1280 3285 serbe)
1309 3212 1508 3280 ablegaretur]

202 3288 304 3342 colluto
323 3287 442 3341 salustio
462 3289 490 3337 tu
511 3281 592 3336 Cutil.
612 3299 636 3335 c.
658 3287 701 3341 19.
713 3311 750 3325 -
762 3292 794 3334 ut
811 3284 846 3335 ab
864 3291 923 3336 suis
940 3288 1134 3357 ablegaretur,
1153 3286 1210 3350 vel,
1230 3295 1260 3337 ut
1279 3306 1297 3337 a
1316 3292 1435 3340 consciis
1452 3288 1505 3338 ab·

202 3364 367 3434 legaretur,
385 3361 443 3426 vei,
462 3366 493 3410 ut
510 3375 585 3409 anna
602 3360 628 3408 is
644 3374 695 3409 suo
712 3357 892 3427 ablegaretur
911 3360 1005 3433 Sigon.
1023 3363 1179 3416 Emendutt.
1199 3380 1226 3434 p.
1246 3365 1309 3420 199.

277 3435 349 3494 ibid.
370 3436 473 3506 ibique]
493 3432 564 3484 ibina
582 3430 691 3486 Bereld.
706 3460 745 3474 ·-
762 3435 857 3504 ubique
877 3434 938 3488 Ati.
959 3436 1026 3489 Lod.

279 3523 324 3570 ιο.
341 3510 415 3581 quand
431 3528 450 3561 a
467 3517 496 3560 te
514 3507 647 3577 Boculus]
686 3507 756 3577 ,Sic
780 3507 814 3561 de
838 3514 992 3564 certissima
1016 3513 1082 3565 bnt.
1107 3512 1251 3583 Augustini
1277 3512 1350 3563 coni.
1369 3505 1504 3562 dederunt

202 3580 309 3660 sigonii
329 3586 448 3639 editores
466 3581 693 3636 Mediolanenses.
736 3584 820 3653 [lpse
846 3583 974 3656 Sigonius
1000 3592 1147 3638 retinuerit
1174 3586 1308 3653 vulgatum
1333 3584 1504 3650 lectionem]

203 3664 349 3716 Possumus
370 3665 452 3712 etlam
472 3663 570 3711 missas
588 3656 678 3710 lacera
696 3659 805 3711 voculis
823 3677 842 3710 a
862 3669 897 3713 te.
916 3689 955 3703 ·-
971 3661 1046 3732 prsod
1062 3662 1214 3712 avunculus
1232 3664 1326 3712 ceteri.
1347 3686 1382 3701 ·-
1400 3658 1474 3727 quod
1483 3677 1504 3709 a

202 3737 305 3789 Baculo
324 3736 448 3790 Schutui
472 3749 546 3805 susp.
583 3731 636 3788 Sed
662 3735 703 3784 sic
731 3732 846 3787 ridicule
873 3735 972 3788 Cicero
1000 3753 1086 3789 semet
1111 3740 1202 3808 ipsum
1227 3739 1412 3787 committeret
1437 3750 1504 3786 cum

202 3816 346 3885 egituiorc.
385 3811 475 3874 Longe
495 3806 590 3860 sslsius
610 3808 754 3860 alterum.”
782 3807 910 3863 ostiti..

277 3896 321 3942 11.
340 3885 526 3954 impetrasset]
565 3884 642 3936 Inter
660 3883 733 3935 hanc
751 3899 778 3936 et
797 3900 955 3956 sequentem
975 3901 1069 3937 vocem
1089 3901 1150 3936 entn
1170 3881 1385 3955 lngmentorurn
1407 3880 1504 3934 edito-

203 3958 278 4014 ribus
303 3961 383 4012 rerlts
403 3961 560 4021 Ciceronis,
592 3973 662 4029 ques
687 3973 767 4028 supra
785 3957 914 4032 leguntur
932 3978 960 4031 p.
980 3969 1040 4017 111.
1060 3976 1135 4031 seqq.
1155 3960 1267 4026 (Nescis
1285 3977 1327 4010 ute
1343 3965 1504 4027 praeterens

202 4064 221 4077 -
240 4064 259 4077 -
277 4065 295 4078 -
314 4052 373 4086 esse
390 4032 572 4105 subiectumi)
592 4036 705 4085 inseruit
725 4033 806 4086 Creu.

277 4113 321 4164 12.
340 4110 473 4162 Diximus
490 4110 547 4157 tarn
565 4111 661 4176 supra]
694 4106 757 4164 Vld.
776 4127 803 4181 p·
823 4107 887 4165 iti.
905 4108 969 4162 Hot.

162 4191 165 4201 '
270 4183 340 4237 ibid.
360 4183 446 4254 ludis]
465 4181 545 4233 ludos
563 4183 653 4237 Prius.

277 4260 321 4315 16.
340 4262 382 4326 ιἠ]
411 4257 442 4309 id
461 4260 552 4311 Prioc.

276 4339 321 4390 17.
341 4351 395 4386 οηι.
417 4331 484 4385 Lod.

276 4416 320 4466 iii.
340 4410 395 4478 Qui
409 4416 589 4478 posteaquam
607 4406 657 4457 illo
675 4411 769 4457 samii
786 4407 854 4476 ceu]
882 4404 974 4461 Prius.
995 4404 1100 4461 ueriti.
1122 4435 1152 4449 -·
1174 4405 1229 4474 Qui
1244 4411 1425 4473 posteaquam
1443 4402 1504 4470 illo,

201 4488 232 4531 ut
250 4489 345 4535 cariati
364 4500 417 4536 cet.
439 4481 498 4535 uid.
518 4496 544 4533 et
563 4497 638 4551 seqq.

277 4556 346 4610 ibid.
363 4558 545 4628 prigitsneulo]
563 4555 731 4624 pregrsinersla
751 4556 842 4607 Priuc.

276 4639 320 4688 20.
340 4637 369 4684 in
389 4631 598 4700 rempublicam
616 4636 691 4681 sicas
714 4628 903 4700 destringere]
943 4629 1011 4698 „ste
1040 4632 1141 4684 Psttlc.
1168 4633 1241 4682 coni.
1268 4626 1363 4681 [amb.
1389 4626 1438 4679 cir.
1465 4629 1502 4695 Q.

202 4704 261 4757 Cic.
283 4706 361 4760 Perit.
380 4724 457 4760 cotis.
477 4723 502 4759 c.
524 4711 550 4764 3.
571 4705 649 4756 Beier
668 4704 751 4757 omo.
771 4703 803 4755 T.
825 4711 850 4758 2.
868 4724 894 4778 p.
912 4706 977 4762 513·
997 4705 1054 4760 Oli.
1073 4734 1108 4751 -
1127 4710 1156 4756 in
1175 4705 1330 4775 republica
1350 4709 1392 4769 (in
1412 4720 1453 4753 re.
1472 4722 1503 4771 p.

200 4777 293 4833 Ptine.
314 4780 436 4854 uenti.)
455 4785 529 4832 sicas
547 4779 717 4848 distringere
737 4783 832 4833 ceteri.
