3232 5280
145 210 209 255 vm

145 330 250 396 Fuere
273 339 389 397 autem
412 333 475 419 qni
498 333 679 398 Ascanium
699 327 872 398 emendare
895 336 1014 400 conati
1030 346 1107 399 suat
1126 337 1272 418 primum
1292 335 1446 402 Budaeus

56 468 60 475 ,
146 429 180 482 et
201 416 343 485 illustras
364 423 525 505 quidam,
546 434 583 487 ut
611 431 754 488 testatur
782 423 954 489 iitetanus
982 427 1172 490 Parisiertsis
1192 427 1450 508 typographus,

145 510 246 573 itomo
267 531 334 573 aon
355 512 529 589 indoctus‚·
551 534 635 596 quos
656 517 766 581 secuti
784 525 859 577 suut
880 537 1007 598 magna
1023 537 1102 578 cum
1116 514 1218 578 laude
1240 515 1308 577 duo
1324 515 1447 577 aetatis

144 609 280 665 nostrae
305 601 492 667 doctissimi
511 608 591 684 uiri,
611 607 723 671 Petrus
747 603 911 669 Danesias
939 616 969 670 et
994 605 1121 681 Paulus
1145 603 1343 682 Manatias3
1374 623 1445 665 uam

145 693 233 774 qttod
254 691 468 772 Fabricius(¹)
501 705 597 778 negat
625 717 658 758 se
684 693 816 768 vidisse,
853 715 932 778 quae
963 696 1000 756 ad
1030 694 1243 755 illustrandum
1274 694 1448 758 Asconium

147 784 310 858 Budaeus,
335 785 475 848 Airarus
499 789 678 870 Petrusquc
703 786 855 850 Danesius
880 787 1090 862 contulerint,
1114 806 1150 848 ea
1175 785 1205 848 in
1231 785 1283 848 iiia
1311 789 1449 852 editione

145 876 300 941 contineri
324 873 399 940 satis
423 879 496 941 mibi
518 881 628 944 videor
649 879 845 965 intelligere,
869 878 928 942 etsi
953 879 1019 960 ipse
1042 900 1108 942 earn
1132 901 1195 943 non
1220 878 1303 954 vidi,
1326 901 1389 945 non
1411 901 1450 945 en

145 971 212 1032 suia
228 973 339 1033 ductus
354 969 494 1048 ratione,
518 974 604 1054 qtrod
619 973 694 1035 nibil
709 994 853 1036 seorsum
876 974 915 1034 ab
937 970 999 1033 iilis
1018 974 1055 1034 de
1073 972 1135 1034 hoc
1157 971 1313 1051 scriptore
1331 974 1449 1037 editum

145 1063 293 1145 reperio,
316 1064 470 1141 (Alvarus
493 1085 531 1127 ue
553 1066 623 1149 quis
646 1065 687 1128 sit
702 1064 844 1150 quidem,
869 1064 944 1128 satis
958 1066 1044 1138 srio;
1067 1064 1173 1146 plures
1196 1065 1275 1127 enirn
1301 1066 1447 1142 inerunt,

146 1177 281 1238 qttorum
306 1155 407 1219 studia
435 1168 466 1219 et
491 1169 634 1240 tempora
663 1180 733 1221 cum
759 1159 818 1220 hac
846 1179 942 1240 opera
973 1178 1037 1220 noa
1061 1178 1241 1240 congruere
1270 1155 1450 1238 videntur;)

146 1250 202 1311 sed
230 1251 316 1333 quod
346 1248 413 1330 ipse
439 1250 637 1314 Hotomanus
664 1253 695 1312 in
729 1251 851 1314 Alvaro
882 1264 913 1313 et
938 1252 1067 1314 Budaeo
1101 1248 1236 1313 Tiietani
1268 1250 1448 1316 testimonio

43 1404 48 1413 .
146 1346 264 1421 utitur,
288 1347 391 1426 quod,
415 1344 442 1407 si
461 1364 602 1407 seorsum
624 1345 704 1408 edita
728 1343 778 1406 ilia
800 1343 956 1421 fuissent,
977 1367 1039 1408 non
1054 1343 1199 1418 iecisset3
1222 1365 1260 1406 ue
1282 1345 1350 1427 quis
1364 1345 1448 1408 enittt

145 1449 236 1523 putei
258 1437 340 1501 edita
364 1437 479 1515 iuisse,
504 1440 559 1500 sed
579 1439 765 1502 Hotomuno
788 1458 850 1501 non
872 1437 970 1515 lecta,
994 1437 1092 1500 ruitur
1107 1439 1306 1501 Hotomanus
1327 1437 1449 1501 Budaei

145 1531 356 1607 coniecturis,
374 1531 520 1594 videlicet
534 1530 724 1595 ets-Tiletani
736 1531 872 1594 editione
888 1529 1030 1612 sumptis.
1074 1529 1236 1593 Tiietanus
1250 1553 1289 1592 ex
1302 1534 1448 1614 margine

145 1624 244 1690 libris
255 1626 384 1697 Budaeo
395 1624 535 1706 usurpati
544 1624 669 1688 duxisse
683 1622 848 1703 rideturi').
872 1624 933 1686 Scd
944 1627 982 1685 ati
993 1625 1119 1684 eandem
1132 1622 1298 1686 editionem
1308 1622 1447 1706 pertinet

146 1717 276 1783 Danesii
300 1718 578 1793 commemoratio,
602 1717 688 1780 cuius
710 1716 974 1783 emendationibus
997 1718 1038 1779 P.
1062 1716 1224 1779 Manutius
1244 1737 1317 1778 ustts
1339 1717 1447 1794 escit).

146 1808 1445 1896 HotomanusautemetsingulasernendaiionescommemoratetDanesiicodicern,

147 1925 227 1989 qttae
244 1899 360 1968 uon'ex
373 1902 529 1978 Manutii,
553 1904 597 1980 (in
608 1903 697 1966 citius
712 1905 795 1969 notis
808 1906 888 1968 attila
904 1902 1033 1967 Danesii
1047 1901 1160 1964 mentio
1173 1907 1251 1980 est),
1269 1903 1324 1964 sed
1335 1922 1376 1963 ex
1388 1896 1447 1961 'ti-

145 1995 245 2061 letani
271 1996 409 2060 editione
431 1995 539 2070 duxit3
562 1997 644 2059 bunc
667 2010 768 2060 atttem
792 1997 823 2061 in
846 1999 989 2064 Asconio
1015 1998 1134 2059 edendo
1161 1993 1331 2058 Danesium
1360 1990 1448 2053 ediu-

146 2090 230 2154 visse
252 2088 453 2172 adparet‘ii).
497 2088 555 2153 Usi
575 2099 675 2151 autem
692 2089 723 2152 bi
739 2093 953 2167 emendatores
968 2101 1040 2152 sttui
1055 2110 1116 2153 non
1133 2090 1246 2163 codd,
1270 2090 1341 2162 sed,
1359 2084 1447 2170 quod

145 2183 248 2245 solum
272 2191 433 2264 poterant,
459 2202 553 2263 quuut
574 2179 637 2256 iiii,
662 2179 687 2243 si
717 2201 797 2266 qttos
819 2184 945 2247 omnino
967 2185 1162 2256 hebraerum,
1186 2183 1225 2243 ab
1248 2178 1324 2242 edit.
1347 2178 1447 2261 prima

146 2297 208 2339 nnn
231 2274 463 2356 discreparent,
498 2273 692 2337 coniectura.
735 2277 895 2358 Persacpe
916 2277 1013 2352 enim,
1043 2276 1096 2338 ubi
1124 2274 1156 2337 in
1182 2273 1316 2337 editione
1345 2269 1446 2353 prima

145 2368 240 2434 lectio
262 2365 496 2447 corruptissima
519 2378 584 2441 est,
608 2368 691 2448 apud
717 2367 930 2430 Hotomauum
953 2381 998 2431 est
1014 2368 1108 2431 lectio
1123 2367 1314 2450 probabilis,
1338 2363 1445 2448 specie

145 2473 248 2536 certe,
273 2459 393 2522 adiecta
415 2469 508 2533 nota,
531 2480 593 2543 qua
615 2460 751 2522 Uauesii
770 2468 877 2538 vetus,
897 2459 1024 2525 duduci
1041 2473 1129 2527 vetus
1152 2461 1213 2522 hoc
1236 2461 1284 2521 vei
1304 2461 1367 2523 boc
1388 2461 1443 2521 ba·

145 2555 223 2618 bere
244 2552 428 2630 dicatur(³);
452 2573 532 2634 quae
554 2563 654 2614 attietn
674 2549 715 2611 it'a
737 2561 902 2624 notantur,
927 2555 1032 2614 eadem
1047 2575 1172 2634 semper
1192 2553 1222 2614 iu
1245 2554 1319 2616 edit.
1343 2553 1442 2632 prima

218 2669 254 2736 (¹)
274 2669 343 2722 Bibl.
366 2671 423 2721 Lat.
444 2670 478 2721 11.
499 2688 523 2740 p.
544 2671 589 2725 68.
610 2669 674 2721 tiro.

220 2745 257 2817 (²)
277 2745 383 2799 Manat.
405 2748 432 2794 in
453 2741 535 2816 proci.
557 2743 590 2795 ud
611 2745 710 2796 Asson.
748 2743 813 2794 Noa
827 2751 870 2794 est
888 2744 1131 2811 dissitrtuiaudum,
1152 2751 1257 2817 inquit,
1277 2747 1343 2817 quid
1359 2747 1444 2800 Petro

144 2819 271 2872 Danesio
289 2824 352 2871 viro
372 2820 530 2870 doctissimo
549 2826 577 2868 et
594 2815 801 2873 hesmaaissimo,
808 2817 969 2870 debeamus:
988 2839 1005 2870 a
1018 2838 1070 2888 quo
1082 2830 1147 2873 attat
1166 2828 1257 2873 cautio
1269 2825 1355 2893 jere,
1374 2842 1442 2895 quae

144 2898 174 2946 itt
193 2895 378 2948 Veratianum
397 2898 605 2946 decimationum
623 2899 830 2944 commentariis
850 2894 1063 2949 emendavimus.

223 2969 260 3047 (³)
279 2970 398 3021 Daaesii
421 2976 504 3028 veitts
529 2972 630 3020 citatur
656 2971 684 3019 in
711 2983 768 3021 not.
796 2965 829 3018 ad
849 2986 875 3039 p.
894 2969 922 3024 lt.
945 2975 985 3025 12.
1007 2971 1050 3026 iii.
1072 2977 1116 3029 18.
1134 2976 1178 3030 32.
1198 2974 1244 3029 33.
1266 2971 1311 3029 54·
1332 2975 1377 3034 55·
1397 2976 1443 3034 59.

145 3050 190 3106 ito.
210 3051 255 3106 ie.
275 3047 319 3102 ⁶3.
338 3044 384 3101 64.
405 3046 450 3101 69.
472 3046 581 3097 Donesii
602 3047 775 3095 coniecturae
799 3040 831 3093 sd
853 3061 878 3114 p.
900 3042 946 3101 69.
965 3060 991 3097 et
1010 3048 1060 3106 663
1086 3045 1191 3097 Budaei
1211 3055 1291 3098 vetars
1310 3045 1343 3098 ad
1365 3065 1391 3119 p.
1416 3055 1443 3108 8.

145 3129 190 3182 22.
210 3127 256 3181 50.
276 3120 320 3175 iii.
340 3119 385 3174 49.
406 3116 446 3170 sd
468 3137 495 3189 p.
510 3125 553 3174 12.
574 3117 618 3183 (ed
639 3133 732 3170 notem
753 3117 786 3170 de
804 3117 1059 3190 quadruplatoribus
1082 3122 1113 3172 ed
1134 3120 1193 3174 Cic.
1213 3124 1303 3175 Ditin.
1323 3127 1362 3188 7.)
1377 3123 1444 3175 baec

144 3216 187 3253 est
208 3199 354 3251 Hotomtni
374 3208 453 3245 note:
471 3211 524 3264 pro
542 3191 748 3261 consuetudine]
769 3193 908 3247 &cernam
928 3193 1024 3245 Atdtat
1035 3194 1136 3246 codicis
1154 3195 1204 3246 iton
1222 3198 1307 3248 veria
1326 3198 1444 3266 replevit

144 3272 272 3326 Budaeus
290 3277 340 3320 ortt
361 3269 494 3321 Aivaras.
532 3268 588 3320 Nee
615 3272 721 3340 saepius
748 3268 817 3341 apud
844 3268 1027 3322 Hototnanunt
1049 3270 1137 3324 Alteri
1157 3287 1258 3324 nomen
1277 3288 1326 3325 est.
1346 3275 1377 3326 Ρ.
1397 3277 1443 3333 89.

145 3350 209 3401 iiot.
230 3345 321 3398 finitur
339 3346 553 3395 comateutarius
573 3346 601 3393 in
619 3344 755 3396 Verrinas.
1270 3344 1272 3347 '

144 3428 472 3447 Μ

219 3458 248 3523 *)
269 3456 308 3508 Ne
334 3460 393 3524 quis
420 3453 534 3525 emplius
561 3454 611 3506 hac
637 3451 669 3505 de
696 3472 723 3506 re
750 3451 871 3519 dubitet,
902 3459 1015 3527 apposui
1041 3456 1171 3529 epistolae
1196 3456 1381 3513 dedicatorite
1407 3461 1441 3513 sb

143 3533 247 3586 Ioanne
267 3529 386 3585 Ladoico
405 3525 558 3601 (Ttietaao)
577 3528 616 3579 od
633 3528 759 3580 iacobum
780 3529 924 3581 Lorioicam
944 3535 1060 3600 scriptae
1080 3547 1139 3584 eam
1159 3550 1281 3606 partem,
1299 3551 1368 3606 quse
1388 3536 1442 3590 buo

143 3611 276 3682 pertiuet:
314 3606 425 3656 Stemma
443 3609 534 3672 itaque
554 3602 701 3670 diligentia
721 3609 882 3674 conquisitis
900 3605 1016 3674 tradique
1034 3607 1184 3670 codicibus,
1213 3614 1299 3678 iisque
1316 3612 1442 3680 caudis,

145 3701 204 3736 cum
223 3687 253 3732 ia
271 3678 314 3730 tte
329 3696 429 3750 partun
446 3687 518 3728 esset
532 3679 668 3746 praesidii
686 3679 726 3729 ori
749 3683 860 3730 Asconii
877 3685 1123 3747 instaurationem,
1142 3687 1326 3736 coniecturam
1345 3685 1442 3738 aduo-

144 3762 284 3819 cavimas,
311 3773 365 3805 aaa
385 3759 464 3804 tersius
483 3760 534 3802 aut
552 3755 668 3804 aiter-ius
691 3752 795 3818 iotae,
824 3757 873 3804 seri
890 3755 995 3806 dierrtm
1018 3773 1097 3825 saepe
1118 3760 1284 3811 multorum:
1312 3778 1365 3830 quta
1384 3779 1441 3813 aaa

140 3849 248 3904 patrea,
274 3837 418 3899 stirpem,
440 3845 572 3898 prospere
588 3833 729 3882 cessertat.
768 3828 857 3879 Porro
875 3834 904 3879 ia
923 3830 1017 3897 quibus
1035 3849 1083 3882 aec
1103 3837 1208 3883 cortices
1223 3834 1373 3905 prodesse,
1390 3854 1441 3890 uec

143 3910 300 3959 coniectura
325 3909 422 3956 tervan
442 3910 573 3971 poterat,
601 3902 698 3955 doctos
716 3904 914 3955 constetuimus:
941 3912 1109 3973 praesertt'm
1129 3908 1345 3964 Gulieimtsm
1373 3913 1442 3966 litt-

143 3979 263 4035 dseum
286 3987 314 4031 et
335 3979 525 4030 Lodoicum
545 3976 705 4032 uiuerent
725 3977 796 4050 (sic,
824 3995 879 4030 non
900 3980 1050 4046 Aivoram)
1076 3982 1299 4050 Lusitanum,
1344 4003 1442 4038 uorum

142 4054 280 4111 codicibus
304 4058 335 4104 itt
358 4051 409 4105 itae
433 4060 533 4104 nostra
552 4051 688 4117 editione,
720 4063 751 4104 at
770 4061 895 4104 caeteros
913 4062 1035 4120 taceam,
1065 4061 1109 4107 asi
1126 4075 1227 4114 sumus.
1246 4069 1276 4111 at
1294 4080 1311 4111 a
1336 4067 1442 4113 tristare

142 4135 201 4184 siue
213 4128 355 4180 mendacio
367 4135 394 4178 et
404 4127 473 4195 luco
484 4133 605 4196 possim,
622 4128 688 4196 pius
703 4127 922 4198 qrradrirtgeatos
937 4130 1013 4181 locos
1022 4135 1124 4199 exiguo
1135 4138 1163 4184 in
1173 4133 1264 4186 iibeiio
1273 4135 1442 4190 eruendatos.

216 4202 262 4271 ⁹⁹)
282 4203 361 4256 Errat
381 4205 421 4255 tir
439 4201 649 4258 eruditissimus.
688 4204 720 4255 in
743 4202 857 4255 Lodoici
879 4209 951 4256 enim
975 4209 1096 4257 editione
1118 4207 1191 4259 nulle
1218 4208 1246 4261 fit
1276 4211 1304 4262 P.
1331 4215 1441 4265 tinuerit

123 4272 255 4333 'nitentia
294 4279 401 4331 Primus
415 4281 471 4328 eius
484 4282 612 4330 merainit
625 4279 655 4332 P.
671 4278 811 4331 Manutius
831 4282 858 4330 in
879 4275 1045 4350 praefatione
1059 4282 1187 4334 editionis
1202 4299 1280 4348 suae,
1301 4285 1358 4350 ubi,
1371 4302 1440 4357 qnae

141 4359 170 4408 in
194 4356 368 4406 verrinarum
390 4357 595 4405 commentariis
616 4351 756 4406 emendato
779 4357 850 4417 tint,
871 4358 964 4405 omnin
985 4354 1040 4407 iere
1055 4355 1172 4409 liancsio
1195 4356 1303 4424 deberi,
1324 4350 1440 4431 quaein

141 4431 268 4499 reliquis,
299 4427 368 4493 sibi,
393 4426 548 4479 siiirmsttt.
588 4429 656 4481 Puto
685 4437 775 4480 autern
805 4431 949 4482 Decetiam
973 4429 1175 4485 etue-udationet
1199 4450 1261 4486 suns
1285 4450 1365 4487 manu
1392 4451 1441 4487 sut

140 4508 255 4575 scriptas
276 4518 362 4571 neque
387 4515 465 4553 enter
492 4501 595 4572 publici
627 4507 692 4556 iuris
717 4501 803 4555 iactas
828 4520 891 4555 curu
916 4507 1043 4557 Mnuutin
1066 4511 1291 4561 communicasse.
1330 4511 1380 4563 Cui
1401 4514 1441 4564 rei

139 4595 195 4632 non
215 4590 362 4648 repugnet,
381 4576 452 4645 quod
472 4577 643 4630 Hotomanus
662 4577 780 4649 singulos
800 4581 856 4629 eius
876 4577 1078 4631 emendationes
1098 4589 1330 4637 corttmemorsvit.
1369 4583 1440 4637 Nsut

139 4659 179 4717 is,
206 4655 337 4721 respectis
357 4649 460 4715 verbis,
489 4665 558 4722 quse
577 4668 635 4706 not.
655 4657 682 4706 2.
700 4651 856 4717 laudantut,
882 4657 995 4706 otunino
1016 4672 1110 4709 oriturus
1132 4665 1311 4722 titutationes,
1338 4674 1439 4727 quasa

137 4731 265 4787 Manutio
285 4740 407 4797 receptes
426 4723 548 4792 ridebat,
569 4731 598 4780 in
614 4729 731 4779 verrinis
745 4726 879 4795 Danesio,
898 4732 927 4780 ia
947 4728 1057 4799 reliquit
1077 4733 1205 4787 Munatio
1227 4740 1277 4807 ipsi
1298 4731 1404 4787 tribuit.
