3210 5280
156 173 218 241 tto
250 208 254 213 ·
287 173 765 263 scuomnomuusta
785 175 837 244 m
859 174 1006 246 ORAT.
1027 173 1124 242 'PRO
1144 170 1348 241 SCAURO.

232 312 266 418 §.
293 313 356 397 45.
383 319 598 420 Scipionum
622 323 789 398 interitu.

240 435 423 519 Scipionee,
452 459 546 524 quum
570 451 721 524 gererent
742 439 773 504 in
797 437 951 522 isnpania
975 437 1113 514 beilum,
1144 433 1243 502 necin
1270 437 1473 500 ambutant.

155 525 385 597 Deficientibua
416 544 492 596 tunc
520 533 668 599 omnibus
700 532 874 616 Hispaniae
905 530 1089 595 civitatium
1117 531 1157 606 eb
1195 526 1333 592 amicitia
1363 527 1474 611 populi

156 624 310 704 Romani,
335 624 492 693 Gaditana
506 628 576 692 eola
590 626 704 692 ciritae
727 627 760 692 in
780 627 843 692 fide
858 624 972 690 mansit
986 625 1207 709 deiectumque
1227 643 1264 688 ac
1285 622 1354 687 aine
1376 621 1474 707 impe·

131 716 319 799 ⁵ratorihua
339 716 519 786 Romanum
542 719 682 804 aureepit
702 742 742 786 ae
760 719 844 787 iuvit
865 718 1054 785 exercitum.

663 970 975 1001 *hu—¹·—

263 1219 742 1328 SCHOLIA
809 1218 1373 1328 vn'rchNn

577 1655 1064 1748 VERRINAS

372 1861 752 1944 noscamur
789 1829 1265 1944 ramursnsuo
1380 1840 1384 1848 ’

627 2057 1009 2126 vunnruanum
1324 2025 1331 2028 ’

738 2240 841 2292 tutuo
856 2242 898 2289 ΑΒ

670 2398 835 2460 ANGELO
854 2397 969 2457 MAIO.

237 2628 411 2703 Accusat.
439 2629 507 2704 111.
536 2623 597 2705 18.
624 2624 687 2727 47.
726 2629 821 2705 Nam
848 2653 958 2730 quum
984 2625 1229 2728 quadriennio
1255 2636 1358 2726 post.

120 2839 151 2890 u
247 2746 435 2812 Ostenditut
471 2760 547 2832 poat
581 2745 820 2834 quadriennium
859 2758 1028 2831 praeturae
1061 2747 1197 2810 Verrem
1232 2749 1483 2829 repetundarum

112 2875 114 2878 >
163 2851 358 2906 accuratum.

238 2964 412 3040 Accusat.
440 2965 505 3040 IV.
531 2961 570 3041 lt.
597 2960 634 3042 7.
673 2967 835 3065 Verres,
874 2966 975 3066 quod
1009 2966 1144 3064 ubique
1177 2965 1250 3039 erit
1274 2964 1485 3065 pulcherri-

162 3097 281 3174 mum,
308 3077 464 3153 auferet.

247 3197 481 3279 Argumentum
503 3216 563 3279 per
584 3197 813 3280 receptionem.

242 3316 309 3391 ille
336 3318 492 3416 Cupido.

121 3440 154 3489 2⁰
249 3432 457 3499 Chelidonem
479 3437 598 3522 tangita
631 3450 663 3502 et
683 3451 718 3504 ut
740 3439 873 3504 erimina
894 3437 1011 3505 Verria
1034 3440 1233 3513 ostenderet,
1268 3436 1300 3500 in
1323 3434 1484 3523 Cupidine

164 3525 221 3591 itta
243 3547 356 3592 nomen
379 3528 489 3593 obiicit
511 3531 699 3597 meretricia.

120 3701 121 3704 =
241 3645 277 3726 8.
305 3653 494 3751 Primum,
520 3657 554 3729 si
578 3654 638 3750 id,
664 3656 846 3756 quodvis
872 3658 952 3733 tibi*
967 3679 1035 3759 ego
1062 3654 1273 3731 concedam.

249 3771 483 3853 Argumentum
505 3792 563 3854 per
584 3772 836 3840 coucuaionem.

275 3888 374 3970 817.
401 3896 456 3970 De
484 3899 610 3995 cyben.
734 3920 737 3924 ·

122 4027 155 4076 25
250 4011 364 4089 Navia,
388 4034 469 4097 quae
493 4014 593 4080 Verri
615 4014 777 4082 aedificata
799 4028 860 4083 eat.

574 4271 1032 4296 *⁶*-
