3210 5280
558 210 606 274 IN
631 209 993 276 CORNELIANAM.
1386 210 1425 273 73

76 336 82 345 ’
115 372 235 427 annos,
262 373 354 434 quarn
371 351 439 436 quis
456 350 618 432 pecuniam
632 361 796 433 acceperat
817 371 930 434 resque
953 390 1330 413 ..............
1354 353 1428 413 rod-

118 447 210 509 deret
232 445 400 508 rationem.
520 520 526 538 .
1438 452 1500 512 [aas]

678 592 870 656 STATIM.

199 714 304 778 Antea
327 734 404 777 vcro
425 733 529 797 qnam
550 714 737 775 multarum
756 734 866 776 rernm
888 711 1017 775 indicia
1037 711 1175 774 sublata
1194 713 1279 789 sint,
1299 723 1330 776 el
1345 718 1428 797 quia

118 804 235 954 'lille'
266 811 461 884 praetereo,
494 813 527 867 et
555 825 594 867 ue
629 824 729 885 quern
759 804 793 864 in
822 801 987 865 indicium
1017 805 1129 864 oratio
1163 821 1238 864 mea
1271 808 1452 869 revocare⁵

120 915 150 955 ⁰⁸
175 913 298 1045 “llllrlo
322 980 452 1057 Italico,
477 982 563 1062 qaod
580 978 640 1042 luit
659 979 908 1042 adolescentibus
931 977 1007 1054 illis,
1032 979 1084 1063 qui
1107 992 1170 1042 tum
1194 983 1223 1045 in
1246 985 1428 1066 republica

120 1073 295 1158 rigebant,
331 1095 400 1135 crtus
424 1072 512 1135 anrilti
534 1070 634 1134 Varia
657 1072 726 1156 lege
749 1071 853 1154 inique
874 1075 1111 1148 damnarentur,
1149 1078 1238 1157 quasi
1259 1079 1291 1140 id
1313 1079 1427 1140 bellum

119 1168 181 1231 illis
202 1166 387 1229 auctoribus
409 1167 576 1229 cartilatum
600 1176 698 1241 esset,
723 1167 917 1246 crebraeque
939 1166 1130 1229 defectiones
1154 1169 1335 1233 italicorum
1350 1192 1429 1233 airn-

122 1261 300 1336 ciarentur,
326 1272 400 1321 trrnc
423 1261 465 1322 ob
488 1259 554 1321 eius
575 1257 720 1321 tristitiae
743 1257 940 1321 occasionem
961 1271 1085 1323 senatus
1107 1261 1268 1337 decrevit,
1291 1284 1330 1325 ne
1350 1263 1470 1326 iudi-tt

121 1354 186 1428 cia,
210 1357 282 1414 dum
306 1352 458 1414 tumrultus
469 1350 597 1415 Italicus
609 1362 720 1429 esset,¹
731 1363 973 1413 exercerentur:
998 1356 1085 1436 quod
1102 1356 1260 1416 decretum
1277 1376 1386 1419 eorum
1398 1356 1429 1417 in

123 1445 330 1509 concionibus
352 1444 461 1526 popuii
483 1464 577 1525 saepe
599 1443 748 1527 agitatum
771 1455 851 1506 erat.
896 1445 1086 1526 Supererant
1108 1458 1207 1509 autern
1232 1449 1347 1522 exiis,
1375 1447 1428 1532 qui

93 1538 174 1619 ⁴illa
204 1537 317 1600 indicia
341 1548 536 1611 metuerunt,
571 1539 595 1610 †
627 1536 785 1624 ingratum
815 1537 947 1602 maxime
976 1537 1017 1603 C.
1041 1538 1191 1604 Curionis
1221 1542 1428 1605 adolescentia

123 1629 208 1706 cius,
231 1630 288 1713 qui
308 1630 394 1694 bello
417 1629 502 1693 civili
525 1627 668 1693 Caesaris
689 1629 749 1692 luit
770 1631 915 1712 partium.

618 1797 776 1862 PAULO
800 1796 931 1862 POST.
1440 1812 1470 1862 1⁵

199 1917 281 1981 Non
301 1917 356 1980 On.
377 1916 561 1980 Dolabella
583 1918 615 1981 D.
637 1917 851 1995 Volcatium,
881 1919 1149 1985 honestissimum
1181 1925 1304 1993 vnum,
1339 1943 1430 1987 cona·

122 2011 218 2072 marei
233 2018 266 2070 cl
288 2007 487 2090 quotidiano
509 2011 582 2070 iure
601 2010 773 2088 privasset.

204 2096 283 2160 Duo
305 2095 432 2158 luerunt
455 2117 494 2158 eo
525 2108 666 2177 ternpore
687 2097 893 2174 Dolabellae,
930 2120 1065 2183 quorum
1090 2100 1220 2162 alterum
1245 2098 1286 2165 C.
1310 2098 1431 2164 Cacsar

124 2188 302 2264 accusavit,
326 2189 457 2252 alterurn
481 2191 533 2252 M.
557 2191 707 2253 Scaurus.

202 2282 281 2345 Non
303 2280 442 2363 denique
463 2284 563 2345 bomo
585 2284 724 2345 illorum
743 2293 775 2346 et
792 2279 863 2345 vita
880 2293 913 2347 et
931 2285 1109 2365 prudentia.
1123 2286 1225 2365 longe
1244 2283 1472 2365 dissimilis,eo

124 2371 182 2436 sed
211 2382 323 2434 tamen
346 2374 444 2432 nimis
473 2375 507 2434 in
533 2371 762 2455 gratificando
784 2375 856 2434 iure
880 2374 987 2450 liber,
1026 2376 1063 2437 l..
1089 2375 1247 2452 Sisenna,
1267 2374 1431 2436 bonorum

125 2462 182 2523 lin.
209 2461 357 2524 Cornelii
385 2464 622 2540 possessionem
651 2483 695 2523 ex
725 2461 836 2525 edicto
867 2482 929 2526 suo
958 2464 992 2525 P.
1019 2465 1192 2545 Scipioni,
1226 2463 1434 2526 adolescenti

124 2571 258 2613 samma
274 2548 469 2625 nobilitate,
490 2555 617 2615 eximia
637 2554 756 2615 virtute
777 2550 952 2632 praedito.
971 2558 1037 2616 aion
1064 2553 1211 2617 dedisset.

218 2845 245 2892 1.
264 2852 354 2887 annos
371 2851 452 2905 quana
471 2839 532 2905 quis
545 2834 619 2906 pec]
639 2832 701 2888 ΔΜ.
720 2848 747 2887 et
766 2850 841 2906 seqq.
868 2861 904 2876 -
932 2852 1021 2887 annos
1045 2852 1126 2907 quam
1145 2839 1192 2905 qni
1207 2851 1266 2904 pec.
1285 2834 1375 2886 Priuc.
1395 2858 1433 2874 -

125 2929 277 3039 mmlbldi
292 2908 585 3054 dedplrddlllisque*
611 2982 749 3050 redderet]
771 2985 862 3038 Princ.
880 2981 941 3038 did.
966 3011 1003 3026 -
1026 2991 1173 3055 acceperat
1191 2981 1305 3034 reddere
1323 2978 1432 3036 Betald.

127 3060 196 3116 lad.
215 3090 252 3104 -
271 3066 418 3129 acceperet
436 3063 494 3108 eius
512 3057 627 3120 reddere
646 3058 731 3131 Lugii.
751 3059 816 3112 Hor.
835 3059 913 3112 Man.
931 3061 1011 3113 cren.

219 3143 247 3198 5.
267 3152 323 3186 om.
343 3133 409 3186 Lod.
427 3130 510 3205 Lugd.

218 3215 248 3269 5.
265 3215 344 3261 scitia
359 3217 507 3278 praeterea
526 3207 570 3276 al]
590 3204 675 3276 Lugd.
695 3207 760 3260 Hor.
773 3209 848 3260 Man.
862 3207 943 3262 Creu.
962 3236 1000 3252 -
1017 3212 1111 3260 scistis
1124 3214 1273 3279 praeterea
1291 3214 1323 3258 ul
1341 3207 1433 3259 Petne.

126 3314 162 3330 -
180 3290 261 3337 acilia
276 3290 423 3353 praeterea
441 3291 472 3334 ul
490 3283 595 3335 Berald.
615 3279 677 3334 ΔΜ.
698 3281 766 3335 Lod.

203 3369 248 3417 10.
268 3368 334 3410 lunc
353 3359 398 3426 ab]
417 3356 479 3413 Ald.
498 3373 524 3408 et
545 3373 620 3426 seqq.
637 3384 675 3397 -
693 3375 748 3408 non
767 3364 831 3408 tunc
850 3359 940 3411 Peinc.
959 3385 997 3398 -—
1016 3357 1049 3408 ab
1069 3365 1134 3408 trena
1153 3353 1259 3409 Derald.

200 3440 246 3494 13.
264 3442 421 3484 meluerunt
439 3440 581 3500 ingenium
601 3437 721 3482 maxime
741 3431 771 3484 0.
790 3433 920 3484 Curionis
938 3432 1121 3483 adolescentis
1139 3436 1213 3496 eius,
1234 3429 1293 3501 qui]
1327 3430 1434 3482 Locum

126 3526 285 3581 corruptum
306 3508 421 3560 necdum
442 3511 508 3561 saris
529 3506 708 3577 probabiliter
727 3512 884 3560 restitutum
904 3507 1039 3560 edidimus
1059 3525 1088 3561 ur
1108 3508 1198 3560 Priac.
1216 3533 1255 3548 -
1277 3513 1434 3557 institerant

124 3590 269 3652 ingentia,
289 3588 410 3635 maxime
429 3584 460 3636 C.
480 3582 609 3634 Curionis
626 3582 812 3641 adrelescentis
829 3589 887 3633 eius
898 3581 999 3654 filius,
1018 3590 1064 3653 qui
1082 3580 1190 3637 Bersld.
1213 3607 1251 3621 -
1279 3587 1434 3631 metuerunt

124 3668 257 3729 uigentes
275 3663 396 3709 maxime
417 3660 447 3711 C.
467 3657 595 3709 Curionis
612 3656 794 3707 adolescentis
811 3652 870 3709 eius
885 3668 968 3729 pater
987 3661 1003 3694 *
1022 3665 1069 3729 qui
1093 3656 1154 3710 atd.
1175 3655 1240 3710 Lod.
1264 3680 1299 3696 -
1326 3663 1435 3706 melue-

126 3743 210 3799 rant,
240 3739 369 3801 vigentes
387 3735 482 3796 urselli,
514 3737 634 3783 maxime
654 3732 684 3784 C.
704 3731 805 3797 Curio,
838 3733 968 3785 Curionis
985 3734 1169 3786 adolescentis
1184 3741 1268 3802 pater
1286 3733 1363 3797 etus,
1388 3733 1435 3800 qul

126 3809 213 3884 Lugd.
233 3810 298 3862 Hor.
319 3809 397 3861 Man.
417 3809 510 3862 Creu.
759 3812 804 3866 15.
823 3824 879 3863 om.
898 3808 965 3863 Lod.
984 3808 1069 3882 bugd.

204 3886 250 3941 16.
268 3881 428 3951 Dolabella]
448 3882 595 3935 Dolabella
613 3885 705 3936 Princ.
724 3880 832 3938 Berald.
851 3882 909 3938 dld.
929 3884 998 3940 Lod.
1020 3883 1130 3956 ubique.

204 3963 250 4017 25.
269 3975 324 4008 nan
343 3956 475 4025 dedisset]
495 3956 660 4010 deduximus
679 3955 826 4010 lectionem
847 3963 1097 4029 antiquissimarum
1118 3956 1197 4009 editt.
1215 3956 1308 4009 Princ.
1327 3949 1435 4007 Berald.

128 4032 192 4089 ald.
212 4031 281 4084 Lod.
301 4049 384 4102 quum
403 4034 544 4086 Manutius
567 4048 594 4085 ec
614 4050 689 4103 seqq.
714 4031 877 4086 vocabulum
903 4053 959 4086 non
983 4039 1144 4098 omiserint,
1175 4029 1208 4082 dc
1227 4046 1281 4099 qua
1300 4028 1434 4084 Orellius:

127 4107 341 4178 ,Memorabilis
361 4108 459 4169 lecria;
489 4105 537 4159 sed
564 4122 656 4160 tamen
682 4124 714 4158 cx
734 4109 860 4181 interpol.
880 4109 1013 4181 proiecta.
1051 4109 1164 4162 Scilicet
1183 4120 1295 4178 propter
1313 4105 1435 4176 epirbera

128 4183 191 4249 illa,
224 4183 324 4254 quibus
349 4184 407 4235 Cic.
428 4184 540 4236 honoris
566 4198 647 4235 causa
673 4197 752 4234 cruat
772 4182 802 4234 P.
822 4183 994 4256 Scipionem,
1026 4187 1228 4258 oppositionem
1248 4179 1367 4251 aliquam
1387 4178 1435 4230 hic

125 4262 307 4313 necessariam
326 4257 469 4329 purabanr,
489 4261 566 4330 quasi
586 4273 640 4310 rana
660 4261 768 4328 egregio
788 4256 953 4313 adulescenti
973 4275 989 4312 a
1009 4259 1122 4313 Sisenna
1135 4255 1208 4309 lacta
1220 4270 1291 4308 esser
1306 4250 1435 4306 iniuria.”

128 4333 322 4406 Aeimprobari
332 4334 403 4384 hias
423 4336 554 4386 Cicerone
569 4332 698 4386 Sisennae
715 4333 832 4403 aliquam
847 4339 975 4388 iniuriam
985 4332 1159 4388 manifestum
1177 4347 1218 4384 est
1234 4349 1267 4382 ex
1280 4327 1435 4400 fragmenta

128 4414 250 4481 proxime
263 4407 455 4472 antecedente,
488 4423 516 4462 et
542 4427 557 4461 e
586 4411 674 4461 verbis
702 4412 785 4458 nimis
812 4413 842 4461 in
868 4408 1062 4483 gratificando
1087 4413 1146 4458 iure
1165 4406 1245 4458 liber.
1282 4404 1436 4472 Utramque

127 4498 217 4538 autern
238 4483 291 4535 hoc
310 4479 489 4556 lragarenrum
520 4484 641 4556 exempla
669 4487 814 4535 continere
837 4487 943 4538 ridetur
961 4485 1168 4538 ambitiosorum
1187 4495 1357 4553 praetorum,
1388 4481 1436 4549 qni

131 4565 202 4612 carie
225 4563 267 4610 ius
287 4556 378 4612 dicere
408 4574 594 4625 assueverant,
621 4558 668 4631 (nt
688 4557 757 4611 dixit
786 4562 920 4612 Asconius
947 4565 975 4612 in
1002 4573 1164 4633 argumento
1189 4555 1268 4607 huius
1303 4557 1436 4607 orationis

130 4639 209 4706 poa.
229 4630 306 4703 nor.)
319 4648 345 4685 et
359 4649 452 4687 contra
474 4651 541 4704 quos
561 4638 590 4690 C.
603 4633 745 4687 Cornelius
764 4635 851 4705 legem
873 4634 951 4702 salit,
970 4651 1065 4706 quarn,
1086 4637 1109 4686 si
1130 4639 1185 4686 iarn
1210 4645 1268 4683 tum
1294 4628 1437 4692 valuisset,

132 4710 229 4762 Cicero
250 4709 453 4781 prohibiturarn
475 4710 558 4765 luisse
577 4711 730 4784 significat,
751 4725 805 4783 quo
824 4713 915 4765 minus
929 4710 970 4765 vel
984 4711 1035 4765 Cu.
1049 4708 1207 4778 Dolabella,
1225 4704 1266 4760 vel
1281 4707 1311 4762 l...
1321 4704 1437 4761 Sisenna

132 4788 231 4840 laicate
251 4800 375 4856 agerent.
621 4796 626 4805 '
