<?xml version="1.0" encoding="UTF-8"?>
<!DOCTYPE html PUBLIC "-//W3C//DTD XHTML 1.0 Transitional//EN"
    "http://www.w3.org/TR/xhtml1/DTD/xhtml1-transitional.dtd">
<html xmlns="http://www.w3.org/1999/xhtml" xml:lang="en" lang="en">
 <head>
  <title>
</title>
<meta http-equiv="Content-Type" content="text/html;charset=utf-8" />
  <meta name='ocr-system' content='tesseract 3.04.00' />
  <meta name='ocr-capabilities' content='ocr_page ocr_carea ocr_par ocr_line ocrx_word'/>
</head>
<body>
  <div class='ocr_page' id='page_1' title='image "./operaquaesupers03halmgoog/operaquaesupers03halmgoog_0219.png"; bbox 0 0 3210 5280; ppageno 0'>
   <div class='ocr_carea' id='block_1_1' title="bbox 218 188 1097 261">
    <p class='ocr_par' dir='ltr' id='par_1_1' title="bbox 218 145 1097 261">
     <span class='ocr_line' id='line_1_1' title="bbox 218 188 1097 261; baseline -0.007 -3"><span class='ocrx_word' id='word_1_1' title='bbox 218 193 283 259; x_wconf 78' lang='lat' dir='ltr'><strong><em>sss</em></strong></span> <span class='ocrx_word' id='word_1_2' title='bbox 668 188 1097 261; x_wconf 81' lang='lat' dir='ltr'><strong><em>esunoo·asc0uros</em></strong></span> 
     </span>
    </p>
   </div>
   <div class='ocr_carea' id='block_1_2' title="bbox 118 327 1527 969">
    <p class='ocr_par' dir='ltr' id='par_1_2' title="bbox 118 327 1527 969">
     <span class='ocr_line' id='line_1_2' title="bbox 296 327 1518 413; baseline -0.005 -17"><span class='ocrx_word' id='word_1_3' title='bbox 296 339 340 413; x_wconf 88' lang='lat'><strong><em>(§.</em></strong></span> <span class='ocrx_word' id='word_1_4' title='bbox 366 334 453 411; x_wconf 76' lang='lat' dir='ltr'><strong><em>tot.)</em></strong></span> <span class='ocrx_word' id='word_1_5' title='bbox 476 336 539 402; x_wconf 81' lang='lat' dir='ltr'><strong><em>oui</em></strong></span> <span class='ocrx_word' id='word_1_6' title='bbox 555 337 596 398; x_wconf 85' lang='lat' dir='ltr'><strong><em>sit</em></strong></span> <span class='ocrx_word' id='word_1_7' title='bbox 620 336 719 410; x_wconf 86' lang='lat' dir='ltr'><strong><em>dota,</em></strong></span> <span class='ocrx_word' id='word_1_8' title='bbox 739 335 789 396; x_wconf 90' lang='lat' dir='ltr'><strong><em>nil</em></strong></span> <span class='ocrx_word' id='word_1_9' title='bbox 813 333 861 395; x_wconf 88' lang='lat' dir='ltr'><strong><em>od</em></strong></span> <span class='ocrx_word' id='word_1_10' title='bbox 886 328 952 409; x_wconf 87' lang='lat' dir='ltr'><strong><em>me]</em></strong></span> <span class='ocrx_word' id='word_1_11' title='bbox 999 327 1166 402; x_wconf 67' lang='lat' dir='ltr'><strong><em>Orationis,</em></strong></span> <span class='ocrx_word' id='word_1_12' title='bbox 1190 349 1271 410; x_wconf 88' lang='lat' dir='ltr'><strong><em>quae</em></strong></span> <span class='ocrx_word' id='word_1_13' title='bbox 1300 327 1432 410; x_wconf 83' lang='lat' dir='ltr'><strong><em>probari</em></strong></span> <span class='ocrx_word' id='word_1_14' title='bbox 1454 349 1518 392; x_wconf 89' lang='lat' dir='ltr'><strong><em>nou</em></strong></span> 
     </span>
     <span class='ocr_line' id='line_1_3' title="bbox 118 422 1249 511; baseline -0.011 -18"><span class='ocrx_word' id='word_1_15' title='bbox 118 458 120 463; x_wconf 92' lang='lat'>·</span> <span class='ocrx_word' id='word_1_16' title='bbox 212 438 364 511; x_wconf 77' lang='lat' dir='ltr'><strong>possunt,</strong></span> <span class='ocrx_word' id='word_1_17' title='bbox 394 427 485 507; x_wconf 73' lang='lat' dir='ltr'><strong><em>fingit</em></strong></span> <span class='ocrx_word' id='word_1_18' title='bbox 506 447 540 489; x_wconf 86' lang='lat' dir='ltr'><strong><em>se</em></strong></span> <span class='ocrx_word' id='word_1_19' title='bbox 564 422 724 489; x_wconf 69' lang='lat' dir='ltr'><strong><em>uoluntate</em></strong></span> <span class='ocrx_word' id='word_1_20' title='bbox 747 422 923 507; x_wconf 78' lang='lat' dir='ltr'><strong>negligere.</strong></span> <span class='ocrx_word' id='word_1_21' title='bbox 969 422 1154 484; x_wconf 77' lang='lat' dir='ltr'><strong>Terentius:</strong></span> <span class='ocrx_word' id='word_1_22' title='bbox 1177 424 1249 494; x_wconf 79' lang='lat' dir='ltr'><strong><em>En,</em></strong></span> 
     </span>
     <span class='ocr_line' id='line_1_4' title="bbox 444 512 1324 601; baseline -0.008 -20"><span class='ocrx_word' id='word_1_23' title='bbox 444 516 637 594; x_wconf 79' lang='lat' dir='ltr'><strong><em>Noudion,</em></strong></span> <span class='ocrx_word' id='word_1_24' title='bbox 659 518 760 601; x_wconf 83' lang='lat' dir='ltr'><strong><em>quusi</em></strong></span> <span class='ocrx_word' id='word_1_25' title='bbox 776 537 843 578; x_wconf 91' lang='lat' dir='ltr'><strong><em>non</em></strong></span> <span class='ocrx_word' id='word_1_26' title='bbox 863 517 971 592; x_wconf 81' lang='lat' dir='ltr'><strong><em>noris,</em></strong></span> <span class='ocrx_word' id='word_1_27' title='bbox 992 523 1160 577; x_wconf 83' lang='lat' dir='ltr'><strong><em>tentatum</em></strong></span> <span class='ocrx_word' id='word_1_28' title='bbox 1181 512 1324 578; x_wconf 80' lang='lat' dir='ltr'><strong><em>advenis.</em></strong></span> 
     </span>
     <span class='ocr_line' id='line_1_5' title="bbox 207 600 1524 687; baseline -0.011 -11"><span class='ocrx_word' id='word_1_29' title='bbox 207 672 210 676; x_wconf 24' lang='lat'><strong><em>⁴</em></strong></span> <span class='ocrx_word' id='word_1_30' title='bbox 297 612 341 687; x_wconf 87' lang='lat'><strong><em>(§.</em></strong></span> <span class='ocrx_word' id='word_1_31' title='bbox 365 610 452 687; x_wconf 82' lang='lat'>102.)</span> <span class='ocrx_word' id='word_1_32' title='bbox 474 609 626 674; x_wconf 80' lang='lat' dir='ltr'><strong><em>Tubulus</em></strong></span> <span class='ocrx_word' id='word_1_33' title='bbox 646 627 725 669; x_wconf 89' lang='lat' dir='ltr'><strong><em>cuns</em></strong></span> <span class='ocrx_word' id='word_1_34' title='bbox 746 603 943 682; x_wconf 81' lang='lat' dir='ltr'><strong><em>conficeres]</em></strong></span> <span class='ocrx_word' id='word_1_35' title='bbox 988 606 1158 685; x_wconf 84' lang='lat' dir='ltr'>Quomodo</span> <span class='ocrx_word' id='word_1_36' title='bbox 1182 623 1261 685; x_wconf 83' lang='lat' dir='ltr'><strong><em>crgo</em></strong></span> <span class='ocrx_word' id='word_1_37' title='bbox 1286 600 1361 665; x_wconf 86' lang='lat' dir='ltr'><strong><em>dicit</em></strong></span> <span class='ocrx_word' id='word_1_38' title='bbox 1384 603 1524 664; x_wconf 78' lang='lat' dir='ltr'>Verrem</span> 
     </span>
     <span class='ocr_line' id='line_1_6' title="bbox 188 693 1527 778; baseline -0.006 -13"><span class='ocrx_word' id='word_1_39' title='bbox 188 702 334 766; x_wconf 83' lang='lat' dir='ltr'><strong><em>⁵tabulas</em></strong></span> <span class='ocrx_word' id='word_1_40' title='bbox 357 723 419 766; x_wconf 92' lang='lat' dir='ltr'><strong><em>non</em></strong></span> <span class='ocrx_word' id='word_1_41' title='bbox 442 702 576 772; x_wconf 85' lang='lat' dir='ltr'><strong><em>habere,</em></strong></span> <span class='ocrx_word' id='word_1_42' title='bbox 606 699 662 760; x_wconf 89' lang='lat' dir='ltr'><strong><em>sed</em></strong></span> <span class='ocrx_word' id='word_1_43' title='bbox 686 695 792 777; x_wconf 87' lang='lat' dir='ltr'><strong><em>aliquo</em></strong></span> <span class='ocrx_word' id='word_1_44' title='bbox 819 704 963 775; x_wconf 82' lang='lat' dir='ltr'><strong><em>tempore</em></strong></span> <span class='ocrx_word' id='word_1_45' title='bbox 986 695 1128 778; x_wconf 85' lang='lat' dir='ltr'><strong><em>coepisse</em></strong></span> <span class='ocrx_word' id='word_1_46' title='bbox 1157 715 1222 758; x_wconf 89' lang='lat' dir='ltr'><strong><em>noo</em></strong></span> <span class='ocrx_word' id='word_1_47' title='bbox 1243 693 1412 758; x_wconf 82' lang='lat' dir='ltr'><strong><em>scribere?</em></strong></span> <span class='ocrx_word' id='word_1_48' title='bbox 1433 695 1527 757; x_wconf 76' lang='lat' dir='ltr'><strong><em>Haeo</em></strong></span> 
     </span>
     <span class='ocr_line' id='line_1_7' title="bbox 213 786 1087 880; baseline -0.007 -21"><span class='ocrx_word' id='word_1_49' title='bbox 213 786 293 880; x_wconf 84' lang='lat' dir='ltr'><strong><em>ergo</em></strong></span> <span class='ocrx_word' id='word_1_50' title='bbox 318 805 462 877; x_wconf 90' lang='lat' dir='ltr'><strong><em>tempora</em></strong></span> <span class='ocrx_word' id='word_1_51' title='bbox 483 789 612 855; x_wconf 87' lang='lat' dir='ltr'><strong><em>rationis</em></strong></span> <span class='ocrx_word' id='word_1_52' title='bbox 635 790 754 852; x_wconf 76' lang='lat' dir='ltr'><strong><em>tabulas</em></strong></span> <span class='ocrx_word' id='word_1_53' title='bbox 776 786 935 850; x_wconf 83' lang='lat' dir='ltr'><strong><em>coniectas</em></strong></span> <span class='ocrx_word' id='word_1_54' title='bbox 958 791 1087 853; x_wconf 89' lang='lat' dir='ltr'><strong><em>habeut.</em></strong></span> 
     </span>
     <span class='ocr_line' id='line_1_8' title="bbox 295 875 1524 969; baseline -0.009 -16"><span class='ocrx_word' id='word_1_55' title='bbox 295 890 363 954; x_wconf 86' lang='lat' dir='ltr'><strong><em>His</em></strong></span> <span class='ocrx_word' id='word_1_56' title='bbox 394 905 574 969; x_wconf 82' lang='lat' dir='ltr'><strong><em>expensum</em></strong></span> <span class='ocrx_word' id='word_1_57' title='bbox 602 904 669 946; x_wconf 88' lang='lat' dir='ltr'><strong><em>non</em></strong></span> <span class='ocrx_word' id='word_1_58' title='bbox 695 875 822 961; x_wconf 82' lang='lat' dir='ltr'><strong><em>ferres]</em></strong></span> <span class='ocrx_word' id='word_1_59' title='bbox 864 880 1056 962; x_wconf 76' lang='lat' dir='ltr'><strong><em>dispensum</em></strong></span> <span class='ocrx_word' id='word_1_60' title='bbox 1078 882 1178 964; x_wconf 77' lang='lat' dir='ltr'><strong><em>ferre</em></strong></span> <span class='ocrx_word' id='word_1_61' title='bbox 1209 892 1257 945; x_wconf 85' lang='lat' dir='ltr'><strong><em>est</em></strong></span> <span class='ocrx_word' id='word_1_62' title='bbox 1292 881 1454 957; x_wconf 84' lang='lat' dir='ltr'><strong><em>scribere,</em></strong></span> <span class='ocrx_word' id='word_1_63' title='bbox 1491 890 1524 942; x_wconf 90' lang='lat' dir='ltr'><strong><em>te</em></strong></span> 
     </span>
    </p>
   </div>
   <div class='ocr_carea' id='block_1_3' title="bbox 213 974 1521 1142">
    <p class='ocr_par' dir='ltr' id='par_1_3' title="bbox 213 974 1521 1142">
     <span class='ocr_line' id='line_1_9' title="bbox 213 974 529 1064; baseline -0.022 -20"><span class='ocrx_word' id='word_1_64' title='bbox 213 979 375 1064; x_wconf 87' lang='lat' dir='ltr'><strong><em>pecuniam</em></strong></span> <span class='ocrx_word' id='word_1_65' title='bbox 398 974 529 1044; x_wconf 85' lang='lat' dir='ltr'><strong><em>dedisse.</em></strong></span> 
     </span>
     <span class='ocr_line' id='line_1_10' title="bbox 294 1054 1521 1142; baseline -0.013 -14"><span class='ocrx_word' id='word_1_66' title='bbox 294 1064 476 1142; x_wconf 76' lang='lat' dir='ltr'><strong><em>Acceptum</em></strong></span> <span class='ocrx_word' id='word_1_67' title='bbox 498 1058 604 1121; x_wconf 85' lang='lat' dir='ltr'><strong><em>Curtii</em></strong></span> <span class='ocrx_word' id='word_1_68' title='bbox 623 1055 798 1136; x_wconf 78' lang='lat' dir='ltr'><strong><em>referrent]</em></strong></span> <span class='ocrx_word' id='word_1_69' title='bbox 840 1054 1013 1137; x_wconf 75' lang='lat' dir='ltr'>Accepisse</span> <span class='ocrx_word' id='word_1_70' title='bbox 1036 1075 1053 1116; x_wconf 84' lang='lat' dir='ltr'><strong><em>a</em></strong></span> <span class='ocrx_word' id='word_1_71' title='bbox 1076 1066 1107 1118; x_wconf 89' lang='lat' dir='ltr'><strong><em>te</em></strong></span> <span class='ocrx_word' id='word_1_72' title='bbox 1128 1075 1162 1118; x_wconf 88' lang='lat' dir='ltr'><strong><em>se</em></strong></span> <span class='ocrx_word' id='word_1_73' title='bbox 1182 1055 1373 1133; x_wconf 85' lang='lat' dir='ltr'><strong><em>scriberent,</em></strong></span> <span class='ocrx_word' id='word_1_74' title='bbox 1397 1077 1521 1140; x_wconf 80' lang='lat' dir='ltr'><strong><em>espen.</em></strong></span> 
     </span>
    </p>
   </div>
   <div class='ocr_carea' id='block_1_4' title="bbox 155 1147 1526 2440">
    <p class='ocr_par' dir='ltr' id='par_1_4' title="bbox 169 1147 995 1223">
     <span class='ocr_line' id='line_1_11' title="bbox 169 1147 995 1223; baseline -0.025 -1"><span class='ocrx_word' id='word_1_75' title='bbox 169 1164 280 1221; x_wconf 84' lang='lat' dir='ltr'><strong><em>¹⁰sum</em></strong></span> <span class='ocrx_word' id='word_1_76' title='bbox 301 1154 411 1217; x_wconf 89' lang='lat' dir='ltr'><strong><em>tulisse</em></strong></span> <span class='ocrx_word' id='word_1_77' title='bbox 432 1161 463 1212; x_wconf 86' lang='lat' dir='ltr'><strong><em>te</em></strong></span> <span class='ocrx_word' id='word_1_78' title='bbox 485 1150 531 1211; x_wconf 87' lang='lat' dir='ltr'><strong><em>eis</em></strong></span> <span class='ocrx_word' id='word_1_79' title='bbox 552 1147 739 1211; x_wconf 87' lang='lat' dir='ltr'><strong><em>scriberent.</em></strong></span> <span class='ocrx_word' id='word_1_80' title='bbox 802 1211 806 1215; x_wconf 58' lang='grc'><strong>,</strong></span> <span class='ocrx_word' id='word_1_81' title='bbox 992 1218 995 1223; x_wconf 90' lang='lat'><strong><em>.</em></strong></span> 
     </span>
    </p>

    <p class='ocr_par' dir='ltr' id='par_1_5' title="bbox 155 1237 1521 1496">
     <span class='ocr_line' id='line_1_12' title="bbox 155 1237 1521 1327; baseline -0.003 -16"><span class='ocrx_word' id='word_1_82' title='bbox 155 1264 203 1322; x_wconf 79' lang='lat' dir='ltr'><strong><em>[n]</em></strong></span> <span class='ocrx_word' id='word_1_83' title='bbox 298 1244 518 1327; x_wconf 78' lang='lat' dir='ltr'><strong><em>(§.103.)Ut</em></strong></span> <span class='ocrx_word' id='word_1_84' title='bbox 547 1265 591 1307; x_wconf 80' lang='lat' dir='ltr'><strong><em>ea·</em></strong></span> <span class='ocrx_word' id='word_1_85' title='bbox 619 1251 762 1323; x_wconf 87' lang='lat' dir='ltr'><strong><em>utroque</em></strong></span> <span class='ocrx_word' id='word_1_86' title='bbox 793 1237 925 1322; x_wconf 76' lang='lat' dir='ltr'><strong><em>genere]</em></strong></span> <span class='ocrx_word' id='word_1_87' title='bbox 980 1238 1105 1301; x_wconf 90' lang='lat' dir='ltr'><strong><em>Summa</em></strong></span> <span class='ocrx_word' id='word_1_88' title='bbox 1135 1239 1296 1305; x_wconf 81' lang='lat' dir='ltr'>divisionis</span> <span class='ocrx_word' id='word_1_89' title='bbox 1326 1254 1359 1316; x_wconf 84' lang='lat' dir='ltr'><strong><em>et</em></strong></span> <span class='ocrx_word' id='word_1_90' title='bbox 1387 1243 1521 1309; x_wconf 85' lang='lat' dir='ltr'><strong><em>actionis</em></strong></span> 
     </span>
     <span class='ocr_line' id='line_1_13' title="bbox 210 1329 1521 1437; baseline -0.006 -33"><span class='ocrx_word' id='word_1_91' title='bbox 210 1352 379 1423; x_wconf 74' lang='lat' dir='ltr'><strong><em>praeturae</em></strong></span> <span class='ocrx_word' id='word_1_92' title='bbox 403 1337 541 1399; x_wconf 86' lang='lat' dir='ltr'><strong><em>urbanae</em></strong></span> <span class='ocrx_word' id='word_1_93' title='bbox 565 1345 595 1395; x_wconf 91' lang='lat' dir='ltr'><strong><em>et</em></strong></span> <span class='ocrx_word' id='word_1_94' title='bbox 616 1332 776 1395; x_wconf 90' lang='lat' dir='ltr'><strong><em>criminum</em></strong></span> <span class='ocrx_word' id='word_1_95' title='bbox 806 1329 980 1437; x_wconf 36' lang='lat' dir='ltr'><strong><em>Cqurris</em></strong></span> <span class='ocrx_word' id='word_1_96' title='bbox 1009 1330 1040 1394; x_wconf 90' lang='lat' dir='ltr'><strong><em>in</em></strong></span> <span class='ocrx_word' id='word_1_97' title='bbox 1069 1335 1191 1401; x_wconf 59' lang='lat' dir='ltr'><strong><em>duobus</em></strong></span> <span class='ocrx_word' id='word_1_98' title='bbox 1217 1334 1422 1416; x_wconf 71' lang='lat' dir='ltr'><strong><em>constituta,⁴</em></strong></span> <span class='ocrx_word' id='word_1_99' title='bbox 1442 1336 1521 1402; x_wconf 77' lang='lat' dir='ltr'><strong><em>ius-is</em></strong></span> 
     </span>
     <span class='ocr_line' id='line_1_14' title="bbox 211 1425 635 1496; baseline -0.019 0"><span class='ocrx_word' id='word_1_100' title='bbox 211 1433 347 1496; x_wconf 82' lang='lat' dir='ltr'><strong><em>dictione</em></strong></span> <span class='ocrx_word' id='word_1_101' title='bbox 370 1441 400 1492; x_wconf 88' lang='lat' dir='ltr'><strong><em>et</em></strong></span> <span class='ocrx_word' id='word_1_102' title='bbox 421 1428 512 1491; x_wconf 84' lang='lat' dir='ltr'><strong><em>sartis</em></strong></span> <span class='ocrx_word' id='word_1_103' title='bbox 534 1425 635 1489; x_wconf 87' lang='lat' dir='ltr'><strong><em>tectis.</em></strong></span> 
     </span>
    </p>

    <p class='ocr_par' dir='ltr' id='par_1_6' title="bbox 295 1515 1521 1603">
     <span class='ocr_line' id='line_1_15' title="bbox 295 1515 1521 1603; baseline 0.001 -17"><span class='ocrx_word' id='word_1_104' title='bbox 295 1527 339 1603; x_wconf 89' lang='lat'><strong><em>(§.</em></strong></span> <span class='ocrx_word' id='word_1_105' title='bbox 364 1524 452 1600; x_wconf 79' lang='lat' dir='ltr'><strong><em>toi.)</em></strong></span> <span class='ocrx_word' id='word_1_106' title='bbox 476 1520 544 1598; x_wconf 79' lang='lat' dir='ltr'><strong><em>Qui</em></strong></span> <span class='ocrx_word' id='word_1_107' title='bbox 555 1519 737 1598; x_wconf 83' lang='lat' dir='ltr'><strong><em>auspicato</em></strong></span> <span class='ocrx_word' id='word_1_108' title='bbox 757 1538 779 1580; x_wconf 86' lang='lat' dir='ltr'><strong><em>u</em></strong></span> <span class='ocrx_word' id='word_1_109' title='bbox 801 1515 992 1597; x_wconf 77' lang='lat' dir='ltr'><strong><em>Chelidone]</em></strong></span> <span class='ocrx_word' id='word_1_110' title='bbox 1025 1516 1195 1599; x_wconf 80' lang='lat' dir='ltr'><strong><em>Arispicari</em></strong></span> <span class='ocrx_word' id='word_1_111' title='bbox 1216 1518 1361 1583; x_wconf 86' lang='lat' dir='ltr'><strong><em>dicuntur</em></strong></span> <span class='ocrx_word' id='word_1_112' title='bbox 1375 1521 1521 1588; x_wconf 88' lang='lat' dir='ltr'><strong><em>ineuntes</em></strong></span> 
     </span>
    </p>

    <p class='ocr_par' dir='ltr' id='par_1_7' title="bbox 169 1607 1520 1700">
     <span class='ocr_line' id='line_1_16' title="bbox 169 1607 1520 1700; baseline -0.003 -19"><span class='ocrx_word' id='word_1_113' title='bbox 169 1619 432 1700; x_wconf 72' lang='lat' dir='ltr'><strong><em>ltmagistratus‚</em></strong></span> <span class='ocrx_word' id='word_1_114' title='bbox 466 1624 496 1674; x_wconf 92' lang='lat' dir='ltr'><strong><em>et</em></strong></span> <span class='ocrx_word' id='word_1_115' title='bbox 521 1609 593 1694; x_wconf 91' lang='lat' dir='ltr'><strong><em>quia</em></strong></span> <span class='ocrx_word' id='word_1_116' title='bbox 620 1607 793 1684; x_wconf 79' lang='lat' dir='ltr'><strong><em>chelidon,</em></strong></span> <span class='ocrx_word' id='word_1_117' title='bbox 824 1609 857 1672; x_wconf 92' lang='lat' dir='ltr'><strong><em>id</em></strong></span> <span class='ocrx_word' id='word_1_118' title='bbox 889 1622 955 1684; x_wconf 86' lang='lat' dir='ltr'><strong><em>est,</em></strong></span> <span class='ocrx_word' id='word_1_119' title='bbox 991 1610 1142 1688; x_wconf 87' lang='lat' dir='ltr'><strong><em>hirundo,</em></strong></span> <span class='ocrx_word' id='word_1_120' title='bbox 1177 1615 1286 1676; x_wconf 89' lang='lat' dir='ltr'><strong><em>urbem</em></strong></span> <span class='ocrx_word' id='word_1_121' title='bbox 1317 1615 1520 1700; x_wconf 77' lang='lat' dir='ltr'><strong><em>frequentat,</em></strong></span> 
     </span>
    </p>

    <p class='ocr_par' dir='ltr' id='par_1_8' title="bbox 210 1698 1523 1881">
     <span class='ocr_line' id='line_1_17' title="bbox 210 1698 1523 1786; baseline -0.002 -10"><span class='ocrx_word' id='word_1_122' title='bbox 210 1709 313 1776; x_wconf 81' lang='lat' dir='ltr'><strong><em>facete</em></strong></span> <span class='ocrx_word' id='word_1_123' title='bbox 344 1709 493 1768; x_wconf 83' lang='lat' dir='ltr'><strong><em>urbanam</em></strong></span> <span class='ocrx_word' id='word_1_124' title='bbox 521 1698 715 1785; x_wconf 78' lang='lat' dir='ltr'><strong><em>provinciam</em></strong></span> <span class='ocrx_word' id='word_1_125' title='bbox 748 1701 935 1776; x_wconf 82' lang='lat' dir='ltr'><strong><em>Chelidonis</em></strong></span> <span class='ocrx_word' id='word_1_126' title='bbox 965 1703 1107 1786; x_wconf 75' lang='lat' dir='ltr'><strong><em>susspicio</em></strong></span> <span class='ocrx_word' id='word_1_127' title='bbox 1136 1705 1311 1770; x_wconf 83' lang='lat' dir='ltr'><strong><em>meretricis</em></strong></span> <span class='ocrx_word' id='word_1_128' title='bbox 1342 1708 1419 1771; x_wconf 88' lang='lat' dir='ltr'><strong><em>dicit</em></strong></span> <span class='ocrx_word' id='word_1_129' title='bbox 1451 1732 1523 1775; x_wconf 88' lang='lat' dir='ltr'><strong><em>esse</em></strong></span> 
     </span>
     <span class='ocr_line' id='line_1_18' title="bbox 211 1804 744 1881; baseline -0.024 -15"><span class='ocrx_word' id='word_1_130' title='bbox 211 1804 401 1881; x_wconf 84' lang='lat' dir='ltr'><strong><em>susceptam.</em></strong></span> <span class='ocrx_word' id='word_1_131' title='bbox 742 1837 744 1841; x_wconf 85' lang='lat'><em>-</em></span> 
     </span>
    </p>

    <p class='ocr_par' dir='ltr' id='par_1_9' title="bbox 213 1885 1523 1976">
     <span class='ocr_line' id='line_1_19' title="bbox 213 1885 1523 1976; baseline -0.011 -16"><span class='ocrx_word' id='word_1_132' title='bbox 213 1954 216 1960; x_wconf 90' lang='lat'><strong><em>.</em></strong></span> <span class='ocrx_word' id='word_1_133' title='bbox 294 1892 412 1976; x_wconf 87' lang='lat' dir='ltr'><strong><em>Neque</em></strong></span> <span class='ocrx_word' id='word_1_134' title='bbox 433 1910 549 1955; x_wconf 83' lang='lat' dir='ltr'><strong><em>census</em></strong></span> <span class='ocrx_word' id='word_1_135' title='bbox 568 1885 665 1966; x_wconf 84' lang='lat' dir='ltr'><strong><em>esset]</em></strong></span> <span class='ocrx_word' id='word_1_136' title='bbox 711 1887 823 1972; x_wconf 85' lang='lat' dir='ltr'><strong><em>Neque</em></strong></span> <span class='ocrx_word' id='word_1_137' title='bbox 856 1901 978 1952; x_wconf 91' lang='lat' dir='ltr'><strong><em>centum</em></strong></span> <span class='ocrx_word' id='word_1_138' title='bbox 1010 1890 1102 1953; x_wconf 85' lang='lat' dir='ltr'><strong><em>millia</em></strong></span> <span class='ocrx_word' id='word_1_139' title='bbox 1123 1890 1308 1965; x_wconf 54' lang='lat' dir='ltr'><strong><em>,sestertium</em></strong></span> <span class='ocrx_word' id='word_1_140' title='bbox 1330 1894 1523 1974; x_wconf 54' lang='lat' dir='ltr'><strong><em>possideret,</em></strong></span> 
     </span>
    </p>

    <p class='ocr_par' dir='ltr' id='par_1_10' title="bbox 210 1979 1526 2067">
     <span class='ocr_line' id='line_1_20' title="bbox 210 1979 1526 2067; baseline 0.002 -16"><span class='ocrx_word' id='word_1_141' title='bbox 210 1986 309 2051; x_wconf 87' lang='lat' dir='ltr'><strong><em>More</em></strong></span> <span class='ocrx_word' id='word_1_142' title='bbox 331 1995 470 2046; x_wconf 80' lang='lat' dir='ltr'><strong><em>veterum</em></strong></span> <span class='ocrx_word' id='word_1_143' title='bbox 488 1981 579 2044; x_wconf 87' lang='lat' dir='ltr'><strong><em>censi</em></strong></span> <span class='ocrx_word' id='word_1_144' title='bbox 596 1979 789 2056; x_wconf 82' lang='lat' dir='ltr'><strong><em>dicebantur,</em></strong></span> <span class='ocrx_word' id='word_1_145' title='bbox 807 1982 860 2066; x_wconf 90' lang='lat' dir='ltr'><strong><em>qui</em></strong></span> <span class='ocrx_word' id='word_1_146' title='bbox 873 1994 996 2044; x_wconf 90' lang='lat' dir='ltr'><strong><em>centum</em></strong></span> <span class='ocrx_word' id='word_1_147' title='bbox 1013 1984 1104 2046; x_wconf 85' lang='lat' dir='ltr'><strong><em>millia</em></strong></span> <span class='ocrx_word' id='word_1_148' title='bbox 1116 1985 1315 2067; x_wconf 76' lang='lat' dir='ltr'><strong><em>professione</em></strong></span> <span class='ocrx_word' id='word_1_149' title='bbox 1328 1988 1526 2054; x_wconf 74' lang='lat' dir='ltr'><strong><em>detulissent.</em></strong></span> 
     </span>
    </p>

    <p class='ocr_par' dir='ltr' id='par_1_11' title="bbox 167 2073 1518 2166">
     <span class='ocr_line' id='line_1_21' title="bbox 167 2073 1518 2166; baseline 0.001 -22"><span class='ocrx_word' id='word_1_150' title='bbox 167 2075 398 2146; x_wconf 77' lang='lat' dir='ltr'><strong><em>soHuiusrnodi</em></strong></span> <span class='ocrx_word' id='word_1_151' title='bbox 430 2077 508 2137; x_wconf 91' lang='lat' dir='ltr'><strong><em>adeo</em></strong></span> <span class='ocrx_word' id='word_1_152' title='bbox 543 2073 708 2136; x_wconf 80' lang='lat' dir='ltr'><strong><em>facultates</em></strong></span> <span class='ocrx_word' id='word_1_153' title='bbox 742 2092 861 2136; x_wconf 84' lang='lat' dir='ltr'><strong><em>census</em></strong></span> <span class='ocrx_word' id='word_1_154' title='bbox 892 2076 1101 2140; x_wconf 89' lang='lat' dir='ltr'><strong><em>vocabantur.</em></strong></span> <span class='ocrx_word' id='word_1_155' title='bbox 1145 2076 1212 2140; x_wconf 83' lang='lat' dir='ltr'><strong><em>Alii</em></strong></span> <span class='ocrx_word' id='word_1_156' title='bbox 1239 2077 1284 2139; x_wconf 89' lang='lat' dir='ltr'><strong><em>sic</em></strong></span> <span class='ocrx_word' id='word_1_157' title='bbox 1317 2077 1518 2166; x_wconf 81' lang='lat' dir='ltr'><strong><em>intelligunt:</em></strong></span> 
     </span>
    </p>

    <p class='ocr_par' dir='ltr' id='par_1_12' title="bbox 209 2167 1523 2255">
     <span class='ocr_line' id='line_1_22' title="bbox 209 2167 1523 2255; baseline 0.002 -19"><span class='ocrx_word' id='word_1_158' title='bbox 209 2169 328 2255; x_wconf 81' lang='lat' dir='ltr'><strong><em>Neque</em></strong></span> <span class='ocrx_word' id='word_1_159' title='bbox 348 2188 464 2233; x_wconf 84' lang='lat' dir='ltr'><strong><em>census</em></strong></span> <span class='ocrx_word' id='word_1_160' title='bbox 485 2178 589 2241; x_wconf 84' lang='lat' dir='ltr'><strong><em>esset,</em></strong></span> <span class='ocrx_word' id='word_1_161' title='bbox 625 2167 775 2241; x_wconf 81' lang='lat' dir='ltr'><strong><em>honest,</em></strong></span> <span class='ocrx_word' id='word_1_162' title='bbox 806 2188 908 2250; x_wconf 89' lang='lat' dir='ltr'><strong><em>neque</em></strong></span> <span class='ocrx_word' id='word_1_163' title='bbox 934 2190 1045 2243; x_wconf 84' lang='lat' dir='ltr'><strong><em>census</em></strong></span> <span class='ocrx_word' id='word_1_164' title='bbox 1069 2168 1136 2232; x_wconf 88' lang='lat' dir='ltr'><strong><em>eius</em></strong></span> <span class='ocrx_word' id='word_1_165' title='bbox 1166 2169 1195 2231; x_wconf 90' lang='lat' dir='ltr'><strong><em>in</em></strong></span> <span class='ocrx_word' id='word_1_166' title='bbox 1224 2170 1469 2254; x_wconf 86' lang='lat' dir='ltr'><strong><em>quinquennium</em></strong></span> <span class='ocrx_word' id='word_1_167' title='bbox 1498 2181 1523 2254; x_wconf 60' lang='grc' dir='ltr'><strong><em>’ς</em></strong></span> 
     </span>
    </p>

    <p class='ocr_par' dir='ltr' id='par_1_13' title="bbox 209 2260 1521 2350">
     <span class='ocr_line' id='line_1_23' title="bbox 209 2260 1521 2350; baseline -0.004 -24"><span class='ocrx_word' id='word_1_168' title='bbox 209 2262 304 2326; x_wconf 85' lang='lat' dir='ltr'><strong><em>dives</em></strong></span> <span class='ocrx_word' id='word_1_169' title='bbox 321 2261 442 2323; x_wconf 77' lang='lat' dir='ltr'><strong><em>laetius</em></strong></span> <span class='ocrx_word' id='word_1_170' title='bbox 467 2281 601 2342; x_wconf 87' lang='lat' dir='ltr'><strong><em>quocum</em></strong></span> <span class='ocrx_word' id='word_1_171' title='bbox 624 2280 776 2321; x_wconf 88' lang='lat' dir='ltr'><strong><em>annorum</em></strong></span> <span class='ocrx_word' id='word_1_172' title='bbox 800 2260 906 2341; x_wconf 88' lang='lat' dir='ltr'><strong><em>spatio</em></strong></span> <span class='ocrx_word' id='word_1_173' title='bbox 921 2261 1089 2325; x_wconf 89' lang='lat' dir='ltr'><strong><em>instaurari</em></strong></span> <span class='ocrx_word' id='word_1_174' title='bbox 1108 2283 1217 2326; x_wconf 84' lang='lat' dir='ltr'><strong><em>census</em></strong></span> <span class='ocrx_word' id='word_1_175' title='bbox 1240 2264 1321 2328; x_wconf 92' lang='lat' dir='ltr'><strong><em>solet</em></strong></span> <span class='ocrx_word' id='word_1_176' title='bbox 1342 2273 1426 2350; x_wconf 87' lang='lat' dir='ltr'><strong><em>apud</em></strong></span> <span class='ocrx_word' id='word_1_177' title='bbox 1447 2292 1521 2332; x_wconf 73' lang='lat' dir='ltr'><strong><em>cen.</em></strong></span> 
     </span>
    </p>

    <p class='ocr_par' dir='ltr' id='par_1_14' title="bbox 191 2351 1522 2440">
     <span class='ocr_line' id='line_1_24' title="bbox 191 2351 1522 2440; baseline -0.004 -22"><span class='ocrx_word' id='word_1_178' title='bbox 191 2387 193 2392; x_wconf 96' lang='lat'>·</span> <span class='ocrx_word' id='word_1_179' title='bbox 208 2373 310 2428; x_wconf 81' lang='lat' dir='ltr'><strong><em>sores,</em></strong></span> <span class='ocrx_word' id='word_1_180' title='bbox 324 2373 457 2436; x_wconf 87' lang='lat' dir='ltr'><strong><em>quocum</em></strong></span> <span class='ocrx_word' id='word_1_181' title='bbox 474 2351 700 2416; x_wconf 81' lang='lat' dir='ltr'><strong><em>administratio</em></strong></span> <span class='ocrx_word' id='word_1_182' title='bbox 716 2372 774 2432; x_wconf 88' lang='lat' dir='ltr'><strong><em>por</em></strong></span> <span class='ocrx_word' id='word_1_183' title='bbox 784 2351 929 2428; x_wconf 87' lang='lat' dir='ltr'><strong><em>lustrum,</em></strong></span> <span class='ocrx_word' id='word_1_184' title='bbox 944 2356 1005 2418; x_wconf 87' lang='lat' dir='ltr'><strong><em>hoe</em></strong></span> <span class='ocrx_word' id='word_1_185' title='bbox 1016 2368 1075 2431; x_wconf 85' lang='lat' dir='ltr'><strong><em>est,</em></strong></span> <span class='ocrx_word' id='word_1_186' title='bbox 1093 2357 1355 2440; x_wconf 85' lang='lat' dir='ltr'><strong><em>quinquennium,</em></strong></span> <span class='ocrx_word' id='word_1_187' title='bbox 1370 2355 1522 2417; x_wconf 87' lang='lat' dir='ltr'><strong><em>tenditur.</em></strong></span> 
     </span>
    </p>
   </div>
   <div class='ocr_carea' id='block_1_5' title="bbox 168 2440 1524 2623">
    <p class='ocr_par' dir='ltr' id='par_1_15' title="bbox 168 2440 1524 2623">
     <span class='ocr_line' id='line_1_25' title="bbox 295 2440 1524 2534; baseline -0.011 -11"><span class='ocrx_word' id='word_1_188' title='bbox 295 2449 339 2522; x_wconf 71' lang='grc'><strong><em>(0·</em></strong></span> <span class='ocrx_word' id='word_1_189' title='bbox 365 2447 453 2523; x_wconf 73' lang='lat'><strong><em>1⁰5·)</em></strong></span> <span class='ocrx_word' id='word_1_190' title='bbox 483 2440 544 2525; x_wconf 87' lang='lat' dir='ltr'><strong><em>[dn</em></strong></span> <span class='ocrx_word' id='word_1_191' title='bbox 569 2446 731 2525; x_wconf 84' lang='lat' dir='ltr'><strong><em>tentatus]</em></strong></span> <span class='ocrx_word' id='word_1_192' title='bbox 776 2448 950 2530; x_wconf 81' lang='lat' dir='ltr'><strong><em>Tamquam</em></strong></span> <span class='ocrx_word' id='word_1_193' title='bbox 979 2448 1060 2511; x_wconf 86' lang='lat' dir='ltr'><strong><em>scire</em></strong></span> <span class='ocrx_word' id='word_1_194' title='bbox 1087 2449 1157 2534; x_wconf 87' lang='lat' dir='ltr'><strong><em>quis</em></strong></span> <span class='ocrx_word' id='word_1_195' title='bbox 1187 2450 1297 2526; x_wconf 84' lang='lat' dir='ltr'><strong><em>uellet,</em></strong></span> <span class='ocrx_word' id='word_1_196' title='bbox 1334 2450 1459 2534; x_wconf 87' lang='lat' dir='ltr'><strong><em>qualem</em></strong></span> <span class='ocrx_word' id='word_1_197' title='bbox 1487 2469 1524 2511; x_wconf 86' lang='lat' dir='ltr'><strong><em>se</em></strong></span> 
     </span>
     <span class='ocr_line' id='line_1_26' title="bbox 168 2536 1413 2623; baseline -0.027 -17"><span class='ocrx_word' id='word_1_198' title='bbox 168 2559 201 2611; x_wconf 75' lang='lat' dir='ltr'><strong><em>ts</em></strong></span> <span class='ocrx_word' id='word_1_199' title='bbox 215 2550 394 2623; x_wconf 81' lang='lat' dir='ltr'><strong><em>praetorem</em></strong></span> <span class='ocrx_word' id='word_1_200' title='bbox 416 2538 517 2600; x_wconf 88' lang='lat' dir='ltr'><strong><em>suerit</em></strong></span> <span class='ocrx_word' id='word_1_201' title='bbox 537 2536 751 2618; x_wconf 79' lang='lat' dir='ltr'><strong><em>praebiturus.</em></strong></span> <span class='ocrx_word' id='word_1_202' title='bbox 1410 2566 1413 2573; x_wconf 92' lang='lat'>.</span> 
     </span>
    </p>
   </div>
   <div class='ocr_carea' id='block_1_6' title="bbox 179 2699 1524 4795">
    <p class='ocr_par' dir='ltr' id='par_1_16' title="bbox 301 2699 1331 2772">
     <span class='ocr_line' id='line_1_27' title="bbox 301 2699 1331 2772; baseline 0 -16"><span class='ocrx_word' id='word_1_203' title='bbox 301 2715 327 2763; x_wconf 84' lang='lat'><strong><em>1.</em></strong></span> <span class='ocrx_word' id='word_1_204' title='bbox 346 2706 398 2772; x_wconf 83' lang='lat' dir='ltr'><strong><em>nil]</em></strong></span> <span class='ocrx_word' id='word_1_205' title='bbox 424 2706 514 2757; x_wconf 75' lang='lat' dir='ltr'><strong><em>Ptine.</em></strong></span> <span class='ocrx_word' id='word_1_206' title='bbox 534 2699 640 2758; x_wconf 82' lang='lat' dir='ltr'><strong><em>Bersld.</em></strong></span> <span class='ocrx_word' id='word_1_207' title='bbox 663 2700 731 2755; x_wconf 86' lang='lat' dir='ltr'><strong><em>Lod.</em></strong></span> <span class='ocrx_word' id='word_1_208' title='bbox 749 2730 785 2744; x_wconf 92' lang='lat'><em>-</em></span> <span class='ocrx_word' id='word_1_209' title='bbox 804 2702 876 2753; x_wconf 79' lang='lat' dir='ltr'><strong><em>nidi!</em></strong></span> <span class='ocrx_word' id='word_1_210' title='bbox 892 2709 978 2756; x_wconf 83' lang='lat' dir='ltr'><strong><em>ceteri</em></strong></span> <span class='ocrx_word' id='word_1_211' title='bbox 998 2722 1061 2757; x_wconf 91' lang='lat' dir='ltr'><strong><em>cum</em></strong></span> <span class='ocrx_word' id='word_1_212' title='bbox 1082 2705 1159 2758; x_wconf 85' lang='lat' dir='ltr'><strong><em>editt.</em></strong></span> <span class='ocrx_word' id='word_1_213' title='bbox 1179 2708 1331 2758; x_wconf 84' lang='lat' dir='ltr'><strong><em>Ciceronis.</em></strong></span> 
     </span>
    </p>

    <p class='ocr_par' dir='ltr' id='par_1_17' title="bbox 282 2778 1298 2849">
     <span class='ocr_line' id='line_1_28' title="bbox 282 2778 1298 2849; baseline 0.001 -17"><span class='ocrx_word' id='word_1_214' title='bbox 282 2780 353 2832; x_wconf 85' lang='lat' dir='ltr'><strong><em>lbid.</em></strong></span> <span class='ocrx_word' id='word_1_215' title='bbox 372 2781 506 2831; x_wconf 83' lang='lat' dir='ltr'><strong><em>Oratorie</em></strong></span> <span class='ocrx_word' id='word_1_216' title='bbox 525 2781 605 2849; x_wconf 74' lang='lat' dir='ltr'><strong><em>quiae]</em></strong></span> <span class='ocrx_word' id='word_1_217' title='bbox 625 2783 798 2846; x_wconf 77' lang='lat' dir='ltr'><strong><em>oratorisque</em></strong></span> <span class='ocrx_word' id='word_1_218' title='bbox 818 2779 909 2830; x_wconf 76' lang='lat' dir='ltr'><strong><em>Ptine.</em></strong></span> <span class='ocrx_word' id='word_1_219' title='bbox 930 2807 967 2821; x_wconf 90' lang='lat'><strong><em>·-</em></strong></span> <span class='ocrx_word' id='word_1_220' title='bbox 986 2785 1129 2832; x_wconf 78' lang='lat' dir='ltr'><strong><em>oratoriae</em></strong></span> <span class='ocrx_word' id='word_1_221' title='bbox 1148 2799 1215 2849; x_wconf 76' lang='lat' dir='ltr'><strong><em>qeins</em></strong></span> <span class='ocrx_word' id='word_1_222' title='bbox 1237 2778 1298 2834; x_wconf 75' lang='lat' dir='ltr'><strong><em>illd.</em></strong></span> 
     </span>
    </p>

    <p class='ocr_par' dir='ltr' id='par_1_18' title="bbox 212 2851 1524 3002">
     <span class='ocr_line' id='line_1_29' title="bbox 301 2851 1524 2929; baseline 0.002 -20"><span class='ocrx_word' id='word_1_223' title='bbox 301 2862 326 2909; x_wconf 78' lang='lat'><strong><em>2.</em></strong></span> <span class='ocrx_word' id='word_1_224' title='bbox 346 2855 503 2923; x_wconf 78' lang='lat' dir='ltr'><strong><em>Terentius]</em></strong></span> <span class='ocrx_word' id='word_1_225' title='bbox 526 2854 636 2906; x_wconf 71' lang='lat' dir='ltr'><strong><em>Phorco.</em></strong></span> <span class='ocrx_word' id='word_1_226' title='bbox 650 2853 712 2906; x_wconf 78' lang='lat' dir='ltr'><strong><em>Act.</em></strong></span> <span class='ocrx_word' id='word_1_227' title='bbox 735 2853 771 2903; x_wconf 91' lang='lat' dir='ltr'><strong><em>u.</em></strong></span> <span class='ocrx_word' id='word_1_228' title='bbox 793 2851 838 2904; x_wconf 86' lang='lat' dir='ltr'><strong><em>Sc.</em></strong></span> <span class='ocrx_word' id='word_1_229' title='bbox 858 2859 885 2911; x_wconf 79' lang='lat'><strong><em>5.</em></strong></span> <span class='ocrx_word' id='word_1_230' title='bbox 905 2870 943 2906; x_wconf 84' lang='lat' dir='ltr'><strong><em>vs.</em></strong></span> <span class='ocrx_word' id='word_1_231' title='bbox 963 2859 1008 2912; x_wconf 80' lang='lat' dir='ltr'><strong><em>tt.</em></strong></span> <span class='ocrx_word' id='word_1_232' title='bbox 1045 2855 1204 2928; x_wconf 79' lang='lat' dir='ltr'><strong><em>Exemplum</em></strong></span> <span class='ocrx_word' id='word_1_233' title='bbox 1225 2855 1277 2908; x_wconf 86' lang='lat' dir='ltr'><strong><em>hoc</em></strong></span> <span class='ocrx_word' id='word_1_234' title='bbox 1296 2858 1387 2929; x_wconf 79' lang='lat' dir='ltr'><strong><em>aptius</em></strong></span> <span class='ocrx_word' id='word_1_235' title='bbox 1406 2853 1524 2911; x_wconf 82' lang='lat' dir='ltr'><strong><em>iostssss</em></strong></span> 
     </span>
     <span class='ocr_line' id='line_1_30' title="bbox 212 2925 991 3002; baseline -0.005 -18"><span class='ocrx_word' id='word_1_236' title='bbox 212 2930 275 2986; x_wconf 85' lang='lat' dir='ltr'><strong><em>addi</em></strong></span> <span class='ocrx_word' id='word_1_237' title='bbox 296 2944 402 3002; x_wconf 78' lang='lat' dir='ltr'><strong><em>poterat</em></strong></span> <span class='ocrx_word' id='word_1_238' title='bbox 423 2929 529 2983; x_wconf 88' lang='lat' dir='ltr'><strong><em>scholio</em></strong></span> <span class='ocrx_word' id='word_1_239' title='bbox 548 2925 582 2979; x_wconf 87' lang='lat' dir='ltr'><strong><em>ad</em></strong></span> <span class='ocrx_word' id='word_1_240' title='bbox 600 2928 624 2993; x_wconf 81' lang='lat'><strong><em>§.</em></strong></span> <span class='ocrx_word' id='word_1_241' title='bbox 646 2931 707 2983; x_wconf 76' lang='lat'><strong><em>105.</em></strong></span> <span class='ocrx_word' id='word_1_242' title='bbox 729 2929 774 2977; x_wconf 83' lang='lat' dir='ltr'><strong><em>An</em></strong></span> <span class='ocrx_word' id='word_1_243' title='bbox 793 2935 920 2978; x_wconf 84' lang='lat' dir='ltr'><strong><em>tentatus</em></strong></span> <span class='ocrx_word' id='word_1_244' title='bbox 938 2945 991 2980; x_wconf 84' lang='lat' dir='ltr'><strong><em>cei.</em></strong></span> 
     </span>
    </p>

    <p class='ocr_par' dir='ltr' id='par_1_19' title="bbox 284 3001 1042 3075">
     <span class='ocr_line' id='line_1_31' title="bbox 284 3001 1042 3075; baseline -0.004 -17"><span class='ocrx_word' id='word_1_245' title='bbox 284 3003 355 3059; x_wconf 88' lang='lat' dir='ltr'><strong><em>lbtd.</em></strong></span> <span class='ocrx_word' id='word_1_246' title='bbox 376 3003 433 3075; x_wconf 82' lang='lat' dir='ltr'><strong><em>En]</em></strong></span> <span class='ocrx_word' id='word_1_247' title='bbox 454 3005 525 3058; x_wconf 82' lang='lat' dir='ltr'><strong><em>Hem</em></strong></span> <span class='ocrx_word' id='word_1_248' title='bbox 545 3001 621 3056; x_wconf 81' lang='lat' dir='ltr'><strong><em>ediis.</em></strong></span> <span class='ocrx_word' id='word_1_249' title='bbox 641 3001 774 3054; x_wconf 85' lang='lat' dir='ltr'><strong><em>Terentii.</em></strong></span> <span class='ocrx_word' id='word_1_250' title='bbox 794 3010 832 3043; x_wconf 82' lang='grc'><strong><em>’-</em></strong></span> <span class='ocrx_word' id='word_1_251' title='bbox 849 3018 906 3056; x_wconf 89' lang='lat' dir='ltr'><strong><em>om.</em></strong></span> <span class='ocrx_word' id='word_1_252' title='bbox 927 3002 1042 3055; x_wconf 81' lang='lat' dir='ltr'><strong><em>Schtss.</em></strong></span> 
     </span>
    </p>

    <p class='ocr_par' dir='ltr' id='par_1_20' title="bbox 179 3068 1300 3147">
     <span class='ocr_line' id='line_1_32' title="bbox 179 3068 1300 3147; baseline 0 -17"><span class='ocrx_word' id='word_1_253' title='bbox 179 3068 189 3089; x_wconf 81' lang='lat'><em>&#39;</em></span> <span class='ocrx_word' id='word_1_254' title='bbox 301 3084 326 3136; x_wconf 91' lang='grc'><strong>7.</strong></span> <span class='ocrx_word' id='word_1_255' title='bbox 346 3080 410 3146; x_wconf 85' lang='lat' dir='ltr'><strong><em>His]</em></strong></span> <span class='ocrx_word' id='word_1_256' title='bbox 431 3084 467 3130; x_wconf 84' lang='lat' dir='ltr'><strong><em>iis</em></strong></span> <span class='ocrx_word' id='word_1_257' title='bbox 485 3077 562 3132; x_wconf 85' lang='lat' dir='ltr'><strong><em>editt.</em></strong></span> <span class='ocrx_word' id='word_1_258' title='bbox 582 3077 734 3129; x_wconf 81' lang='lat' dir='ltr'><strong><em>Ciceronis.</em></strong></span> <span class='ocrx_word' id='word_1_259' title='bbox 874 3075 945 3129; x_wconf 80' lang='lat' dir='ltr'><strong><em>ibid.</em></strong></span> <span class='ocrx_word' id='word_1_260' title='bbox 962 3077 1074 3146; x_wconf 72' lang='lat' dir='ltr'><strong><em>jerus]</em></strong></span> <span class='ocrx_word' id='word_1_261' title='bbox 1093 3075 1300 3147; x_wconf 82' lang='lat' dir='ltr'><strong><em>ferris-Princ.</em></strong></span> 
     </span>
    </p>

    <p class='ocr_par' dir='ltr' id='par_1_21' title="bbox 206 3149 1522 3372">
     <span class='ocr_line' id='line_1_33' title="bbox 282 3149 1522 3224; baseline 0.002 -20"><span class='ocrx_word' id='word_1_262' title='bbox 282 3163 326 3212; x_wconf 86' lang='grc' dir='ltr'><strong>1ο.</strong></span> <span class='ocrx_word' id='word_1_263' title='bbox 347 3172 410 3224; x_wconf 75' lang='lat' dir='ltr'><strong><em>exp.</em></strong></span> <span class='ocrx_word' id='word_1_264' title='bbox 431 3155 527 3205; x_wconf 84' lang='lat' dir='ltr'><strong><em>tulisse</em></strong></span> <span class='ocrx_word' id='word_1_265' title='bbox 547 3160 576 3203; x_wconf 87' lang='lat' dir='ltr'><strong><em>te</em></strong></span> <span class='ocrx_word' id='word_1_266' title='bbox 593 3157 634 3203; x_wconf 88' lang='lat' dir='ltr'><strong><em>sis</em></strong></span> <span class='ocrx_word' id='word_1_267' title='bbox 651 3149 818 3221; x_wconf 81' lang='lat' dir='ltr'><strong><em>scriberent]</em></strong></span> <span class='ocrx_word' id='word_1_268' title='bbox 837 3150 884 3204; x_wconf 82' lang='lat' dir='ltr'><strong><em>sic</em></strong></span> <span class='ocrx_word' id='word_1_269' title='bbox 904 3157 1022 3224; x_wconf 59' lang='lat' dir='ltr'><strong><em>scripsi.x</em></strong></span> <span class='ocrx_word' id='word_1_270' title='bbox 1036 3179 1069 3191; x_wconf 92' lang='lat'><em>-</em></span> <span class='ocrx_word' id='word_1_271' title='bbox 1089 3171 1152 3223; x_wconf 73' lang='lat' dir='ltr'><strong><em>exp.</em></strong></span> <span class='ocrx_word' id='word_1_272' title='bbox 1173 3154 1241 3203; x_wconf 84' lang='lat' dir='ltr'><strong><em>talis</em></strong></span> <span class='ocrx_word' id='word_1_273' title='bbox 1258 3157 1381 3204; x_wconf 77' lang='lat' dir='ltr'><strong><em>soteri</em></strong></span> <span class='ocrx_word' id='word_1_274' title='bbox 1398 3155 1522 3206; x_wconf 83' lang='lat' dir='ltr'><strong><em>scribere</em></strong></span> 
     </span>
     <span class='ocr_line' id='line_1_34' title="bbox 206 3225 1521 3299; baseline 0.001 -18"><span class='ocrx_word' id='word_1_275' title='bbox 206 3229 300 3286; x_wconf 80' lang='lat' dir='ltr'><strong><em>Prino.</em></strong></span> <span class='ocrx_word' id='word_1_276' title='bbox 329 3256 367 3271; x_wconf 92' lang='lat'><em>-</em></span> <span class='ocrx_word' id='word_1_277' title='bbox 394 3246 456 3299; x_wconf 75' lang='lat' dir='ltr'><strong><em>esp.</em></strong></span> <span class='ocrx_word' id='word_1_278' title='bbox 477 3227 580 3280; x_wconf 83' lang='lat' dir='ltr'><strong><em>tabuiis</em></strong></span> <span class='ocrx_word' id='word_1_279' title='bbox 597 3235 624 3278; x_wconf 86' lang='lat' dir='ltr'><strong><em>te</em></strong></span> <span class='ocrx_word' id='word_1_280' title='bbox 643 3229 669 3276; x_wconf 89' lang='lat' dir='ltr'><strong><em>ei</em></strong></span> <span class='ocrx_word' id='word_1_281' title='bbox 686 3225 808 3276; x_wconf 80' lang='lat' dir='ltr'><strong><em>seribere</em></strong></span> <span class='ocrx_word' id='word_1_282' title='bbox 833 3225 940 3281; x_wconf 87' lang='lat' dir='ltr'><strong><em>Bersld.</em></strong></span> <span class='ocrx_word' id='word_1_283' title='bbox 967 3255 1004 3269; x_wconf 92' lang='lat'><em>-</em></span> <span class='ocrx_word' id='word_1_284' title='bbox 1031 3245 1094 3297; x_wconf 78' lang='lat' dir='ltr'><strong><em>exp.</em></strong></span> <span class='ocrx_word' id='word_1_285' title='bbox 1106 3228 1204 3298; x_wconf 75' lang='lat' dir='ltr'><strong><em>juisse</em></strong></span> <span class='ocrx_word' id='word_1_286' title='bbox 1223 3247 1241 3277; x_wconf 86' lang='lat' dir='ltr'><em>a</em></span> <span class='ocrx_word' id='word_1_287' title='bbox 1261 3235 1288 3279; x_wconf 85' lang='lat' dir='ltr'><strong><em>te</em></strong></span> <span class='ocrx_word' id='word_1_288' title='bbox 1306 3233 1347 3279; x_wconf 83' lang='lat' dir='ltr'><strong><em>eis</em></strong></span> <span class='ocrx_word' id='word_1_289' title='bbox 1365 3231 1521 3282; x_wconf 74' lang='lat' dir='ltr'><strong><em>scriberent</em></strong></span> 
     </span>
     <span class='ocr_line' id='line_1_35' title="bbox 206 3298 1287 3372; baseline -0.001 -17"><span class='ocrx_word' id='word_1_290' title='bbox 206 3301 269 3360; x_wconf 75' lang='lat' dir='ltr'><strong><em>Ati.</em></strong></span> <span class='ocrx_word' id='word_1_291' title='bbox 290 3301 356 3354; x_wconf 87' lang='lat' dir='ltr'><strong><em>Lod.</em></strong></span> <span class='ocrx_word' id='word_1_292' title='bbox 376 3332 413 3345; x_wconf 89' lang='lat'>—</span> <span class='ocrx_word' id='word_1_293' title='bbox 432 3320 494 3372; x_wconf 77' lang='lat' dir='ltr'><strong><em>esp.</em></strong></span> <span class='ocrx_word' id='word_1_294' title='bbox 515 3302 610 3353; x_wconf 83' lang='lat' dir='ltr'><strong><em>tulisse</em></strong></span> <span class='ocrx_word' id='word_1_295' title='bbox 629 3308 657 3351; x_wconf 86' lang='lat' dir='ltr'><strong><em>te</em></strong></span> <span class='ocrx_word' id='word_1_296' title='bbox 675 3300 730 3350; x_wconf 78' lang='lat' dir='ltr'><strong><em>sibi</em></strong></span> <span class='ocrx_word' id='word_1_297' title='bbox 747 3298 899 3352; x_wconf 80' lang='lat' dir='ltr'><strong><em>seriberent</em></strong></span> <span class='ocrx_word' id='word_1_298' title='bbox 917 3300 1002 3372; x_wconf 76' lang='lat' dir='ltr'><strong><em>Logd.</em></strong></span> <span class='ocrx_word' id='word_1_299' title='bbox 1022 3301 1088 3355; x_wconf 82' lang='lat' dir='ltr'><strong><em>Eoi.</em></strong></span> <span class='ocrx_word' id='word_1_300' title='bbox 1108 3303 1185 3356; x_wconf 84' lang='lat' dir='ltr'><strong><em>Man.</em></strong></span> <span class='ocrx_word' id='word_1_301' title='bbox 1207 3303 1287 3356; x_wconf 83' lang='lat' dir='ltr'><strong><em>Creu.</em></strong></span> 
     </span>
    </p>

    <p class='ocr_par' dir='ltr' id='par_1_22' title="bbox 207 3374 1522 3523">
     <span class='ocr_line' id='line_1_36' title="bbox 285 3374 1522 3442; baseline 0.001 -15"><span class='ocrx_word' id='word_1_302' title='bbox 285 3383 329 3433; x_wconf 85' lang='grc'><strong>11.</strong></span> <span class='ocrx_word' id='word_1_303' title='bbox 348 3377 460 3428; x_wconf 84' lang='lat' dir='ltr'><strong><em>Summa</em></strong></span> <span class='ocrx_word' id='word_1_304' title='bbox 479 3376 627 3427; x_wconf 79' lang='lat' dir='ltr'><strong><em>divisionis</em></strong></span> <span class='ocrx_word' id='word_1_305' title='bbox 645 3377 823 3442; x_wconf 80' lang='lat' dir='ltr'><strong><em>stantionis]</em></strong></span> <span class='ocrx_word' id='word_1_306' title='bbox 844 3375 955 3428; x_wconf 84' lang='lat' dir='ltr'><strong><em>Summa</em></strong></span> <span class='ocrx_word' id='word_1_307' title='bbox 975 3374 1077 3426; x_wconf 85' lang='lat' dir='ltr'><strong><em>divisio</em></strong></span> <span class='ocrx_word' id='word_1_308' title='bbox 1095 3382 1281 3428; x_wconf 79' lang='lat' dir='ltr'><strong><em>accusationis</em></strong></span> <span class='ocrx_word' id='word_1_309' title='bbox 1301 3377 1365 3430; x_wconf 84' lang='lat' dir='ltr'><strong><em>llot.</em></strong></span> <span class='ocrx_word' id='word_1_310' title='bbox 1386 3377 1470 3435; x_wconf 79' lang='lat' dir='ltr'><strong><em>Creu.</em></strong></span> <span class='ocrx_word' id='word_1_311' title='bbox 1484 3401 1522 3417; x_wconf 92' lang='lat'><em>-</em></span> 
     </span>
     <span class='ocr_line' id='line_1_37' title="bbox 207 3450 1369 3523; baseline 0.004 -23"><span class='ocrx_word' id='word_1_312' title='bbox 207 3452 331 3523; x_wconf 55' lang='lat' dir='ltr'><strong><em>,ternu</em></strong></span> <span class='ocrx_word' id='word_1_313' title='bbox 350 3469 455 3503; x_wconf 85' lang='lat' dir='ltr'><strong><em>summa</em></strong></span> <span class='ocrx_word' id='word_1_314' title='bbox 474 3451 621 3502; x_wconf 78' lang='lat' dir='ltr'><strong><em>divisionis</em></strong></span> <span class='ocrx_word' id='word_1_315' title='bbox 638 3457 667 3501; x_wconf 85' lang='lat' dir='ltr'><strong><em>et</em></strong></span> <span class='ocrx_word' id='word_1_316' title='bbox 684 3454 813 3503; x_wconf 82' lang='lat' dir='ltr'><strong><em>aetionis.</em></strong></span> <span class='ocrx_word' id='word_1_317' title='bbox 833 3465 901 3521; x_wconf 84' lang='lat' dir='ltr'><strong><em>quse</em></strong></span> <span class='ocrx_word' id='word_1_318' title='bbox 922 3456 1056 3504; x_wconf 82' lang='lat' dir='ltr'><strong><em>sententis</em></strong></span> <span class='ocrx_word' id='word_1_319' title='bbox 1077 3455 1170 3522; x_wconf 79' lang='lat' dir='ltr'><strong><em>inepta</em></strong></span> <span class='ocrx_word' id='word_1_320' title='bbox 1188 3451 1255 3505; x_wconf 85' lang='lat' dir='ltr'><strong><em>esi.’&#39;</em></strong></span> <span class='ocrx_word' id='word_1_321' title='bbox 1284 3450 1369 3505; x_wconf 83' lang='lat' dir='ltr'><strong><em>tiot&#39;.</em></strong></span> 
     </span>
    </p>

    <p class='ocr_par' dir='ltr' id='par_1_23' title="bbox 282 3524 1171 3594">
     <span class='ocr_line' id='line_1_38' title="bbox 282 3524 1171 3594; baseline 0.002 -17"><span class='ocrx_word' id='word_1_322' title='bbox 282 3529 325 3584; x_wconf 76' lang='lat'><strong><em>¹3·</em></strong></span> <span class='ocrx_word' id='word_1_323' title='bbox 345 3529 444 3593; x_wconf 83' lang='lat' dir='ltr'><strong><em>sartis]</em></strong></span> <span class='ocrx_word' id='word_1_324' title='bbox 466 3528 533 3579; x_wconf 87' lang='lat' dir='ltr'><strong><em>Lod.</em></strong></span> <span class='ocrx_word' id='word_1_325' title='bbox 552 3541 579 3578; x_wconf 88' lang='lat' dir='ltr'><strong><em>et</em></strong></span> <span class='ocrx_word' id='word_1_326' title='bbox 600 3542 674 3594; x_wconf 89' lang='lat' dir='ltr'><strong><em>seqq.</em></strong></span> <span class='ocrx_word' id='word_1_327' title='bbox 694 3551 730 3565; x_wconf 92' lang='lat'><em>-</em></span> <span class='ocrx_word' id='word_1_328' title='bbox 749 3530 853 3576; x_wconf 78' lang='lat' dir='ltr'><strong><em>sanetis</em></strong></span> <span class='ocrx_word' id='word_1_329' title='bbox 872 3526 963 3579; x_wconf 85' lang='lat' dir='ltr'><strong><em>Priuc.</em></strong></span> <span class='ocrx_word' id='word_1_330' title='bbox 984 3524 1093 3580; x_wconf 86' lang='lat' dir='ltr'><strong><em>Berald.</em></strong></span> <span class='ocrx_word' id='word_1_331' title='bbox 1113 3524 1171 3579; x_wconf 78' lang='lat' dir='ltr'><strong><em>sid.</em></strong></span> 
     </span>
    </p>

    <p class='ocr_par' dir='ltr' id='par_1_24' title="bbox 281 3597 1311 3673">
     <span class='ocr_line' id='line_1_39' title="bbox 281 3597 1311 3673; baseline -0.003 -17"><span class='ocrx_word' id='word_1_332' title='bbox 281 3601 326 3657; x_wconf 74' lang='grc'><strong>10.</strong></span> <span class='ocrx_word' id='word_1_333' title='bbox 349 3604 508 3672; x_wconf 84' lang='lat' dir='ltr'><strong><em>Auspicnri]</em></strong></span> <span class='ocrx_word' id='word_1_334' title='bbox 536 3597 619 3671; x_wconf 76' lang='lat' dir='ltr'><strong><em>Lugd.</em></strong></span> <span class='ocrx_word' id='word_1_335' title='bbox 643 3601 704 3650; x_wconf 83' lang='lat' dir='ltr'><strong><em>iiot.</em></strong></span> <span class='ocrx_word' id='word_1_336' title='bbox 725 3599 801 3651; x_wconf 83' lang='lat' dir='ltr'><strong><em>Mau.</em></strong></span> <span class='ocrx_word' id='word_1_337' title='bbox 822 3601 903 3652; x_wconf 86' lang='lat' dir='ltr'><strong><em>Creu.</em></strong></span> <span class='ocrx_word' id='word_1_338' title='bbox 923 3629 960 3646; x_wconf 78' lang='grc' dir='ltr'><strong><em>ι-</em></strong></span> <span class='ocrx_word' id='word_1_339' title='bbox 978 3619 1047 3652; x_wconf 85' lang='lat' dir='ltr'><strong><em>aves</em></strong></span> <span class='ocrx_word' id='word_1_340' title='bbox 1063 3618 1179 3671; x_wconf 83' lang='lat' dir='ltr'><strong><em>pascere</em></strong></span> <span class='ocrx_word' id='word_1_341' title='bbox 1197 3605 1311 3673; x_wconf 84' lang='lat' dir='ltr'><strong><em>priores.</em></strong></span> 
     </span>
    </p>

    <p class='ocr_par' dir='ltr' id='par_1_25' title="bbox 281 3673 1201 3747">
     <span class='ocr_line' id='line_1_40' title="bbox 281 3673 1201 3747; baseline 0.001 -18"><span class='ocrx_word' id='word_1_342' title='bbox 281 3673 352 3729; x_wconf 83' lang='lat' dir='ltr'><strong><em>ibid.</em></strong></span> <span class='ocrx_word' id='word_1_343' title='bbox 372 3678 512 3747; x_wconf 82' lang='lat' dir='ltr'><strong><em>inermies]</em></strong></span> <span class='ocrx_word' id='word_1_344' title='bbox 534 3673 591 3728; x_wconf 78' lang='lat' dir='ltr'><strong><em>sid.</em></strong></span> <span class='ocrx_word' id='word_1_345' title='bbox 612 3688 638 3726; x_wconf 85' lang='lat' dir='ltr'><strong><em>ei</em></strong></span> <span class='ocrx_word' id='word_1_346' title='bbox 657 3689 733 3742; x_wconf 87' lang='lat' dir='ltr'><strong><em>seqq.</em></strong></span> <span class='ocrx_word' id='word_1_347' title='bbox 752 3701 789 3715; x_wconf 93' lang='lat'>—</span> <span class='ocrx_word' id='word_1_348' title='bbox 808 3674 847 3724; x_wconf 82' lang='lat' dir='ltr'><strong><em>Hi</em></strong></span> <span class='ocrx_word' id='word_1_349' title='bbox 865 3683 960 3725; x_wconf 84' lang='lat' dir='ltr'><strong><em>euntes</em></strong></span> <span class='ocrx_word' id='word_1_350' title='bbox 979 3676 1070 3738; x_wconf 80' lang='lat' dir='ltr'><strong><em>Primo.</em></strong></span> <span class='ocrx_word' id='word_1_351' title='bbox 1092 3674 1201 3739; x_wconf 79' lang='lat' dir='ltr'><strong><em>Berald.</em></strong></span> 
     </span>
    </p>

    <p class='ocr_par' dir='ltr' id='par_1_26' title="bbox 205 3745 1519 3954">
     <span class='ocr_line' id='line_1_41' title="bbox 281 3745 1519 3824; baseline 0.001 -23"><span class='ocrx_word' id='word_1_352' title='bbox 281 3754 325 3806; x_wconf 84' lang='grc'><strong>15.</strong></span> <span class='ocrx_word' id='word_1_353' title='bbox 345 3759 373 3802; x_wconf 87' lang='lat' dir='ltr'><strong><em>et</em></strong></span> <span class='ocrx_word' id='word_1_354' title='bbox 391 3756 455 3822; x_wconf 82' lang='lat' dir='ltr'><strong><em>quia</em></strong></span> <span class='ocrx_word' id='word_1_355' title='bbox 474 3749 613 3815; x_wconf 75' lang='lat' dir='ltr'><strong><em>chelidon,</em></strong></span> <span class='ocrx_word' id='word_1_356' title='bbox 631 3746 663 3797; x_wconf 86' lang='lat' dir='ltr'><strong><em>id</em></strong></span> <span class='ocrx_word' id='word_1_357' title='bbox 679 3755 737 3813; x_wconf 87' lang='lat' dir='ltr'><strong><em>est,</em></strong></span> <span class='ocrx_word' id='word_1_358' title='bbox 759 3745 891 3821; x_wconf 71' lang='lat' dir='ltr'><strong><em>diruendo]</em></strong></span> <span class='ocrx_word' id='word_1_359' title='bbox 911 3750 978 3803; x_wconf 87' lang='lat' dir='ltr'><strong><em>Lod.</em></strong></span> <span class='ocrx_word' id='word_1_360' title='bbox 999 3766 1026 3803; x_wconf 90' lang='lat' dir='ltr'><strong><em>et</em></strong></span> <span class='ocrx_word' id='word_1_361' title='bbox 1046 3768 1118 3824; x_wconf 90' lang='lat' dir='ltr'><strong><em>seqq.</em></strong></span> <span class='ocrx_word' id='word_1_362' title='bbox 1140 3779 1173 3792; x_wconf 89' lang='lat'>-</span> <span class='ocrx_word' id='word_1_363' title='bbox 1194 3758 1222 3803; x_wconf 87' lang='lat' dir='ltr'><strong><em>et</em></strong></span> <span class='ocrx_word' id='word_1_364' title='bbox 1240 3753 1286 3821; x_wconf 86' lang='lat' dir='ltr'><strong><em>qni</em></strong></span> <span class='ocrx_word' id='word_1_365' title='bbox 1304 3747 1456 3801; x_wconf 79' lang='lat' dir='ltr'><strong><em>chelidonis</em></strong></span> <span class='ocrx_word' id='word_1_366' title='bbox 1474 3758 1519 3802; x_wconf 83' lang='lat' dir='ltr'><strong><em>est</em></strong></span> 
     </span>
     <span class='ocr_line' id='line_1_42' title="bbox 205 3819 1518 3895; baseline 0.002 -20"><span class='ocrx_word' id='word_1_367' title='bbox 205 3819 324 3877; x_wconf 70' lang='lat' dir='ltr'><strong><em>diruendo</em></strong></span> <span class='ocrx_word' id='word_1_368' title='bbox 338 3827 429 3881; x_wconf 84' lang='lat' dir='ltr'><strong><em>Princ.</em></strong></span> <span class='ocrx_word' id='word_1_369' title='bbox 444 3824 549 3879; x_wconf 77' lang='lat' dir='ltr'><strong><em>Bersld.</em></strong></span> <span class='ocrx_word' id='word_1_370' title='bbox 563 3854 598 3867; x_wconf 88' lang='lat'>-</span> <span class='ocrx_word' id='word_1_371' title='bbox 611 3827 673 3890; x_wconf 76' lang='lat' dir='ltr'><strong><em>qesta</em></strong></span> <span class='ocrx_word' id='word_1_372' title='bbox 693 3829 721 3872; x_wconf 83' lang='lat' dir='ltr'><strong><em>st</em></strong></span> <span class='ocrx_word' id='word_1_373' title='bbox 738 3820 877 3890; x_wconf 60' lang='lat' dir='ltr'><strong><em>chidon,</em></strong></span> <span class='ocrx_word' id='word_1_374' title='bbox 897 3823 929 3877; x_wconf 84' lang='lat' dir='ltr'><strong><em>id</em></strong></span> <span class='ocrx_word' id='word_1_375' title='bbox 945 3832 990 3875; x_wconf 82' lang='lat' dir='ltr'><strong><em>est</em></strong></span> <span class='ocrx_word' id='word_1_376' title='bbox 1008 3824 1127 3878; x_wconf 80' lang='lat' dir='ltr'><strong><em>hirundo</em></strong></span> <span class='ocrx_word' id='word_1_377' title='bbox 1142 3823 1200 3881; x_wconf 74' lang='lat' dir='ltr'><strong><em>ild.</em></strong></span> <span class='ocrx_word' id='word_1_378' title='bbox 1220 3854 1258 3868; x_wconf 89' lang='lat'><em>-</em></span> <span class='ocrx_word' id='word_1_379' title='bbox 1276 3822 1368 3895; x_wconf 79' lang='lat' dir='ltr'><strong><em>,vide</em></strong></span> <span class='ocrx_word' id='word_1_380' title='bbox 1383 3829 1518 3878; x_wconf 75' lang='lat' dir='ltr'><strong><em>Antonio.</em></strong></span> 
     </span>
     <span class='ocr_line' id='line_1_43' title="bbox 205 3896 702 3954; baseline 0.002 -4"><span class='ocrx_word' id='word_1_381' title='bbox 205 3896 324 3953; x_wconf 84' lang='lat' dir='ltr'><strong><em>Liberal.</em></strong></span> <span class='ocrx_word' id='word_1_382' title='bbox 345 3916 455 3953; x_wconf 84' lang='lat' dir='ltr'><strong><em>metam.</em></strong></span> <span class='ocrx_word' id='word_1_383' title='bbox 477 3900 545 3954; x_wconf 83' lang='lat' dir='ltr'><strong><em>Xl.”</em></strong></span> <span class='ocrx_word' id='word_1_384' title='bbox 571 3896 702 3953; x_wconf 73' lang='lat' dir='ltr'><strong><em>Ginai.</em></strong></span> 
     </span>
    </p>

    <p class='ocr_par' dir='ltr' id='par_1_27' title="bbox 282 3970 1060 4045">
     <span class='ocr_line' id='line_1_44' title="bbox 282 3970 1060 4045; baseline -0.006 -16"><span class='ocrx_word' id='word_1_385' title='bbox 282 3978 325 4034; x_wconf 82' lang='lat'><strong><em>16.</em></strong></span> <span class='ocrx_word' id='word_1_386' title='bbox 338 3975 451 4045; x_wconf 63' lang='lat' dir='ltr'><strong><em>facete]</em></strong></span> <span class='ocrx_word' id='word_1_387' title='bbox 484 3972 550 4026; x_wconf 88' lang='lat' dir='ltr'><strong><em>Lod.</em></strong></span> <span class='ocrx_word' id='word_1_388' title='bbox 570 3989 597 4026; x_wconf 83' lang='lat' dir='ltr'><strong><em>st</em></strong></span> <span class='ocrx_word' id='word_1_389' title='bbox 618 3988 692 4041; x_wconf 85' lang='lat' dir='ltr'><strong><em>seqq.</em></strong></span> <span class='ocrx_word' id='word_1_390' title='bbox 715 4001 746 4014; x_wconf 94' lang='lat'>-</span> <span class='ocrx_word' id='word_1_391' title='bbox 760 3970 864 4042; x_wconf 82' lang='lat' dir='ltr'><strong><em>facere</em></strong></span> <span class='ocrx_word' id='word_1_392' title='bbox 883 3977 1060 4045; x_wconf 81' lang='lat' dir='ltr'><strong><em>antiquiores.</em></strong></span> 
     </span>
    </p>

    <p class='ocr_par' dir='ltr' id='par_1_28' title="bbox 204 4047 1519 4271">
     <span class='ocr_line' id='line_1_45' title="bbox 283 4047 1519 4120; baseline -0.006 -15"><span class='ocrx_word' id='word_1_393' title='bbox 283 4053 400 4105; x_wconf 77' lang='lat' dir='ltr'><strong><em>iti-to.</em></strong></span> <span class='ocrx_word' id='word_1_394' title='bbox 420 4050 502 4101; x_wconf 85' lang='lat' dir='ltr'><strong><em>More</em></strong></span> <span class='ocrx_word' id='word_1_395' title='bbox 520 4058 646 4101; x_wconf 83' lang='lat' dir='ltr'><strong><em>veterum</em></strong></span> <span class='ocrx_word' id='word_1_396' title='bbox 665 4076 684 4091; x_wconf 86' lang='lat'><strong>·</strong></span> <span class='ocrx_word' id='word_1_397' title='bbox 702 4076 720 4088; x_wconf 93' lang='lat'>-</span> <span class='ocrx_word' id='word_1_398' title='bbox 740 4078 759 4090; x_wconf 93' lang='lat'>-</span> <span class='ocrx_word' id='word_1_399' title='bbox 776 4047 961 4116; x_wconf 80' lang='lat' dir='ltr'><strong><em>vocabantur]</em></strong></span> <span class='ocrx_word' id='word_1_400' title='bbox 1000 4049 1075 4100; x_wconf 82' lang='lat' dir='ltr'><strong><em>llaec</em></strong></span> <span class='ocrx_word' id='word_1_401' title='bbox 1104 4047 1202 4111; x_wconf 79' lang='lat' dir='ltr'><strong><em>verbs,</em></strong></span> <span class='ocrx_word' id='word_1_402' title='bbox 1233 4051 1384 4120; x_wconf 78' lang='lat' dir='ltr'><strong><em>proconisso</em></strong></span> <span class='ocrx_word' id='word_1_403' title='bbox 1414 4049 1519 4099; x_wconf 82' lang='lat' dir='ltr'><strong><em>iterum</em></strong></span> 
     </span>
     <span class='ocr_line' id='line_1_46' title="bbox 204 4119 1519 4199; baseline 0 -23"><span class='ocrx_word' id='word_1_404' title='bbox 204 4119 335 4176; x_wconf 81' lang='lat' dir='ltr'><strong><em>lemmate</em></strong></span> <span class='ocrx_word' id='word_1_405' title='bbox 354 4126 449 4196; x_wconf 75' lang='lat' dir='ltr'><strong><em>Neque</em></strong></span> <span class='ocrx_word' id='word_1_406' title='bbox 467 4142 565 4199; x_wconf 73' lang='lat' dir='ltr'><strong><em>spissus</em></strong></span> <span class='ocrx_word' id='word_1_407' title='bbox 583 4130 669 4186; x_wconf 80' lang='lat' dir='ltr'><strong><em>esset,</em></strong></span> <span class='ocrx_word' id='word_1_408' title='bbox 697 4120 822 4192; x_wconf 80' lang='lat' dir='ltr'><strong><em>leguntur</em></strong></span> <span class='ocrx_word' id='word_1_409' title='bbox 847 4119 915 4173; x_wconf 80' lang='lat' dir='ltr'><strong><em>inies</em></strong></span> <span class='ocrx_word' id='word_1_410' title='bbox 938 4137 1001 4194; x_wconf 86' lang='lat' dir='ltr'><strong><em>post</em></strong></span> <span class='ocrx_word' id='word_1_411' title='bbox 1027 4122 1106 4176; x_wconf 79' lang='lat' dir='ltr'><strong><em>verbs</em></strong></span> <span class='ocrx_word' id='word_1_412' title='bbox 1128 4123 1281 4194; x_wconf 80' lang='lat' dir='ltr'><strong><em>pubiiciqus</em></strong></span> <span class='ocrx_word' id='word_1_413' title='bbox 1299 4123 1396 4175; x_wconf 85' lang='lat' dir='ltr'><strong><em>iudicii</em></strong></span> <span class='ocrx_word' id='word_1_414' title='bbox 1426 4121 1475 4189; x_wconf 80' lang='lat' dir='ltr'><strong><em>(sd</em></strong></span> <span class='ocrx_word' id='word_1_415' title='bbox 1495 4124 1519 4191; x_wconf 84' lang='lat'><strong><em>§.</em></strong></span> 
     </span>
     <span class='ocr_line' id='line_1_47' title="bbox 206 4194 1024 4271; baseline -0.002 -22"><span class='ocrx_word' id='word_1_416' title='bbox 206 4201 269 4256; x_wconf 75' lang='lat'><strong><em>109.</em></strong></span> <span class='ocrx_word' id='word_1_417' title='bbox 290 4215 351 4271; x_wconf 74' lang='lat' dir='ltr'><strong><em>paq.</em></strong></span> <span class='ocrx_word' id='word_1_418' title='bbox 371 4204 414 4258; x_wconf 77' lang='lat'><strong><em>75.</em></strong></span> <span class='ocrx_word' id='word_1_419' title='bbox 435 4199 512 4266; x_wconf 79' lang='lat' dir='ltr'><strong><em>Hos.)</em></strong></span> <span class='ocrx_word' id='word_1_420' title='bbox 532 4203 560 4252; x_wconf 90' lang='lat' dir='ltr'><strong><em>in</em></strong></span> <span class='ocrx_word' id='word_1_421' title='bbox 580 4199 673 4250; x_wconf 82' lang='lat' dir='ltr'><strong><em>Prius.</em></strong></span> <span class='ocrx_word' id='word_1_422' title='bbox 693 4194 801 4251; x_wconf 79' lang='lat' dir='ltr'><strong><em>Beseld.</em></strong></span> <span class='ocrx_word' id='word_1_423' title='bbox 824 4195 884 4251; x_wconf 81' lang='lat' dir='ltr'><strong><em>ald.</em></strong></span> <span class='ocrx_word' id='word_1_424' title='bbox 900 4195 964 4251; x_wconf 85' lang='lat' dir='ltr'><strong><em>Lod.</em></strong></span> <span class='ocrx_word' id='word_1_425' title='bbox 990 4232 993 4238; x_wconf 88' lang='lat'>-</span> <span class='ocrx_word' id='word_1_426' title='bbox 1022 4244 1024 4248; x_wconf 85' lang='lat'><strong><em>.</em></strong></span> 
     </span>
    </p>

    <p class='ocr_par' dir='ltr' id='par_1_29' title="bbox 283 4267 1225 4341">
     <span class='ocr_line' id='line_1_48' title="bbox 283 4267 1225 4341; baseline 0 -16"><span class='ocrx_word' id='word_1_427' title='bbox 283 4275 327 4330; x_wconf 82' lang='grc'><strong>19.</strong></span> <span class='ocrx_word' id='word_1_428' title='bbox 347 4274 443 4341; x_wconf 86' lang='lat' dir='ltr'><strong><em>More]</em></strong></span> <span class='ocrx_word' id='word_1_429' title='bbox 477 4275 566 4326; x_wconf 79' lang='lat' dir='ltr'><strong><em>Prius.</em></strong></span> <span class='ocrx_word' id='word_1_430' title='bbox 586 4267 692 4324; x_wconf 83' lang='lat' dir='ltr'><strong><em>Berald.</em></strong></span> <span class='ocrx_word' id='word_1_431' title='bbox 714 4269 777 4324; x_wconf 75' lang='lat' dir='ltr'><strong><em>ild.</em></strong></span> <span class='ocrx_word' id='word_1_432' title='bbox 799 4269 864 4323; x_wconf 91' lang='lat' dir='ltr'><strong><em>Lod.</em></strong></span> <span class='ocrx_word' id='word_1_433' title='bbox 884 4301 922 4314; x_wconf 93' lang='lat'><em>-</em></span> <span class='ocrx_word' id='word_1_434' title='bbox 940 4271 1016 4323; x_wconf 81' lang='lat' dir='ltr'><strong><em>Nam</em></strong></span> <span class='ocrx_word' id='word_1_435' title='bbox 1034 4290 1110 4323; x_wconf 87' lang='lat' dir='ltr'><strong><em>mors</em></strong></span> <span class='ocrx_word' id='word_1_436' title='bbox 1130 4276 1225 4326; x_wconf 87' lang='lat' dir='ltr'><strong><em>ceteri.</em></strong></span> 
     </span>
    </p>

    <p class='ocr_par' dir='ltr' id='par_1_30' title="bbox 204 4335 929 4419">
     <span class='ocr_line' id='line_1_49' title="bbox 204 4335 929 4419; baseline -0.004 -18"><span class='ocrx_word' id='word_1_437' title='bbox 204 4335 208 4351; x_wconf 67' lang='lat'>&#39;</span> <span class='ocrx_word' id='word_1_438' title='bbox 281 4346 353 4402; x_wconf 84' lang='lat' dir='ltr'><strong><em>lbid.</em></strong></span> <span class='ocrx_word' id='word_1_439' title='bbox 372 4350 461 4400; x_wconf 75' lang='lat' dir='ltr'><strong><em>mittin</em></strong></span> <span class='ocrx_word' id='word_1_440' title='bbox 477 4346 573 4419; x_wconf 76' lang='lat' dir='ltr'><strong><em>prof]</em></strong></span> <span class='ocrx_word' id='word_1_441' title='bbox 606 4347 695 4398; x_wconf 77' lang='lat' dir='ltr'><strong><em>miliia</em></strong></span> <span class='ocrx_word' id='word_1_442' title='bbox 712 4349 743 4396; x_wconf 77' lang='lat' dir='ltr'><strong><em>iss</em></strong></span> <span class='ocrx_word' id='word_1_443' title='bbox 759 4344 840 4415; x_wconf 82' lang='lat' dir='ltr'><strong><em>pros.</em></strong></span> <span class='ocrx_word' id='word_1_444' title='bbox 861 4345 929 4402; x_wconf 84' lang='lat' dir='ltr'><strong><em>Lod.</em></strong></span> 
     </span>
    </p>

    <p class='ocr_par' dir='ltr' id='par_1_31' title="bbox 280 4424 1047 4495">
     <span class='ocr_line' id='line_1_50' title="bbox 280 4424 1047 4495; baseline -0.003 -20"><span class='ocrx_word' id='word_1_445' title='bbox 280 4430 326 4479; x_wconf 79' lang='lat'><strong><em>21.</em></strong></span> <span class='ocrx_word' id='word_1_446' title='bbox 345 4424 454 4495; x_wconf 82' lang='lat' dir='ltr'><strong><em>census]</em></strong></span> <span class='ocrx_word' id='word_1_447' title='bbox 472 4441 569 4479; x_wconf 75' lang='lat' dir='ltr'><strong><em>senem</em></strong></span> <span class='ocrx_word' id='word_1_448' title='bbox 588 4424 680 4476; x_wconf 82' lang='lat' dir='ltr'><strong><em>Prius.</em></strong></span> <span class='ocrx_word' id='word_1_449' title='bbox 1044 4446 1047 4450; x_wconf 49' lang='lat'><strong>⁴</strong></span> 
     </span>
    </p>

    <p class='ocr_par' dir='ltr' id='par_1_32' title="bbox 281 4490 1415 4569">
     <span class='ocr_line' id='line_1_51' title="bbox 281 4490 1415 4569; baseline -0.005 -16"><span class='ocrx_word' id='word_1_450' title='bbox 281 4504 326 4555; x_wconf 81' lang='lat'><strong><em>22.</em></strong></span> <span class='ocrx_word' id='word_1_451' title='bbox 346 4497 440 4569; x_wconf 80' lang='lat' dir='ltr'><strong><em>dives]</em></strong></span> <span class='ocrx_word' id='word_1_452' title='bbox 471 4497 517 4550; x_wconf 86' lang='lat' dir='ltr'><strong><em>Sto</em></strong></span> <span class='ocrx_word' id='word_1_453' title='bbox 537 4512 664 4566; x_wconf 83' lang='lat' dir='ltr'><strong><em>corrupte</em></strong></span> <span class='ocrx_word' id='word_1_454' title='bbox 684 4496 776 4547; x_wconf 87' lang='lat' dir='ltr'><strong><em>Princ.</em></strong></span> <span class='ocrx_word' id='word_1_455' title='bbox 796 4493 901 4548; x_wconf 78' lang='lat' dir='ltr'><strong><em>Besald.</em></strong></span> <span class='ocrx_word' id='word_1_456' title='bbox 922 4490 980 4548; x_wconf 83' lang='lat' dir='ltr'><strong><em>Ald.</em></strong></span> <span class='ocrx_word' id='word_1_457' title='bbox 1003 4490 1066 4546; x_wconf 89' lang='lat' dir='ltr'><strong><em>lod.</em></strong></span> <span class='ocrx_word' id='word_1_458' title='bbox 1087 4523 1123 4538; x_wconf 92' lang='lat'><em>-</em></span> <span class='ocrx_word' id='word_1_459' title='bbox 1142 4492 1212 4544; x_wconf 85' lang='lat' dir='ltr'><strong><em>iliud</em></strong></span> <span class='ocrx_word' id='word_1_460' title='bbox 1228 4503 1301 4546; x_wconf 81' lang='lat' dir='ltr'><strong><em>esset</em></strong></span> <span class='ocrx_word' id='word_1_461' title='bbox 1319 4499 1415 4548; x_wconf 86' lang='lat' dir='ltr'><strong><em>ceteri.</em></strong></span> 
     </span>
    </p>

    <p class='ocr_par' dir='ltr' id='par_1_33' title="bbox 281 4567 1238 4640">
     <span class='ocr_line' id='line_1_52' title="bbox 281 4567 1238 4640; baseline -0.003 -13"><span class='ocrx_word' id='word_1_462' title='bbox 281 4577 326 4632; x_wconf 80' lang='lat'><strong><em>23.</em></strong></span> <span class='ocrx_word' id='word_1_463' title='bbox 345 4573 481 4640; x_wconf 83' lang='lat' dir='ltr'><strong><em>tenditur]</em></strong></span> <span class='ocrx_word' id='word_1_464' title='bbox 504 4575 595 4625; x_wconf 83' lang='lat' dir='ltr'><strong><em>Princ.</em></strong></span> <span class='ocrx_word' id='word_1_465' title='bbox 615 4567 722 4624; x_wconf 83' lang='lat' dir='ltr'><strong><em>Borsld.</em></strong></span> <span class='ocrx_word' id='word_1_466' title='bbox 743 4567 801 4623; x_wconf 75' lang='lat' dir='ltr'><strong><em>did.</em></strong></span> <span class='ocrx_word' id='word_1_467' title='bbox 824 4568 889 4624; x_wconf 83' lang='lat' dir='ltr'><strong><em>iod.</em></strong></span> <span class='ocrx_word' id='word_1_468' title='bbox 911 4599 944 4610; x_wconf 94' lang='lat'><em>-</em></span> <span class='ocrx_word' id='word_1_469' title='bbox 963 4568 1123 4622; x_wconf 74' lang='lat' dir='ltr'><strong><em>extenditur</em></strong></span> <span class='ocrx_word' id='word_1_470' title='bbox 1142 4572 1238 4624; x_wconf 82' lang='lat' dir='ltr'><strong><em>ceteri.</em></strong></span> 
     </span>
    </p>

    <p class='ocr_par' dir='ltr' id='par_1_34' title="bbox 281 4642 962 4715">
     <span class='ocr_line' id='line_1_53' title="bbox 281 4642 962 4715; baseline 0.003 -18"><span class='ocrx_word' id='word_1_471' title='bbox 281 4650 328 4703; x_wconf 74' lang='lat'><strong><em>2⁹1.</em></strong></span> <span class='ocrx_word' id='word_1_472' title='bbox 352 4650 398 4698; x_wconf 82' lang='lat' dir='ltr'><strong><em>Ass</em></strong></span> <span class='ocrx_word' id='word_1_473' title='bbox 416 4651 551 4715; x_wconf 83' lang='lat' dir='ltr'><strong><em>tentatus]</em></strong></span> <span class='ocrx_word' id='word_1_474' title='bbox 581 4663 634 4698; x_wconf 89' lang='lat' dir='ltr'><strong><em>om.</em></strong></span> <span class='ocrx_word' id='word_1_475' title='bbox 657 4643 875 4699; x_wconf 68' lang='lat' dir='ltr'><strong><em>persensisti.</em></strong></span> <span class='ocrx_word' id='word_1_476' title='bbox 902 4642 962 4701; x_wconf 74' lang='grc' dir='ltr'><strong>ΛΜ.</strong></span> 
     </span>
    </p>

    <p class='ocr_par' dir='ltr' id='par_1_35' title="bbox 280 4716 757 4795">
     <span class='ocr_line' id='line_1_54' title="bbox 280 4716 757 4795; baseline -0.008 -17"><span class='ocrx_word' id='word_1_477' title='bbox 280 4719 351 4779; x_wconf 81' lang='lat' dir='ltr'><strong><em>ibid.</em></strong></span> <span class='ocrx_word' id='word_1_478' title='bbox 369 4723 456 4795; x_wconf 81' lang='lat' dir='ltr'><strong><em>scire]</em></strong></span> <span class='ocrx_word' id='word_1_479' title='bbox 482 4727 567 4775; x_wconf 79' lang='lat' dir='ltr'><strong><em>sciret</em></strong></span> <span class='ocrx_word' id='word_1_480' title='bbox 587 4723 679 4778; x_wconf 79' lang='lat' dir='ltr'><strong><em>Prius.</em></strong></span> <span class='ocrx_word' id='word_1_481' title='bbox 698 4716 757 4775; x_wconf 72' lang='grc' dir='ltr'><strong>ΑΜ.</strong></span> 
     </span>
    </p>
   </div>
   <div class='ocr_carea' id='block_1_7' title="bbox 0 0 1620 5280">
    <p class='ocr_par' dir='ltr' id='par_1_36' title="bbox 0 0 1620 5280">
     <span class='ocr_line' id='line_1_55' title="bbox 0 0 1620 5280; baseline 0 0"><span class='ocrx_word' id='word_1_482' title='bbox 0 0 1620 5280; x_wconf 95' lang='lat' dir='ltr'><strong><em> </em></strong></span> 
     </span>
    </p>
   </div>
  </div>
 </body>
</html>
