3210 5280
167 177 228 244 256
582 182 792 252 SGHOLIA.
809 183 1058 250 BOBIENSIA

166 317 220 382 alii
240 338 320 383 vero
344 339 362 383 a
385 319 509 385 Latinis
530 321 655 405 priscis.
697 324 804 407 Atque
825 321 907 387 inter
926 324 986 387 hos
1004 322 1094 405 ipsos
1116 342 1208 386 censa
1232 319 1382 389 saeuiticii
1408 342 1470 387 non

166 412 328 482 convenit.
383 415 464 477 Nam
495 415 619 497 quidam
653 415 683 479 id
711 415 841 479 initum¹
883 438 922 479 ex
952 415 1105 499 imperato
1135 415 1237 481 Fauni
1266 417 1471 481 contendunt.

166 502 320 567 Nonnulli
343 517 417 586 post
441 506 559 570 obitum
582 507 688 571 Latini
710 508 795 593 regis
816 521 850 572 et
871 510 1018 584 Aeneae,
1053 511 1140 591 quod
1165 509 1187 571 ii
1209 530 1362 594 nusquam
1383 529 1471 573 eom·

165 610 334 678 paruerant
344 600 369 662 ².
413 600 524 681 ltaque
545 598 621 680 ipsis
643 602 752 665 dicbus
773 599 845 667 ideo
867 602 1012 666 oscillare
1032 601 1252 677 instituerunt,
1275 614 1309 665 ut
1329 603 1472 685 pendul'u

142 689 314 753 emachinis
337 691 549 775 agitarentur,
573 692 718 778 quoniam
735 716 842 758 corum
866 716 983 777 corpus
1004 694 1034 757 iu
1057 694 1150 758 terris
1173 716 1236 758 non
1259 706 1341 758 esset
1362 714 1472 778 reper-

167 792 253 856 tum,
276 795 310 844 ut
334 783 452 848 animae
474 784 604 848 velutin
628 790 702 849 atire
715 798 954 872 quaererentur.
999 789 1161 851 Feriarum
1174 787 1359 850 Latinarum
1375 786 1472 851 sacri·

96 948 98 953 ¹
168 876 224 955 [Ρ.
248 871 437 959 toulfieio
460 879 583 944 solebat
605 880 666 942 hnc
692 878 876 953 observari,
903 891 937 940 ut
964 879 1089 943 hostia³
1121 878 1264 943 civitates
1295 880 1470 944 adiacentes

165 964 389 1050 portiunlculas
417 974 520 1036 carnis
547 972 724 1055 acciperent
760 993 801 1034 ex
828 973 955 1036 Albano
985 982 1091 1036 monte
1120 976 1290 1037 secundum
1330 985 1471 1038 veterem

166 1061 434 1142 superstitionem.
478 1067 599 1129 Verum
627 1078 688 1128 tam
714 1064 860 1151 exiguum
883 1065 915 1129 iu
939 1063 1001 1127 illis
1022 1064 1202 1129 civitatibus
1227 1086 1391 1130 numerum
1411 1068 1470 1130 ho·

122 1152 281 1216 lominum
297 1154 471 1240 significat,
493 1169 529 1220 ut
543 1157 644 1222 desint
665 1157 757 1223 etiam
779 1157 833 1244 qui
854 1179 978 1222 carnem
1003 1156 1136 1240 petitum
1159 1161 1198 1223 de
1222 1155 1368 1223 sollemni
1382 1178 1469 1223 ruore

166 1245 340 1312 mittantur.

240 1363 277 1444 3.
305 1370 572 1473 Adiungamus,
609 1377 641 1449 si
666 1377 744 1473 vis,
781 1375 819 1450 id
852 1375 951 1476 quod
983 1385 1023 1448 tu
1055 1373 1138 1449 huic
1165 1375 1321 1451 obesse⁸
1360 1377 1466 1452 etiam

164 1490 291 1578 putas,
317 1494 459 1581 patrem
485 1486 728 1584 publicanum.

249 1601 413 1664 'l'ransitus
434 1603 471 1665 lit
493 1606 532 1666 ad
554 1604 835 1688 quaestiunculam,
860 1615 921 1687 qua'
944 1600 1099 1664 humilitas
1121 1600 1246 1686 generis
1269 1600 1466 1667 obiciebatur

97 1690 317 1769 '¹⁵Plancio,
347 1695 401 1757 ut⁵
430 1717 465 1759 ea
491 1710 625 1780 propter
650 1697 801 1783 elargitus
825 1693 987 1777 pecuniam
1011 1695 1190 1772 videretur,
1220 1692 1370 1778 quoniam
1392 1716 1466 1760 eon·

164 1784 254 1868 sequi
281 1785 466 1852 aedilitatem
496 1789 630 1855 familiae
660 1811 734 1854 suae
761 1788 909 1874 dignitate
947 1809 1010 1851 nou
1042 1797 1164 1871 posset.
1220 1786 1467 1851 Publicanorum

117 1956 119 1960 μ
163 1873 268 1961 itaque
290 1879 413 1945 Tullius
436 1880 575 1947 ordinem
598 1881 775 1948 necessario
798 1879 932 1958 adserit,
957 1879 1011 1966 qui
1035 1891 1109 1945 tuno
1132 1901 1173 1946 ex
1197 1878 1337 1967 equestri
1359 1879 1466 1945 ordine

166 1971 355 2036 accedebant
377 1976 415 2037 ad
437 1974 638 2061 vectigaliun
661 1975 920 2057 redemptionem.

122 2112 155 2160 ²⁰
241 2089 278 2170 4.
306 2098 413 2198 Quod
439 2099 551 2174 fuerit
575 2102 813 2200 publicanus,
839 2098 900 2173 vel
926 2100 1024 2200 quod
1050 2101 1096 2174 ah
1123 2100 1235 2174 sociis
1262 2068 1466 2173 unioodili·

164 2210 337 2308 gebatur,
371 2210 432 2284 vel
457 2212 857 2316 quod-dlligentissime
882 2205 1057 2312 rogabat,
1093 2212 1154 2286 vel
1186 2212 1272 2310 quia
1296 2235 1368 2309 pro
1392 2209 1465 2284 filio

163 2321 405 2419 supplicabat.

247 2437 428 2504 Cumulavit
450 2437 581 2524 gratiam
603 2436 806 2524 suffragantis
828 2441 867 2502 de
894 2449 1026 2522 paterno
1052 2436 1146 2502 etiarn
1166 2438 1298 2517 lavore,
1329 2435 1383 2501 cni
1409 2457 1466 2520 pu·

163 2530 359 2596 blicanorum
387 2530 520 2597 societas
549 2532 703 2611 adfuerit,
734 2544 771 2598 ut
794 2531 876 2596 lilius
901 2531 968 2597 eius
993 2533 1033 2595 ad
1057 2530 1257 2615 optinendam
1282 2530 1466 2596 aedilitatem

121 2623 270 2710 2⁵potius
292 2624 506 2690 adiuvas-etur.

242 2748 290 2824 X.
319 2742 365 2824 1.·
382 2748 530 2850 Aliquid
554 2760 749 2849 praeterea
775 2747 913 2850 (timide
940 2751 1082 2846 dicam,
1109 2718 1174 2823 sed
1199 2759 1321 2824 tamen
1349 2750 1464 2824 dioen-

163 2857 226 2962 [Ρ.
254 2855 360 2961 142]
386 2863 470 2936 dum
497 2859 567 2960 est)
595 2863 731 2963 aliquid
757 2861 950 2936 adtulimus
977 2857 1208 2961 etiamllnos.
1253 2916 1255 2921 .

245 2980 433 3045 Necessario
465 2981 669 3064 temperavit,
708 2980 840 3066 gratiam
875 3001 962 3042 suam
1002 3000 1064 3044 non
1099 2977 1301 3043 mediocriter
1334 2976 1462 3043 Plancio

160 3072 342 3157 proluisse,
364 3076 489 3159 quaudo
514 3076 565 3139 vir
586 3073 762 3140 consularis
783 3071 994 3137 testimonium
1019 3071 1244 3135 beneficiorum
1268 3070 1301 3134 in
1330 3092 1366 3135 se
1390 3091 1463 3136 con·

119 3166 298 3237 solutorum
314 3166 519 3248 perhibens⁶‚
544 3168 709 3232 candidato
734 3168 864 3232 multum
888 3176 1035 3249 potuerat
1048 3185 1252 3247 promovere.
1296 3165 1372 3229 Hoc
1388 3181 1462 3228 vero

161 3280 201 3322 ne
222 3271 305 3322 esset
327 3259 463 3324 insolens
485 3273 518 3325 et
531 3264 722 3345 superbum,
746 3257 907 3343 praemisit
921 3258 1146 3344 adlegationem
1162 3258 1360 3323 recensendae
1380 3254 1462 3322 timi·

161 3347 281 3416 ditatis.

235 3471 272 3549 2.
302 3475 408 3550 Ultro
440 3475 628 3553 mercule⁷
668 3502 708 3552 se
734 3475 821 3550 mihi
847 3477 955 3551 etiam
981 3476 1203 3574 offerentes,
1238 3475 1339 3550 ultro
1364 3472 1461 3574 polli-

160 3597 285 3663 centes
312 3591 450 3690 rogavi.

229 3855 333 3910 l...Cod.
353 3856 461 3900 initium.
498 3851 524 3900 2.
543 3853 603 3902 cot.
623 3858 835 3912 comparaverant.
873 3848 896 3896 3.
917 3851 977 3897 cod.
993 3849 1085 3900 lunatio.
1122 3851 1283 3906 (uincentes
1299 3850 1458 3899 intuitum.

295 3931 319 3970 et
331 3927 468 3971 Wunderns
486 3924 551 3969 netto
569 3922 700 3982 significata
717 3923 824 3968 fecerunt
841 3919 957 3966 hostiam.
994 3922 1020 3966 ln
1039 3921 1084 3965 Ed.
1103 3921 1202 3966 Mediol.
1222 3922 1317 3966 Maius:
1338 3918 1459 3965 etHoetr'e

198 4020 202 4036 1
292 4000 316 4038 st
332 3996 455 4040 civitates.
475 3994 503 4038 F.
522 3991 604 4038 dontio
620 3991 787 4038 adductces'o.
807 3987 870 4052 Οι.)
905 3988 930 4036 4.
950 3991 1010 4036 Cod.
1024 3990 1119 4035 adesse.
1156 3991 1202 4035 Sed
1216 3993 1327 4035 incudem
1340 3995 1391 4048 est;
1409 4001 1458 4032 aa·

294 4065 380 4109 Cicero
401 4078 454 4116 cap.
477 4062 548 4108 xltt.
569 4064 655 4118 repetit
672 4061 767 4106 odorae.
804 4059 828 4106 5.
848 4059 908 4105 (lod.
931 4066 957 4104 nt
974 4065 1009 4108 ut.
1045 4058 1069 4104 d.
1090 4058 1312 4121 God.pe175deus;
1338 4060 1381 4105 sed
1397 4063 1457 4104 rede

299 4148 365 4178 corr.
381 4131 563 4191 perdideusd.
582 4132 672 4178 Contes-
689 4132 751 4176 intra
767 4144 820 4187 cap.
843 4130 902 4176 XV.
920 4143 943 4185 p.
965 4127 1007 4175 dt.
1031 4127 1074 4175 dn.
1109 4128 1183 4187 (Ante
1205 4127 1341 4176 candidato
1361 4128 1457 4174 brues·

292 4204 380 4250 excidit
393 4215 452 4260 pro.
481 4201 533 4252 Cle.
551 4202 612 4246 intre
631 4201 661 4248 N.
682 4197 706 4246 3.
727 4198 789 4258 Οι.)
825 4197 848 4245 l.
869 4200 903 4244 lte
924 4199 977 4244 eod.

248 4342 276 4403 9.
295 4339 389 4395 Dictis
408 4339 477 4393 haec
495 4338 650 4410 algoldeare
671 4337 777 4391 ridetur
796 4341 974 4409 interpretem
994 4334 1229 4411 paulosequlcrts
1249 4341 1366 4403 estatis,
1396 4349 1456 4410 pute

155 4419 295 4473 hominem
325 4419 382 4468 aevi
408 4408 645 4468 &nstanttntanh
676 4411 805 4487 (fortasse
825 4412 1011 4465 Christianum
1032 4410 1118 4464 secoli
1138 4410 1249 4465 demum
1269 4415 1371 4485 quinti.
1396 4408 1455 4482 Oa.)
1486 4476 1489 4483 Ι

154 4495 250 4565 Neque
270 4495 344 4543 entna
363 4495 421 4555 stc,
449 4507 480 4544 nr
499 4489 634 4556 arbitror,
665 4488 774 4542 locutus
793 4503 864 4541 esset
884 4491 1023 4559 proximus
1043 4490 1177 4560 quisptam
1197 4490 1281 4539 aerstl
1302 4488 1456 4548 Ciceronis,

154 4573 201 4641 qui
229 4569 261 4620 ad
290 4570 372 4620 Atrio.
400 4565 423 4617 l.
448 4567 475 4622 5.
504 4564 607 4618 alebat:
623 4569 735 4617 ,ανὶαηι
761 4572 838 4615 tuam
865 4566 935 4614 scito
955 4560 1091 4612 desiderio
1111 4567 1152 4613 tui
1170 4570 1310 4614 morosam
1329 4579 1404 4621 essee
1429 4566 1455 4610 st

153 4643 238 4694 simul
253 4640 327 4711 quod
344 4645 438 4692 verita
456 4645 513 4703 sit,
540 4657 574 4690 m
594 4637 713 4692 Latinae
736 4643 766 4692 r'n
786 4630 879 4709 officio
898 4655 953 4688 uon
972 4645 1116 4688 innuerent
1134 4645 1162 4690 et
1181 4641 1212 4688 im
1229 4644 1352 4690 montem
1371 4634 1454 4689 Allo·

154 4735 219 4768 num
238 4715 344 4767 hostias
362 4713 614 4779 uon,nddeeeereut.
