3210 5280
250 167 310 229 etse
347 199 350 205 ·
580 194 584 203 ·
685 171 1120 240 Pseuno-Ascouws
1279 246 1282 251 q

332 311 378 386 (§.
401 310 469 388 ii.)
491 312 567 376 Non
587 313 673 376 enim
697 312 810 391 spolia
836 312 869 378 0.
891 311 1010 395 Verris]
1067 314 1113 377 Ut
1143 312 1395 398 quadruplator,
1430 313 1487 413 qui
1518 317 1555 381 sle

248 403 445 465 rondemnsti
468 403 558 473 bouis
582 402 649 485 ipse
671 400 787 485 aliquid
808 423 939 467 sumam.

331 494 400 557 Sed
417 493 711 571 existimationem]
755 495 799 558 Ut
820 496 921 559 bonus
942 498 1033 564 ciris.

333 589 413 651 Cum
434 588 558 667 eausa]
600 585 660 651 Cui
681 585 728 649 rei
750 593 941 653 contrarium
965 598 1103 659 estsine
1125 613 1244 658 causo.

225 678 238 726 ⁵
332 681 762 765 Defensoremffsrovineioe
784 686 946 746 constitui
963 697 995 749 et
1016 683 1135 764 deligi]
1179 685 1196 718 ‘³
1220 685 1237 721 ⁰
1259 685 1276 720 i

335 771 521 851 ostendere]
565 774 817 840 Sssbsudiendum
841 781 888 832 est
910 777 948 835 ad
970 778 1072 839 omnis
1094 797 1205 842 meum
1218 779 1309 858 fuit.

330 864 521 946 distulerit]
564 866 632 930 Pro
654 888 729 942 ssso;
754 869 900 932 habuerit
921 890 1104 949 persuasum
1125 868 1198 932 sibi.

332 963 377 1038 (s.
402 958 469 1036 22.)
492 958 627 1035 Quanto
654 962 811 1040 periculo
834 965 962 1025 uenturi
986 965 1113 1034 [simus]
1135 960 1184 1023 ad
1199 984 1255 1027 eos
1279 965 1361 1046 iud]
1405 966 1487 1037 Vult
1507 968 1553 1032 in-

248 1053 363 1138 telligi,
388 1051 583 1113 metuendum
607 1070 674 1111 esse
696 1053 835 1127 sensuri,
860 1074 897 1114 ue
919 1051 1039 1134 equites
1056 1053 1190 1116 Rossssni
1211 1054 1364 1132 iudicent,
1387 1081 1471 1142 quos
1490 1085 1554 1129 non

206 1149 348 1213 ttsolum
382 1166 442 1228 pro
470 1142 620 1226 integris,
659 1147 714 1207 sed
743 1147 834 1208 etism
866 1164 927 1224 pro
961 1143 1093 1206 inimicis
1121 1145 1292 1209 nobilitatis
1320 1152 1389 1213 vult
1417 1158 1552 1237 populus

248 1241 410 1304 Rosuauus
431 1237 546 1298 iudices
570 1258 651 1301 esse.

332 1334 376 1410 (§.
400 1332 469 1408 23.)
488 1330 516 1394 l
533 1339 636 1411 porto
655 1330 765 1393 subito
786 1330 992 1406 retraxisset]
1047 1331 1121 1394 Hoc
1146 1331 1393 1400 comminiscitur
1416 1338 1549 1416 Cicero,

248 1436 282 1488 ut
310 1426 474 1486 credamus
503 1441 607 1484 veram
637 1419 737 1482 luisse
759 1422 923 1482 secundam
946 1424 1119 1498 actionem,
1154 1444 1233 1506 quae
1255 1430 1425 1492 seeundum
1448 1454 1553 1499 rerem

249 1528 410 1599 gestorum
435 1517 525 1578 iidem
548 1535 610 1576 non
634 1513 737 1587 dieta,
758 1515 812 1574 sed
834 1515 950 1595 seripts
974 1528 1033 1580 est.

207 1607 237 1654 ¹⁵
258 1640 260 1645 ⁴
331 1607 408 1672 Non
429 1611 498 1671 sine
519 1605 640 1685 eausa]
684 1603 854 1686 Corruptis
876 1608 1033 1672 iutmibus
1054 1610 1188 1674 scilieet.

331 1701 374 1779 (ᾗ.
398 1699 465 1774 il.)
487 1695 521 1761 N
523 1717 587 1760 une
614 1717 655 1759 ne
682 1718 767 1758 novo
798 1703 1027 1779 querimoniae
1052 1702 1187 1785 genere]
1230 1703 1354 1773 Astsstis
1387 1711 1555 1776 Ciceronis

192 1794 326 1866 putueo
347 1792 407 1854 luit
428 1792 543 1851 uterulo
565 1790 713 1861 testibus,
746 1797 778 1847 ut
801 1788 875 1848 nihii
897 1792 1008 1875 reliqui
1030 1806 1112 1855 esset
1135 1795 1330 1873 Hortensio,
1354 1800 1416 1864 nisi
1441 1808 1475 1859 ut
1496 1817 1554 1873 eos

248 1886 447 1967 interrogare
469 1893 588 1963 posset.
633 1879 765 1944 Dicendi
780 1890 882 1941 etitem
897 1883 1075 1947 sanititatem
1097 1886 1210 1949 nuliam
1232 1889 1260 1950 ei
1282 1890 1367 1951 dedit
1388 1890 1465 1952 nihil
1486 1888 1552 1971 ipse

250 1981 398 2041 dicendo.
441 1975 566 2066 Etenim
583 1976 756 2046 metuebat,
780 1993 838 2046 ne,
862 1978 889 2035 si
903 1975 1006 2039 locum
1023 1979 1143 2041 dicendi
1158 1979 1326 2044 invenisset
1340 1983 1550 2054 Hortensius,

205 2083 238 2134 et
251 2071 434 2133 brevitatem
464 2067 613 2149 temporis
647 2065 743 2148 longa
774 2064 917 2130 oratioue
943 2085 1159 2148 consumeret,
1191 2085 1224 2136 ut
1248 2078 1381 2138 secunda
1408 2074 1492 2138 aetio
1513 2075 1552 2135 sd

249 2164 327 2226 elios
342 2161 478 2238 iudices,
503 2161 556 2244 qui
576 2160 738 2241 eorrumpi
756 2172 904 2239 possent,
929 2163 1083 2247 aliumque
1102 2177 1280 2246 praetorem
1299 2181 1375 2249 post
1389 2168 1465 2232 stat.
1482 2168 1549 2230 lau.

246 2256 444 2339 perveniret,
469 2255 651 2319 conssrlibus
672 2255 786 2317 futuris
808 2275 841 2315 se
864 2266 896 2317 et
917 2257 1070 2331 Metello,
1094 2258 1272 2322 iasstoribus
1292 2259 1422 2323 Verris.
1465 2261 1554 2322 Haec

339 2480 365 2535 5.
385 2478 631 2542 existimationem]
657 2478 870 2525 extimationem
888 2475 980 2528 Ptine.
1000 2475 1108 2529 Bersld.

340 2555 412 2608 5-'s
443 2551 480 2600 Ut
499 2549 684 2602 bonrss'eiriis.
723 2548 789 2600 Cum
802 2552 905 2617 'eausa]
938 2549 984 2601 Sic
1005 2554 1113 2622 scripsi.
1143 2581 1172 2592 -
1202 2557 1233 2602 ut
1251 2552 1384 2604 bonerum
1402 2556 1475 2604 civis
1492 2568 1551 2604 suns

249 2642 334 2676 eausa
356 2628 445 2677 Ptine.
464 2653 502 2666 -
520 2633 551 2674 nt
570 2624 701 2675 bonorum
721 2628 799 2674 errius
816 2642 875 2674 eum
894 2642 979 2675 cause
994 2626 1099 2679 tietuini.
1113 2653 1149 2665 —
1162 2626 1337 2677 ruthenorum
1350 2633 1456 2679 civium
1466 2644 1551 2679 cause

246 2699 307 2753 uid.
334 2728 369 2742 -
403 2701 440 2750 Ut
458 2697 590 2749 bonorum
610 2703 719 2750 civium.
758 2698 825 2749 Cum
844 2717 927 2750 eausa
948 2696 1014 2752 Lod.
1046 2729 1082 2742 -
1112 2702 1150 2752 Ut
1169 2701 1255 2753 bonite
1273 2707 1344 2752 civis
1361 2706 1551 2756 existimarer.

246 2777 314 2828 Cum
332 2792 415 2825 carisa
435 2773 520 2844 Lugd.
542 2777 605 2827 ilos.
625 2774 702 2825 Mon.
723 2772 806 2824 Cren.
1155 2834 1158 2839 ³

337 2854 364 2905 5.
383 2846 569 2918 Defensorem
586 2852 748 2918 provinciae
767 2851 900 2897 constitui
917 2855 945 2897 et
965 2846 1064 2915 deligi]
1085 2846 1153 2900 Lod.
1192 2847 1281 2922 (Apud
1294 2852 1458 2903 Ciceronem
1472 2847 1552 2902 serbo

245 2927 286 2976 sie
297 2922 444 2994 leguntur:
465 2942 483 2974 a
501 2931 561 2974 tarn
579 2924 683 2974 illustri
698 2926 846 2991 provincio
865 2920 1041 2991 defensorem
1060 2929 1194 2975 constitui
1212 2933 1239 2974 et
1257 2923 1346 2992 tetigt
1356 2930 1368 2989 )
1386 2953 1424 2967 —
1443 2923 1551 2994 defens.

242 3003 407 3069 provinciae
425 3006 513 3051 const.
532 3006 560 3048 et
578 2997 670 3065 detegi
688 2999 779 3049 Prior.
799 2995 906 3051 Beseld.
926 2996 986 3051 ute.
1024 2999 1095 3050 Huic
1114 3015 1221 3069 quoque
1234 2998 1360 3052 lemmsri
1373 2999 1450 3053 deest
1463 3005 1550 3052 intes-

244 3077 376 3146 pretstioz
395 3088 477 3141 quere
496 3090 548 3124 om.
571 3071 655 3143 Lugd.
674 3072 738 3123 Hor.
758 3071 833 3122 Men.
854 3070 936 3127 Creu.

337 3151 363 3204 6.
384 3146 548 3214 ostendere]
588 3147 646 3199 Hor
673 3146 770 3198 lemma
796 3149 854 3198 erui
881 3162 913 3196 ex
938 3150 1075 3215 sequentis
1100 3145 1198 3200 scholii
1218 3162 1284 3200 sose
1303 3161 1434 3220 corrupte
1453 3156 1549 3201 osters-

245 3221 327 3275 derit.
351 3252 380 3263 -
403 3222 477 3290 lieip.
497 3222 637 3273 consistere
656 3218 742 3293 Lugd.
761 3220 826 3272 Hos.
848 3222 924 3274 Men.
944 3249 979 3262 -
999 3239 1054 3274 orn.
1071 3226 1167 3275 ceseii.

320 3295 391 3350 ibid.
410 3295 632 3346 Subeudiendum
650 3326 668 3338 -
687 3326 704 3337 -
716 3291 795 3364 fuit]
824 3310 881 3348 om.
902 3294 983 3347 cren.

319 3370 391 3424 lbid.
409 3372 466 3441 est]
488 3370 573 3442 and.
593 3371 658 3422 ilos.
677 3369 755 3421 Mon.
778 3400 808 3411 -
829 3377 857 3419 et
879 3374 969 3422 t‘riuc.
989 3368 1095 3423 Bersld.
1116 3367 1176 3423 ild.
1196 3399 1232 3414 —
1250 3387 1306 3423 ons.
1327 3370 1393 3424 Lod.

339 3451 364 3500 7.
387 3445 554 3496 Abstsderit.
592 3443 648 3494 Pro
661 3461 711 3494 sno
718 3464 728 3503 ,·
747 3443 874 3495 lsobreerit
884 3462 1047 3514 persuasum
1060 3444 1135 3514 sibi]
1174 3445 1220 3497 Sic
1239 3449 1346 3516 scripsi.
1359 3445 1549 3496 -Sustulere

242 3537 296 3590 pro
314 3536 364 3571 sno
382 3519 509 3570 hebuerit
523 3535 687 3589 persuasum
712 3520 765 3570 sibi
790 3517 944 3586 ostenderit
963 3521 1053 3573 Prior.
1086 3548 1122 3561 -
1154 3521 1305 3570 Sustulerit
1329 3538 1383 3590 pro
1409 3538 1461 3571 suo
1486 3519 1547 3572 tat.

242 3611 318 3664 pers.
342 3595 396 3644 sibi
421 3595 575 3645 ostenderit
600 3590 704 3647 Bersld.
734 3622 769 3636 -
797 3594 964 3660 Abstulerit]
1004 3592 1058 3644 Pro
1078 3610 1127 3644 suo
1147 3592 1290 3659 habrrertt,
1315 3612 1481 3664 persuasum
1499 3595 1549 3644 sihi

246 3668 399 3720 ostenderit
419 3668 479 3721 Ald.
500 3668 568 3721 Lod.
589 3695 624 3707 —
646 3667 815 3737 Abstulerit]
836 3667 891 3718 Pro
909 3685 959 3717 suo
977 3669 1138 3731 sustulerit,
1153 3687 1317 3738 persuasum
1336 3669 1390 3719 sibi
1407 3668 1550 3733 liudwit,

246 3752 274 3794 et
292 3743 440 3794 crediderit
458 3742 543 3815 Lngd.
564 3742 642 3794 Meo.
662 3770 697 3784 -
718 3743 884 3808 distulerit]
907 3743 961 3792 Pro
979 3751 1056 3793 certo
1075 3741 1217 3808 habuerit,
1233 3762 1398 3814 persuasum
1416 3745 1471 3796 sibi
1489 3761 1548 3795 ere-

245 3818 350 3870 diderit
370 3820 432 3871 llot.
453 3819 533 3871 Creo.
554 3845 590 3858 -
609 3818 763 3869 Locutione
778 3834 942 3887 persuasum
961 3815 1028 3866 milu'
1046 3817 1132 3867 habeo
1151 3822 1233 3871 etism
1253 3819 1320 3871 boni
1340 3823 1489 3892 scriptores
1508 3820 1548 3869 usi

245 3909 324 3958 sunt,
343 3909 415 3946 certe
434 3893 534 3946 Caesar
553 3892 585 3945 B.
605 3893 640 3945 G.
660 3892 713 3945 til.
732 3895 829 3961 2,,5..
848 3890 894 3942 nbi
915 3890 1028 3944 offendit
1048 3893 1169 3945 Vossius.

338 3974 366 4027 8,
386 3967 485 4038 simus]
517 3985 571 4021 om.
592 3969 683 4019 Prine.
702 3965 809 4019 Beraid.

318 4040 390 4099 ibid.
408 4042 447 4093 nd
462 4041 594 4108 eos-iud]
614 4039 684 4091 odeo
701 4040 756 4092 iud.
773 4041 863 4093 Prior.
876 4039 982 4094 Berstd.

321 4127 365 4174 11.
382 4120 498 4188 populus
516 4118 663 4183 Rornenus]
685 4115 749 4167 Lod.
771 4131 797 4167 et
817 4132 892 4186 seqq.
911 4143 947 4155 —
963 4122 1048 4184 pater
1068 4115 1159 4168 Princ.
1180 4110 1288 4167 Bersld.
1304 4141 1340 4156 —·
1350 4121 1469 4184 praetor
1488 4110 1547 4167 tlt.

319 4201 362 4248 12.
382 4194 472 4244 sistito
490 4193 669 4257 retraxisset]
696 4189 785 4240 subito
804 4189 843 4239 ed
860 4189 989 4240 diudicium
1008 4194 1175 4239 retrneisset
1196 4187 1262 4243 Lod.
1286 4189 1372 4260 Luqd.
1392 4192 1468 4243 Men.
1488 4203 1548 4241 eum

243 4263 322 4320 edin.
342 4269 493 4321 Ciceronis.

319 4347 362 4399 16.
382 4359 454 4394 nova
473 4343 658 4413 querimoniae
676 4340 789 4406 genere]
821 4336 878 4391 Ald.
901 4335 986 4409 lugd.
1007 4337 1070 4389 Hor.
1091 4337 1166 4390 Mun.
1187 4338 1268 4392 Creu.
1298 4366 1333 4378 —
1359 4354 1436 4388 nove
1454 4340 1546 4409 queri-

185 4428 190 4436 '
244 4422 336 4467 monia
355 4434 438 4484 egere
458 4419 548 4472 Ptine.
570 4412 680 4466 Berside
696 4443 730 4454 -
751 4430 825 4463 novo
844 4416 1030 4482 querimoniae
1048 4430 1149 4480 genere
1169 4418 1211 4461 uti
1226 4418 1318 4482 possit
1337 4411 1405 4464 Lod.

319 4497 362 4548 17.
382 4494 480 4559 reliqui
498 4492 580 4556 esset]
606 4487 694 4555 Lugd.
714 4488 779 4539 Hor.
798 4487 874 4539 Meu.
894 4487 975 4540 Cren.
995 4513 1031 4525 —
1051 4487 1205 4556 reliquisset
1224 4491 1403 4557 antiquiores.

320 4569 363 4622 19.
383 4567 495 4632 etenim]
518 4562 575 4616 ild.
595 4579 620 4615 et
642 4579 716 4632 seqq.
738 4593 769 4603 -
789 4567 859 4612 enirn
880 4563 971 4615 Prior.
992 4560 1101 4614 Berold.

319 4639 389 4693 ibid.
408 4641 571 4705 inuenisset]
591 4643 727 4688 invenisse
748 4637 837 4689 Prior.

318 4721 362 4772 20.
381 4713 430 4781 ad]
451 4711 519 4766 Lod.
537 4722 566 4766 et
586 4729 658 4783 seqq.
679 4741 715 4754 -·
734 4710 809 4780 opseri
825 4713 938 4782 priores.
