3210 5280
314 236 364 302 nt
387 236 531 302 ottus.
552 236 603 302 tn
627 234 846 302 CLODIUM
867 233 929 299 ET
952 232 1215 335 cttttlottnttt.
1357 234 1418 300 att

106 375 231 460 Quslsus
251 374 468 442 minacissimis
488 377 573 442 illius
596 376 750 441 vocibus¹
774 376 976 441 vehementer
997 386 1029 440 et
1051 375 1206 440 acerrimo
1227 373 1343 458 spiritu
1363 376 1425 447 hac

106 470 253 535 oratione
274 467 394 535 Cicero
414 469 597 553 respoudit,
620 472 645 546 †
667 473 825 548 duorum,
848 481 912 534 mm
934 469 1032 554 ipsius
1054 490 1148 554 quarn
1172 467 1339 536 Curionis·

248 667 462 746 tucrum
483 624 695 745 cumo
722 668 837 745 cun
864 666 1285 744 conuenturum.

182 845 213 920 l.
241 838 278 920 l.
306 842 556 942 statuerant,
576 845 620 920 P.
640 843 698 941 C,
716 845 837 946 quoad
855 869 944 920 reus
963 853 1064 919 esset
1080 843 1126 918 P.
1152 842 1318 942 Clodius,
1334 843 1428 920 nihil

107 958 153 1033 de
179 958 243 1032 illo
270 982 390 1057 neque
416 966 505 1056 aput
529 981 598 1030 vos
627 981 748 1056 neque
775 956 848 1031 alio
875 958 951 1033 ullo
978 958 1018 1031 in
1042 955 1127 1031 loco
1154 957 1292 1031 dicere.
1436 993 1451 1042 5

191 1076 313 1139 Facere
335 1075 462 1139 videtur
483 1074 547 1138 hoc
568 1074 604 1137 in
625 1076 889 1160 argumentum³
911 1072 1077 1160 gravitatis
1092 1086 1124 1138 et
1139 1064 1318 1139 modestiae
1332 1086 1426 1140 suaet

108 1191 218 1235 verum
241 1171 380 1233 summa‘·
411 1191 482 1232 eum
508 1167 694 1251 asperitate,
730 1168 873 1254 quamvis
898 1168 1063 1233 absolutus
1084 1167 1124 1230 sit
1146 1166 1300 1243 Clodius,
1324 1177 1427 1230 tamen
1496 1183 1497 1186 ’

108 1265 260 1328 incestum
284 1285 359 1327 vere
380 1261 575 1328 commisisse
598 1264 698 1325 adhuc
720 1265 899 1327 adseverat.
943 1263 1019 1325 Hoc
1043 1260 1125 1323 enirn
1151 1261 1367 1338 testificando,
1391 1281 1426 1324 se

108 1357 194 1422 omni
215 1368 247 1420 ct
268 1357 457 1420 humanitate
480 1369 511 1420 et
532 1354 682 1439 patientia
704 1355 747 1418 P.
771 1353 889 1420 Clodio
912 1353 1115 1437 pepercisse,
1138 1353 1205 1417 sine
1227 1353 1326 1417 dttbio
1349 1373 1427 1416 con·
1464 1411 1470 1431 ,

108 1450 213 1514 lirmat
235 1451 404 1515 veritatem
428 1448 477 1514 sui
499 1447 689 1525 testimonii,
713 1459 749 1512 ut
773 1449 876 1512 omnia
898 1450 937 1512 de
958 1448 1015 1512 illo
1037 1469 1108 1513 cum
1133 1447 1197 1512 fide
1219 1446 1353 1526 dixerit,
1375 1444 1471 1511 cuittt
1595 1451 1599 1463 ⁸

108 1564 167 1628 per
186 1542 262 1606 illud
283 1556 407 1626 tempus
432 1553 538 1606 reatus
562 1543 754 1625 parcendum
776 1541 950 1625 putaverit.

184 1663 222 1742 2.
250 1669 304 1743 Ac
330 1665 484 1741 furiosis
510 1669 747 1741 contionibus
773 1666 970 1742 indixerat.

194 1785 409 1869 Opportune⁵
431 1794 464 1849 et
488 1783 605 1848 acriter
631 1783 786 1849 furiosum
808 1786 851 1850 P.
874 1782 1023 1850 Clodium
1046 1784 1140 1862 dicit,
1169 1787 1210 1850 ut¹
1224 1784 1256 1850 in
1278 1805 1349 1850 cum
1373 1805 1429 1851 sn·

111 1879 212 1964 spicio
234 1877 404 1943 conveniat
423 1877 554 1955 incesti,
578 1876 669 1942 citius
691 1876 850 1964 ingenium
871 1877 986 1943 lurore
1007 1877 1155 1942 iactetur.

186 1997 224 2079 3.
252 2003 360 2104 Quod
386 2002 495 2077 simul
520 2003 567 2078 ah
594 2027 638 2077 eo
664 2001 754 2075 mihi
779 2012 817 2076 et
842 2003 899 2076 rei
924 2027 961 2100 p.
989 2002 1276 2076 denuntiabatur
1287 1999 1314 2075 ⁶.
1439 2039 1470 2088 ,5

196 2124 240 2189 Et
262 2142 336 2187 suae
359 2119 504 2208 dignitati
524 2107 694 2203 plurimum
716 2118 819 2197 dedit,
843 2128 875 2184 et
895 2121 939 2185 P.
964 2116 1112 2184 Clodium
1136 2117 1351 2184 vehementius
1375 2139 1428 2183 ac·

111 2215 247 2280 cusavit.
303 2217 383 2278 Nam
407 2213 529 2300 gloriae
554 2210 723 2278 Ciceronis
751 2211 890 2290 accedit,
924 2216 1012 2298 quod
1039 2212 1164 2299 seiungi
1191 2234 1209 2277 a
1235 2234 1272 2276 re
1299 2233 1334 2295 p.
1364 2231 1430 2281 non

111 2322 236 2394 potest,
270 2308 405 2373 invidiae
427 2320 529 2373 autem
553 2307 596 2373 Ρ.
618 2304 729 2372 Clodii
750 2305 941 2385 adstruitur,
974 2305 1002 2370 si
1023 2305 1129 2371 odisse
1152 2304 1296 2372 rideatur
1316 2304 1350 2370 in
1371 2302 1429 2370 Ci-

112 2424 230 2467 cerone
251 2424 317 2467 rem
339 2425 375 2487 p.

186 2523 224 2604 tl.
251 2527 354 2603 Nihil
379 2552 437 2601 me
463 2524 623 2602 adderel
651 2523 878 2599 adulterius
904 2502 1121 2624 periculum.
1184 2517 1185 2521 ’

197 2646 280 2710 Satis
301 2646 386 2732 agit,
410 2645 498 2711 utin
519 2642 699 2711 testimonio
722 2664 786 2708 non
809 2642 1007 2708 existimetur
1027 2663 1096 2708 esse
1117 2639 1278 2706 mentitus.

170 2755 245 2842 ’5.,
265 2759 334 2840 Sin
360 2771 462 2837 esset
494 2765 693 2843 iudicatum
731 2792 808 2844 non
839 2767 960 2844 videri
992 2769 1112 2843 vnum
1149 2769 1320 2863 venisse,
1356 2788 1432 2866 qno

112 2876 184 2949 iste
208 2876 387 2948 venisset.
992 2913 997 2962 ,
1422 2903 1425 2907 ·

198 2991 386 3057 Amaritudo
412 2994 567 3060 stomachi
595 3007 643 3062 est
674 2996 705 3062 in
734 2999 795 3062 hac
820 2995 995 3075 sententia,
1027 3012 1088 3082 qua
1112 2994 1303 3082 perstringit
1324 3015 1431 3060 mores

113 3086 156 3151 Ρ.
186 3083 294 3150 Clodii
322 3085 443 3151 scilieet
470 3087 649 3172 impudicos
669 3091 712 3156 ita
736 3092 890 3164 dicendo:
913 3111 1000 3167 ,non
1029 3090 1130 3155 videri
1154 3089 1257 3158 virtum
1286 3091 1473 3168 venisse,ss

114 3199 179 3262 quo
201 3178 259 3243 iste
282 3179 454 3246 venisset.”
498 3182 600 3264 Quasi
613 3185 677 3248 hoc
690 3183 1009 3269 pronuntiaverint⁸,
1032 3185 1086 3272 qui
1105 3207 1175 3250 eum
1190 3184 1352 3251 sententiis
1366 3183 1433 3251 suis

113 3272 347 3381 liberaverunt,
381 3296 446 3338 non
468 3285 503 3339 ut
525 3276 678 3343 incestum
699 3278 761 3344 sihi
782 3279 914 3362 probari
934 3301 999 3344 non
1020 3278 1163 3364 potuisse
1185 3281 1343 3356 dicerent,
1376 3277 1434 3344 ssd

114 3376 149 3429 ut
169 3388 272 3449 ipsum
295 3389 396 3430 mrum
422 3382 590 3456 negarent.

190 3484 227 3565 6.
255 3492 304 3567 Ut
330 3492 392 3567 ille
418 3472 556 3570 iudicio
581 3504 767 3598 tamquam
794 3521 814 3572 e
840 3497 1034 3598 naufragio
1059 3499 1181 3574 nudus
1208 3499 1382 3573 emersit..

198 3610 294 3676 Hoc⁹
324 3611 354 3675 in
380 3611 455 3678 loco
481 3624 512 3677 et
536 3613 681 3698 ipsorum
708 3614 846 3680 iudicum
871 3615 1062 3701 perstringit
1083 3615 1260 3692 infamiam,
1296 3635 1431 3699 quorum
1443 3637 1476 3688 so
1533 3593 1538 3602 ³

115 3703 278 3769 sententiis
300 3705 405 3772 lucrat
425 3708 601 3773 absolutus.
645 3711 728 3774 Nam
756 3709 871 3792 partim
900 3719 1027 3773 trecena
1055 3709 1159 3787 milia,
1191 3708 1307 3793 partim
1335 3728 1433 3785 vero,

114 3801 285 3862 secundum
314 3800 481 3884 opiniones
503 3801 657 3880 aliorum,
680 3803 898 3888 quadringena
919 3803 1082 3886 accepisse
1104 3803 1263 3866 dicuntur.

120 3897 481 3915 -uu——n——u-

186 3953 211 4001 ¹.
230 3955 358 4004 heluam:
386 3981 419 3994 ·-
445 3958 508 4006 ssia.
527 3959 632 4015 tsrrs'tas
654 3957 764 4005 misas·
809 3957 836 4004 la
854 3972 923 4018 seqq.
947 3956 1053 4004 deornm
1070 3958 1145 4004 tstsrs
1168 3959 1263 4005 ridetur
1286 3960 1433 4014 corruptela.

256 4027 335 4072 Maius
353 4031 494 4084 proposuit:
522 4027 679 4076 emendes
698 4027 815 4076 devm.
836 4050 846 4067 ·
862 4026 887 4074 2.
907 4028 969 4074 cos.
987 4033 1122 4074 staturam.
1168 4024 1194 4072 3.
1218 4029 1327 4085 Spatium
1349 4033 1386 4074 sst
1408 4029 1435 4074 ia

254 4098 350 4153 codiee,
378 4099 442 4157 qnod
459 4099 494 4144 sie
510 4099 613 4156 repleri.
642 4099 705 4148 Mat.
749 4099 821 4144 Bsisr
839 4099 957 4155 supplevit
974 4096 1008 4143 ed
1031 4095 1279 4144 commendationem.
1325 4095 1350 4144 l.
1370 4097 1440 4149 Coti.-

253 4180 376 4212 samaras.
422 4165 447 4214 5.
467 4167 528 4216 Cos.
552 4173 716 4228 opportunas.
762 4164 787 4213 6.
806 4167 867 4214 cos.
892 4166 1114 4213 ssuunststantsr.
1160 4166 1185 4214 7.
1210 4169 1271 4214 end.
1293 4166 1370 4213 edors
1390 4180 1436 4224 pso

255 4236 359 4287 addere.
407 4237 439 4282 tte
462 4241 497 4285 ste
517 4241 541 4285 in
564 4239 705 4298 lrsgmsstis
729 4236 854 4284 Orationis
878 4250 923 4294 pro
946 4238 1036 4283 Tullio.
1088 4235 1114 4283 8.
1140 4237 1201 4284 Cel.
1222 4237 1435 4298 pronuntiaverit.

257 4303 282 4353 9.
303 4308 339 4352 lta
359 4305 575 4363 suppleantur.
612 4306 703 4354 Confer
720 4307 783 4353 intes
802 4306 847 4353 ΙΙΙ.
867 4305 893 4357 a.
929 4308 1001 4353 Bstsr
1019 4306 1199 4364 suspirabatur:
1219 4307 1249 4354 ln
1266 4309 1330 4355 loeo.

118 4482 172 4537 dm
211 4413 239 4466 2.
258 4406 361 4463 Sensus
393 4407 500 4464 viderur
525 4407 699 4466 hnlcssncdt:
730 4407 784 4463 ltac
810 4413 939 4462 ονοϋοησ
964 4411 1064 4465 Cicero
1089 4409 1235 4483 respondit
1259 4407 1438 4463 orassenttus

173 4501 234 4536 ressa
253 4500 308 4540 cst.
596 4507 599 4514 ·

195 4563 239 4616 29.
261 4560 349 4616 Locus
368 4560 416 4615 hle
436 4561 518 4634 paulo
537 4560 652 4615 libertus
671 4558 799 4614 laudatur
818 4574 834 4612 s
853 4560 1029 4628 Quintiliano
1050 4561 1120 4614 lust.
1140 4561 1216 4616 Vlll.
1236 4565 1263 4621 5.
1283 4557 1335 4612 suh
1354 4558 1436 4612 linem

120 4640 177 4688 stc:
197 4652 250 4705 quo
262 4654 299 4687 ss.-
317 4635 420 4690 tudtcs'c
439 4638 517 4690 velut
535 4655 572 4690 ss
590 4636 719 4690 wundtc
737 4635 830 4689 nardus
847 4630 959 4706 sffisps't.
998 4639 1056 4690 lam
1076 4636 1162 4690 stmtlt
1182 4636 1324 4691 locutione
1344 4633 1439 4687 adver·

119 4727 166 4764 sns
185 4709 314 4764 Clodium
334 4717 423 4767 utitur
442 4713 543 4767 Cicero
561 4718 647 4769 estam
667 4712 703 4767 ds
715 4712 797 4766 harus
818 4710 893 4789 tenni
907 4728 978 4785 resp.
993 4714 1098 4767 xvtlt.
1117 4720 1145 4764 te
1162 4713 1269 4766 tudtees
1286 4716 1438 4765 emiserunt

119 4803 265 4840 amanam
284 4795 313 4840 st
331 4787 515 4854 atumem,
533 4808 584 4846 suc
601 4788 707 4844 was
834 4804 899 4859 um,
920 4794 1041 4860 cmntuss
1058 4789 1281 4845 mammam.
