3210 5280
231 226 295 295 826
649 229 858 302 senous
880 229 1129 300 BOBIENSIA

233 386 368 446 „sarem
393 387 458 452 pro
488 371 622 454 populo
648 369 750 449 fieret
775 371 1007 450 sacrificium,
1039 373 1160 437 venua
1181 369 1224 436 ed
1247 368 1407 436 muliebri
1431 368 1556 435 vestitu

230 460 383 534 ,viramr
403 458 505 542 idque
531 459 745 536 sacrificium
771 484 877 546 ouum
901 466 1044 545 virgines
1068 465 1329 538 instaurassent,
1348 461 1556 526 mentionem

231 550 340 628 ,alb
363 548 585 626 domilicio
571 573 605 614 ιιι
624 561 743 617 senatu
759 552 921 633 factam:
932 561 1059 663 'postea
1079 572 1149 616 rem
1169 572 1214 615 ex
1233 560 1369 617 senatus
1389 548 1555 613 consulto

231 637 307 712 „ad
330 639 508 719 pontifices
531 641 701 723 relatam,
731 643 833 728 idque
857 643 939 707 ab
925 647 965 707 ris
990 641 1090 721 nefas
1113 661 1181 706 esse
1213 639 1403 706 decretum:
1434 635 1556 702 deinde

230 747 305 808 „ex
318 737 455 791 senatus
475 729 634 793 consulto
652 735 814 797 consules
836 735 1052 815 rogationem
1070 731 1329 814 promanasse,
1351 750 1457 793 uxore
1450 728 1555 792 cae

230 835 363 895 „sarem
383 821 540 882 nuntium
557 823 744 885 remisisset
746 822 989 887 'Historiam
1005 822 1279 887 controversiae
1265 841 1299 883 ιιι
1313 828 1432 884 senatu
1447 825 1555 881 actae

230 908 381 970 contexit
402 908 626 990 Ciceroepist.
646 911 758 988 xm,
777 933 821 977 ex
842 913 1032 997 quostiam
1051 920 1196 992 apparet
1219 910 1397 973 Curionem
1419 908 1553 971 stetisse

229 1017 294 1080 pro
320 996 450 1060 Clodio.
491 999 682 1074 „Homines
696 1003 744 1065 od
755 1003 847 1081 XV„
869 1005 1008 1068 Curioni
1031 1002 1168 1065 nullum
1191 1010 1326 1064 senatus
1351 999 1554 1063 consultum

230 1087 403 1168 „facienti
428 1098 656 1153 assenserunt:
682 1112 727 1155 eu
753 1091 865 1157 altera
887 1102 987 1174 parte
1006 1090 1123 1171 facile
1147 1091 1254 1155 0000.
1267 1088 1435 1169 fuerunt:
1466 1095 1554 1150 octa

230 1196 306 1252 „res
325 1187 384 1246 est.
426 1178 544 1255 Fufius
565 1180 717 1244 tribunus
732 1190 804 1244 tum
824 1184 1028 1248 intercessit:
1050 1180 1186 1247 Clodius
1209 1181 1389 1243 conciones
1410 1178 1554 1240 miseras

230 1265 428 1342 ..ructabat
468 1269 537 1333 Sed
555 1268 812 1352 descriptionem
829 1272 1061 1383 plenissimam
1085 1273 1185 1335 buras
1209 1289 1337 1333 causae
1360 1266 1553 1332 Clodianae

229 1316 330 1421 ltabet
359 1360 517 1438 epistula
540 1360 632 1424 XVI.
659 1380 739 1423 cum
770 1363 954 1443 particulis
983 1366 1088 1447 ipsius
1119 1363 1283 1425 orationis
1313 1360 1425 1424 Tullii
1452 1357 1553 1422 inP.

231 1444 383 1512 Clodium
415 1461 446 1512 et
476 1449 664 1515 Curionem.
710 1453 824 1532 Quum
859 1454 945 1519 baec
981 1454 1130 1537 epistula
1167 1450 1369 1540 mirabiliter
1402 1450 1553 1514 illustret

230 1549 348 1602 nostra
368 1551 518 1606 recenter
535 1542 629 1606 edita
651 1543 817 1605 orationis
829 1540 1092 1624 fragmenta,
1077 1534 1179 1606 ιιιιιιιιι
1201 1550 1234 1605 et
1254 1543 1365 1620 ipsum
1384 1536 1557 1624 Anonymi

232 1631 312 1694 item
332 1650 441 1711 nuper
463 1632 591 1696 editum
606 1634 905 1709 commentarium
927 1636 1032 1697 visum
1048 1631 1144 1695 nobis
1159 1641 1207 1696 est
1227 1651 1304 1695 eam
1325 1632 1463 1694 omnino
1477 1632 1555 1694 beic
1599 1661 1601 1665 ·

228 1739 338 1802 paene
369 1725 537 1804 integram
568 1725 684 1803 potius
717 1723 953 1801 praemittere,
994 1744 1100 1808 auam
1129 1722 1307 1787 identidem
1337 1721 1386 1784 ad
1406 1720 1554 1786 eundem

231 1814 360 1877 minore
380 1834 460 1877 cum
475 1812 606 1893 fructu
629 1830 829 1892 provocare.

312 1903 482 1986 „Quaeris
507 1922 552 1966 eu·
576 1922 647 1980 me,
669 1899 755 1985 quid
775 1900 942 1966 acciderit
962 1900 1002 1968 de
1032 1902 1180 1982 indicio,
1203 1900 1299 1986 qaod
1318 1910 1391 1963 tam
1413 1910 1556 1981 praeter

231 1992 446 2073 ,opinionem
469 1993 619 2055 omnium
636 1990 781 2071 factum
804 1994 864 2054 sit:
896 2001 929 2055 et
947 1992 1051 2056 simul
1075 1995 1122 2056 vis
1146 1993 1255 2068 scire,
1287 1989 1462 2100 quomodo
1484 2012 1555 2074 ego

232 2083 386 2163 „minus,
418 2104 525 2177 qaam
551 2083 701 2158 soleam,
731 2081 921 2161 proeliatus
949 2088 1023 2150 sim.
1077 2084 1289 2167 Respondebo
1324 2075 1434 2145 tibi‘'
1413 2106 1558 2186 υσιεροι

232 2167 417 2263 ..πρότερον
439 2170 614 2264 ὁμηρικῶς
657 2174 733 2258 Ego
756 2171 862 2239 enim
895 2174 1059 2256 quamdiu
1083 2186 1219 2239 senatus
1248 2176 1440 2242 auctoritas
1467 2169 1556 2242 mnu·

232 2264 468 2347 „defendenda
478 2268 634 2349 fuit,sic
650 2265 777 2330 acriter
788 2270 820 2323 et
835 2263 1038 2332 vehementer
1047 2264 1237 2349 proeliatus
1252 2288 1346 2343 sum,
1361 2278 1398 2331 ut
1418 2271 1559 2334 clamor

232 2375 511 2441 ,concursusque
534 2360 688 2421 maxima
713 2370 792 2416 cum
819 2371 895 2414 mea
920 2354 1170 2433 laud'efierent.
1213 2356 1316 2435 Quod
1337 2359 1367 2420 si
1390 2357 1454 2420 tibi
1479 2379 1559 2421 um·

233 2469 363 2531 „quarn
384 2468 458 2510 sum
483 2451 571 2512 visus
594 2452 628 2513 in
649 2467 684 2509 re
704 2437 848 2525 publicu
864 2442 992 2535 sortus,
1014 2457 1102 2511 certe
1124 2468 1176 2510 me
1201 2469 1236 2510 ιιι
1262 2449 1326 2511 illa
1350 2466 1478 2511 caussa
1496 2449 1559 2512 ad-

234 2536 401 2613 „miratus
422 2559 518 2602 esses.
559 2539 672 2618 Quum
692 2542 780 2605 enirn
795 2544 856 2607 elle
876 2541 925 2605 od
941 2539 1122 2604 conciones
1136 2534 1402 2616 confugisset,
1387 2559 1423 2601 ιιι
1435 2540 1559 2621 bisque

234 2650 333 2706 „meo
344 2632 477 2695 nomine
496 2629 545 2691 ad
556 2630 717 2693 invidiam
732 2639 897 2713 uteretur,
911 2631 961 2694 dii
973 2626 1201 2694 immortales!
1234 2647 1368 2710 quus
1331 2649 1397 2692 evo
1416 2647 1558 2710 pugnas

234 2727 300 2796 „et
314 2728 460 2804 quantas
484 2727 616 2802 strages
635 2718 750 2784 edidii
777 2744 863 2805 quos
885 2725 1028 2806 impetus
1050 2723 1084 2784 in
1105 2721 1311 2794 Pisonem,
1296 2740 1330 2781 ιιι
1357 2720 1559 2798 (larionem,

234 2810 293 2884 „in
321 2818 430 2873 totam
453 2810 552 2872 illam
581 2830 720 2874 manum
737 2813 844 2894 fecii
877 2812 1050 2899 quomodo
1074 2829 1148 2874 sum
1170 2811 1352 2874 insectatus
1382 2809 1558 2874 levitatem

233 2920 392 2979 ¹‚senum,
412 2899 583 2966 libidinem
614 2901 817 2968 iuventutis?
843 2904 973 2987 Saepe,
995 2907 1044 2966 ita
1068 2921 1120 2964 me
1140 2899 1190 2962 dii
1210 2901 1340 2964 iuvent!
1361 2908 1393 2963 te
1413 2919 1484 2961 non
1503 2919 1560 2962 so·

235 2992 333 3069 „lum
365 3001 542 3057 auctorem
578 2993 800 3057 consiliorum
832 3015 1002 3074 meorum,
1042 3013 1155 3057 verum
1187 2991 1292 3055 etiam
1326 2998 1559 3068 spectatorem

235 3102 326 3164 „pu
313 3103 455 3145 enarum
482 3081 708 3159 mirificarum
732 3084 927 3150 desideravi.
970 3087 1089 3148 Postea
1113 3105 1189 3147 vero
1215 3100 1321 3165 quam
1347 3077 1558 3142 Hortensius

234 3174 491 3253 „excogitatio
523 3182 560 3235 ut
583 3172 642 3256 leg
620 3195 693 3238 em
724 3176 762 3240 de
788 3178 953 3258 religione
977 3175 1093 3250 Fufius
1118 3171 1270 3236 tribunus
1291 3169 1341 3278 pl·
1357 3167 1559 3248 ferret,ia

235 3282 333 3346 „aaa
365 3263 451 3324 nibil
480 3263 583 3325 aliud
610 3283 633 3324 a
663 3266 845 3328 consulari
871 3286 930 3346 ro
917 3267 1052 3329 atione
1078 3261 1273 3343 differebat,
1303 3261 1370 3323 nisi
1399 3257 1560 3322 iudicum

236 3400 252 3426 „
259 3371 366 3433 genus
388 3352 438 3425 (in
459 3372 500 3417 eo
526 3361 641 3417 autem
661 3364 758 3418 erant
781 3357 910 3430 omnia)
930 3375 998 3438 pu„
985 3357 1181 3437 novitque,
1203 3361 1241 3416 ut
1261 3349 1441 3426 itafieret3
1464 3346 1562 3433 quod

236 3449 293 3517 „et
318 3437 385 3500 sibi
403 3449 434 3503 et
456 3441 538 3502 aliis
559 3453 794 3552 persuaserat,
819 3445 923 3507 ιιιιΙΙίι
946 3444 1047 3507 illum
1069 3441 1237 3506 iudicibus
1264 3441 1417 3522 effugere
1440 3456 1560 3522 posset

236 3533 423 3606 „contraxi
442 3532 536 3610 vela,
555 3535 758 3641 perspiciens
779 3534 931 3616 inopiam
946 3532 1118 3611 iudicum,·
1138 3554 1245 3617 neque
1266 3531 1342 3594 dixi
1364 3533 1560 3615 quicquum

237 3641 325 3702 „pro
351 3622 559 3699 testimonio,
580 3624 647 3684 nisi
668 3620 765 3705 quod
787 3633 861 3686 erat
885 3627 934 3686 ita
960 3633 1080 3686 notum
1103 3631 1207 3706 atque
1229 3631 1406 3697 testatum,
1428 3628 1560 3683 utnon

237 3730 390 3792 „possem
404 3713 599 3792 praeterire
639 3712 779 3795 ltaque,
799 3714 830 3774 si
843 3732 1002 3777 caussam
1016 3714 1153 3795 quaeris
1168 3710 1397 3776 absolutionis
1417 3710 1501 3784 (ut
1487 3729 1562 3772 sum

237 3796 344 3887 „apoc
365 3797 403 3866 τὸ
423 3794 585 3887 πρότερον
604 3807 765 3881 reuertar)
796 3812 927 3885 egestas
952 3801 1106 3868 iudicum
1125 3801 1204 3882 fuit
1231 3811 1262 3866 et
1286 3799 1478 3908 turpitudo.
1520 3796 1564 3862 ld

237 3903 378 3970 „autem
409 3903 448 3958 at
471 3895 660 3972 accideret,
688 3896 905 3960 commissum
926 3902 975 3958 est
998 3893 1177 3957 Hortensii
1197 3893 1362 3957 consilio:
1391 3892 1457 3975 aui
1477 3890 1563 3956 dum

237 3985 383 4059 „reatus
404 3993 470 4060 est,
490 4006 530 4053 ne
552 3983 670 4061 Fufius
686 3988 723 4052 ei
741 3985 813 4066 legi
833 3983 1064 4064 intercederet,
1084 4003 1174 4067 quae
1192 4003 1235 4049 es·
1260 3982 1296 4046 S.
1316 3981 1350 4045 0.
1363 3979 1562 4061 ferebatur,

237 4094 330 4151 „non
354 4074 434 4140 vidit
455 4075 563 4155 illud,
589 4077 696 4139 satius
717 4096 806 4149 esse,
837 4076 995 4140 illumin
1019 4074 1187 4155 infamiae
1212 4074 1361 4156 relinqui
1381 4070 1562 4161 sordibus,

238 4187 369 4250 „quum
397 4164 532 4244 infirmo
559 4167 694 4232 iudicio·
715 4167 900 4231 committi:
930 4163 989 4229 sed
1014 4164 1137 4228 ductus
1163 4164 1243 4228 odio
1270 4165 1469 4245 properavit
1489 4184 1563 4230 rem

237 4255 424 4330 „deducere
448 4259 482 4321 in
510 4256 695 4336 iudicium,
717 4277 824 4340 ouum
845 4257 946 4320 illum
966 4253 1126 4337 plumbeo
1150 4254 1272 4336 gladio
1291 4252 1495 4335 iugulatum
1517 4255 1565 4317 iri

236 4356 373 4424 „tamen
392 4347 527 4417 diceret.
567 4347 636 4411 Sed
655 4345 840 4417 iudicium,
871 4349 903 4409 si
922 4348 1061 4430 quaeris
1085 4346 1188 4430 quale
1202 4344 1335 4425 fuerit,
1368 4342 1565 4413 incredibili

237 4439 375 4515 „exitu3
394 4440 444 4500 sic
465 4439 517 4500 uti
538 4456 628 4501 nunc
646 4456 690 4503 ec
709 4446 826 4504 eventu
847 4435 890 4500 ab
911 4436 1013 4514 aliis,
1042 4455 1065 4497 a
1087 4456 1139 4501 me
1162 4444 1276 4497 tamen
1298 4455 1342 4500 ex
1363 4436 1440 4514 ipso
1462 4436 1563 4499 initio

237 4527 445 4601 „coruilium
464 4523 656 4590 'Hortensii
687 4525 963 4607 reprebendatur.
1012 4522 1105 4588 Nam
1137 4534 1173 4587 ut
1206 4526 1346 4588 reiectio
1372 4524 1486 4605 facta
1512 4536 1563 4592 est

236 4617 469 4694 „clamoribus
493 4620 672 4696 maximis,
703 4638 810 4701 quum
833 4616 1045 4693 'accusatam
1079 4608 1258 4698 tamqu'am
1288 4635 1408 4679 censor
1435 4614 1563 4694 bonus,

237 4709 409 4783 „homines
421 4709 642 4793 nequissimos
662 4709 837 4788 reiiceret,
856 4725 952 4787 reus,
965 4716 1145 4790 tamquam
1159 4706 1304 4772 clemens
1319 4706 1467 4788 lanista,
1485 4703 1563 4785 Ιιιι·
