3210 5280
195 211 257 287 124
404 202 844 272 Psintino-asconius
865 205 914 268 IN
936 202 1310 269 mvtunrloussns.

274 345 324 417 M.
349 347 506 411 Catonem
527 344 626 406 illum
645 342 850 424 Sapientem]
894 342 980 408 Cato
1003 341 1054 404 hic
1076 341 1234 404 accrrsavit
1251 340 1394 423 Sergium
1419 345 1498 406 Gai-

193 442 263 507 barn
291 458 353 520 pro
376 435 505 516 direptis
528 436 685 498 Lusitanis
707 448 737 498 et
760 437 801 500 P.
825 438 954 500 Furium
982 457 1043 518 pro
1065 437 1191 512 iisdem,
1214 447 1347 518 propter
1369 435 1498 521 iniquis-

193 532 301 598 simam
324 527 568 590 aestimationem
591 526 753 592 frumenti.

278 625 322 701 (§.
348 619 610 699 reticeamus
631 619 691 683 Μ)
712 619 907 705 Aquilium]
960 621 1022 684 Hic
1045 620 1109 684 M?
1130 619 1276 704 Aquilius
1298 623 1335 681 de
1359 620 1498 700 pecuniis

169 713 376 799 trepetnndis
397 723 560 774 accusatus
583 719 642 772 est.
686 709 749 772 Hic
764 724 809 773 est
825 712 921 798 igitur
937 713 1063 777 Lentuli
1084 713 1183 775 Suras
1206 712 1347 793 paterio
1370 733 1497 775 carcerc

194 805 384 892 strangulati
406 815 537 886 propter
558 802 816 867 coniurationem.

282 899 318 961 L.
341 899 472 961 Cottum
493 899 526 958 in
547 894 714 958 iudicium
734 897 879 980 vocavit]
922 898 1017 961 Hunc
1039 898 1080 961 P.
1096 896 1268 960 Africanus
1290 909 1363 981 post
1385 919 1497 961 secun·

194 992 266 1053 dum
287 986 481 1051 consulatum
503 999 533 1048 et
555 1006 717 1050 censuram
740 986 852 1050 dicitur
874 1010 1047 1054 accusasse.

278 1082 321 1159 (§.
347 1080 415 1157 to.)
435 1079 640 1162 indiciisque
661 1082 829 1158 corruptis
850 1090 882 1144 et
903 1082 1157 1162 contaminatis]
1200 1083 1367 1164 Corrupto
1385 1083 1496 1146 iudicia

152 1191 183 1240 tu
196 1184 267 1236 sunt
281 1173 310 1234 in
326 1171 379 1246 iis,
401 1170 454 1253 qui
470 1176 660 1250 acceperunt
673 1169 853 1248 pectiniam,
878 1175 1112 1237 contaminato
1127 1173 1157 1237 in
1173 1173 1227 1247 iis,
1252 1174 1306 1259 qui
1321 1175 1494 1239 offensione

195 1264 314 1328 ordinis
340 1263 542 1325 infatuantur.

276 1360 321 1434 (§.
346 1357 413 1433 71.)
434 1351 599 1440 Requiret]
642 1350 798 1415 Amissum
813 1354 937 1418 sentiet.
981 1357 1210 1422 Hocesteuim
1232 1358 1495 1442 nihilrequiret3

192 1469 257 1512 uon
278 1446 390 1508 sentiet
411 1447 470 1507 sibi
492 1448 599 1507 deesse
621 1443 734 1526 aliquid
756 1465 795 1506 ex
817 1446 855 1508 iis
877 1450 989 1523 rebus,
1015 1471 1090 1533 quas
1112 1473 1267 1536 nunquam
1290 1451 1410 1511 habuit.

275 1541 321 1618 (§.
346 1538 412 1615 73.)
433 1538 507 1619 Ego
528 1557 579 1599 rue
600 1535 762 1616 dignitate
782 1549 979 1617 superatum
1000 1562 1067 1605 non
1087 1541 1291 1624 arbitrator]
1326 1543 1393 1605 Ero
1413 1542 1493 1604 cuins

151 1632 358 1704 ttdeiensor,
394 1640 427 1690 ut
459 1625 523 1700 sui,
561 1636 591 1687 et
620 1624 834 1687 necessitatem
856 1630 1064 1692 accusationis
1086 1635 1226 1695 evadam.
1270 1636 1344 1698 Hoc
1371 1636 1493 1719 quidem

193 1724 317 1787 uidetur
338 1722 429 1803 piane
452 1719 575 1791 dicere,
610 1719 666 1779 scd
688 1717 819 1779 intentor
840 1720 903 1782 hoc
924 1720 1098 1804 significat,
1131 1746 1234 1807 prato
1262 1729 1299 1789 dc
1321 1748 1355 1790 se
1376 1727 1493 1792 iudicio

193 1816 291 1900 tnagis
314 1813 469 1877 iudicibus
492 1814 652 1873 haesuram
675 1809 897 1892 turpitudinem
920 1835 1012 1897 quam
1034 1815 1106 1880 sibi.

284 2027 310 2076 2.
325 2038 379 2092 pro
399 2020 509 2087 iisdem]
530 2035 585 2069 om.
605 2015 674 2073 Lod.

285 2101 311 2155 3.
327 2102 444 2166 propter
461 2097 661 2163 iniquissimam
679 2094 914 2164 aestimationem]
946 2093 992 2147 Sic
1012 2099 1119 2168 scripsi.
1139 2125 1173 2140 -·
1191 2104 1423 2170 propinquissima
1441 2121 1493 2154 ex-

192 2176 336 2226 timatione
357 2170 447 2222 Ptine.
469 2164 575 2220 Bcrnld.
599 2165 658 2220 eid.
678 2183 785 2237 -pro
803 2173 974 2238 Iniquissima
993 2176 1187 2224 aestimatione
1206 2173 1272 2227 Lod.
1293 2189 1320 2229 ei
1340 2193 1416 2249 seqq.

284 2245 310 2300 It.
334 2245 496 2308 decimauit]
520 2240 675 2293 Aeensadat
696 2241 763 2294 Lod.
783 2242 860 2294 Men.
879 2259 943 2294 curn
962 2242 1039 2299 editt.
1061 2246 1212 2302 Ciceronis.

266 2319 336 2373 ibit.
356 2318 420 2385 M.']
442 2317 519 2370 Mnn.
538 2345 575 2358 -
594 2315 638 2367 M.
658 2320 752 2368 ceteri.
774 2315 820 2370 sie
840 2323 944 2372 statim.

164 2432 170 2443 .
266 2394 337 2447 ibit.
361 2393 498 2462 Aqtts'iius]
517 2391 652 2460 neqssiiirss
670 2392 762 2445 Prius.
1356 2429 1359 2433 .

283 2473 311 2527 5.
330 2467 439 2520 Lenem
456 2467 544 2518 Sarae
560 2466 656 2533 pater]
689 2465 801 2532 „lmine
819 2481 907 2518 avias:
935 2462 1006 2538 qnod
1032 2466 1165 2540 significet
1185 2469 1239 2522 Dio
1259 2468 1308 2523 lib.
1328 2471 1425 2524 xnvt.
1453 2477 1492 2545 [p.

190 2543 255 2602 165.
275 2540 318 2596 ed.
341 2543 436 2608 tisim]
457 2540 554 2592 Cicero
575 2544 604 2590 in
624 2538 705 2592 Cstii.
725 2554 793 2592 ores.
814 2541 863 2593 lv.
884 2543 920 2608 [c.
939 2544 966 2598 6.
980 2541 1004 2606 ᾗ.
1020 2545 1063 2600 13.
1083 2540 1155 2595 coni.
1168 2558 1238 2596 orst.
1253 2543 1301 2598 itt.
1315 2561 1341 2598 c.
1354 2549 1380 2602 5.
1393 2547 1418 2613 i.
1437 2553 1492 2616 sn]

190 2633 218 2671 et
244 2615 367 2669 Valerius
393 2617 438 2684 [V.
464 2618 490 2675 5.
517 2613 595 2667 Rom.
620 2615 673 2680 21:
706 2627 735 2666 nt
760 2611 907 2686 legendnm
933 2619 969 2668 sit
994 2612 1125 2669 fortasse:
1154 2618 1209 2668 Hic
1233 2626 1276 2668 est
1293 2636 1364 2670 nous
1383 2619 1493 2673 Lentuli

189 2693 278 2744 Surae
293 2694 436 2762 praetoris
454 2703 509 2744 cer,
538 2703 600 2740 nam
625 2702 653 2739 et
674 2695 791 2759 praetor
817 2704 843 2741 et
865 2697 950 2758 pater
969 2685 1072 2742 duabus
1091 2689 1190 2744 litteris
1211 2692 1355 2746 scribitur:
1388 2710 1414 2747 et
1434 2710 1492 2749 erat

15 2804 20 2811 -
115 2814 121 2834 ,
190 2766 274 2832 Sars,
294 2783 347 2838 qno
367 2780 438 2816 anno
458 2767 487 2816 in
507 2778 612 2815 carcere
633 2761 815 2832 strangulatus
835 2779 895 2827 est,
916 2764 1050 2888 praetori·
1070 2765 1214 2819 Minor.
1235 2771 1262 2818 in
1283 2767 1348 2820 edit.
1361 2784 1493 2840 pour.-

189 2834 364 2894 iioborteiins
384 2836 538 2893 Emendsu.
557 2834 583 2909 p.
602 2840 648 2893 58.
667 2836 757 2889 locum
778 2837 851 2889 hanc
863 2842 904 2890 sic
928 2837 1059 2910 egendum
1072 2856 1182 2896 censet:
1201 2840 1232 2895 P.
1249 2841 1390 2910 haeredes]
1413 2846 1492 2895 Avus

189 2913 235 2967 iss'e
262 2924 306 2967 est
329 2913 438 2966 Lentuli
462 2914 550 2964 Surae
571 2928 617 2983 pr.
645 2914 663 2964 i.
692 2927 715 2963 e.
737 2917 887 2981 praetoris.
925 2917 979 2981 ,At
1000 2928 1119 2984 praestat
1139 2918 1290 2968 Ascanium
1309 2917 1492 2990 negligentem

190 3005 286 3063 putere
307 2994 414 3063 potins,
432 2984 512 3060 quatit
533 3001 674 3057 tantopere
692 2983 728 3036 sb
746 2990 805 3039 eius
824 2987 901 3041 MSis
920 2984 1022 3040 obire.’'
1042 2987 1176 3042 GARAT.

196 3094 199 3098 ·
285 3071 312 3123 7.
334 3064 456 3130 Cottam]
489 3069 596 3114 coctam
614 3061 705 3113 Ptine.

265 3137 336 3190 ibid.
356 3138 483 3202 vaeavit]
503 3134 625 3187 vocabat
643 3132 710 3188 Lod.
729 3131 815 3206 Lngd.
835 3135 913 3188 usn.
933 3152 997 3190 eunt
1016 3132 1093 3188 editt.
1113 3136 1263 3191 Ciceronis.

265 3211 336 3267 ibid.
353 3214 430 3280 post]
458 3207 523 3262 Lod.
545 3225 572 3262 es
591 3224 664 3279 seqq.
684 3238 721 3252 -
739 3217 804 3259 ante
825 3213 915 3263 Princ.
935 3209 1041 3264 Berald.
1062 3209 1123 3265 sid.

282 3291 310 3345 9.
332 3295 360 3337 et
378 3287 511 3351 contem]
531 3302 564 3334 ac
583 3290 702 3335 contem.
722 3282 800 3336 editt.
814 3283 971 3350 Ciceronis,
992 3300 1155 3358 quamquam
1175 3291 1258 3339 etiam
1278 3284 1349 3358 apud
1369 3286 1442 3338 hunc
1463 3288 1492 3339 in

190 3361 295 3432 aliquot
316 3356 395 3414 codd.
415 3358 502 3411 bonae
521 3372 602 3411 nosse
620 3357 719 3426 legitor
732 3364 769 3412 et.
796 3357 1026 3413 coniunctionem
1040 3378 1074 3410 ac
1087 3375 1150 3413 ente
1164 3361 1296 3436 syllabam
1309 3380 1360 3412 aaa
1374 3367 1491 3432 positam

190 3434 256 3488 ferri
278 3453 355 3507 posse
376 3438 403 3487 in
425 3433 556 3485 Cicerone
576 3429 669 3484 docuit
690 3431 847 3504 Zumptiust
879 3449 906 3486 st
926 3434 989 3487 inde
1009 3451 1064 3487 non
1083 3440 1206 3507 sequitur
1224 3453 1284 3489 eam
1304 3441 1387 3489 ctiam
1408 3453 1491 3508 prae-

190 3510 257 3565 iersi
276 3510 374 3563 debere
393 3507 471 3560 elteri
491 3506 698 3578 pertinuisset,
719 3505 765 3558 nbi
786 3508 852 3560 haee
872 3515 1034 3562 anctoritate
1054 3509 1187 3563 bonorum
1206 3510 1338 3563 librorum
1359 3511 1491 3563 iirnmtur.

263 3590 309 3641 19..
327 3582 469 3654 Requiret]
487 3581 611 3651 Requirit
630 3577 696 3633 Lod.
715 3609 752 3622 -
770 3587 904 3652 requiriet
923 3582 988 3658 (sic)
1013 3583 1091 3639 Man.

263 3657 336 3714 ibid.
355 3656 468 3727 sentiet]
487 3661 573 3709 sentit
594 3653 661 3707 Lod.

265 3732 336 3786 ibid.
355 3733 416 3783 Hoc
434 3738 478 3782 est
496 3732 578 3796 enim]
599 3728 649 3781 isac
668 3733 740 3779 enim
758 3729 865 3783 Bernld.
884 3758 919 3773 -
938 3730 989 3783 irae
1008 3737 1080 3785 enim
1098 3741 1141 3785 est
1160 3731 1226 3787 Lod.

266 3813 312 3866 13.
333 3811 455 3876 requiret
473 3836 492 3848 -
510 3804 624 3876 sentiet]
644 3807 760 3873 requirit
781 3835 800 3847 -
817 3809 905 3856 sentit
923 3806 991 3861 Lod.

267 3880 339 3935 lbid.
359 3882 429 3953 non]
449 3897 498 3930 nee
518 3877 622 3931 Berald.
641 3876 708 3930 Lod.

267 3957 310 4013 16.
325 3957 409 4027 plane
427 3954 530 4022 dicere]
552 3951 617 4005 Lod.
637 3968 664 4004 et
677 3968 751 4024 seqq.
771 3980 807 3996 -
822 3953 935 4023 plaeere
948 3958 1063 4028 priores.
1083 3984 1121 3998 -
1139 3954 1285 4027 „Videtur
1293 3954 1377 4025 piane
1390 3954 1492 4023 dicere]

192 4027 304 4090 Bodtei.
324 4034 425 4099 Vetus,
441 4027 579 4100 plaeere.”
607 4027 696 4082 flor.
