3210 5280
695 183 953 293 uscontus²
1013 271 1014 274 κ

650 367 805 431 PAULO
828 367 959 431 POST.

239 462 287 538 (§.
316 459 389 535 tt.)
433 458 532 537 Quod
548 461 579 521 si
596 479 656 539 per
667 459 845 539 furiosum
866 458 966 518 illurn
990 457 1158 520 tribunum
1179 458 1283 537 plebis
1306 451 1481 534 senatui,

158 552 250 635 quod
266 549 443 626 sentiebat,
462 546 621 628 perficere
645 547 812 620 licuisset,
833 567 953 609 ttovnut
973 550 1200 629 quaestionem
1215 550 1348 609 nullom
1361 550 1460 612 itube-

157 661 275 704 remns.
315 636 518 704 Decernebnt
544 640 649 711 enim,
680 644 716 696 ut
745 629 902 698 veteribus
936 635 1065 715 legibus
1095 639 1327 699 tantummodo
1359 648 1460 701 ertrtt

133 729 306 792 sordinem
320 735 545 810 quaereretur.
584 725 698 787 Divisa
712 726 870 788 sententio
891 733 956 802 est,
976 724 1170 804 postulante
1190 728 1301 788 nescio
1321 747 1401 808 quo.
1419 760 1460 774 ··

157 819 215 881 Sic
239 818 372 900 reliqua
396 819 585 878 nttctoritns
604 821 737 878 senatus
756 821 869 894 empta
891 815 1120 876 intercessione
1142 814 1278 875 subluto
1299 823 1357 878 est.

221 906 303 985 Quid
332 906 371 967 sit
401 905 541 968 dividere
574 905 787 980 sententium,
827 913 861 964 ut
889 904 1092 964 enarrandum
1117 902 1175 978 sit,
1223 914 1325 966 vestra
1350 915 1460 982 aetas,

157 999 230 1071 filii,
250 999 337 1062 fucit.

220 1089 300 1154 Cunt
323 1088 433 1172 aliquis
453 1087 483 1151 iu
505 1087 631 1151 dicenda
650 1086 799 1150 sententia
821 1089 895 1148 ditas
915 1088 1063 1168 pluresve
1085 1090 1136 1149 r'es
1158 1088 1393 1170 complectitur,
1428 1103 1463 1165 ct

118 1185 184 1246 1⁰si
210 1205 270 1247 uon
293 1205 400 1246 omncs
424 1203 520 1265 aeque
542 1183 737 1262 probantur,
762 1183 959 1261 postulatur,
994 1192 1029 1243 ut
1053 1180 1228 1257 dividatur,
1261 1181 1290 1242 id
1320 1194 1386 1258 est,
1421 1186 1460 1247 de

157 1275 572 1359 rebussiugulisreieratur.
596 1273 742 1336 Forsitan
759 1294 838 1334 nuuc
854 1275 915 1335 boc
927 1295 1053 1358 quoque
1068 1273 1168 1336 velitis
1179 1272 1273 1349 scire,
1290 1276 1458 1358 quiluerit,

158 1368 210 1450 qui
225 1369 431 1449 postulaverit
443 1369 467 1440 †
478 1368 562 1448 quod
578 1387 640 1427 nou
652 1365 733 1427 ierat
750 1366 887 1429 auditor.
932 1368 1004 1430 Nou
1019 1367 1098 1429 enim
1118 1366 1163 1442 ei,
1188 1367 1239 1451 qui
1263 1371 1324 1430 boc
1346 1382 1459 1450 postu·

157 1462 218 1535 lat,
249 1463 391 1524 oratione
413 1461 507 1544 longa
531 1462 696 1533 utendum,
721 1480 757 1520 ac
778 1480 815 1520 ne
838 1463 1088 1544 consurgendum
1112 1460 1235 1543 quidcru
1259 1462 1365 1544 utique
1389 1472 1456 1535 est,

158 1554 244 1616 multi
273 1552 354 1616 enim
387 1557 528 1618 sedentes
557 1555 618 1615 boe
650 1574 740 1614 unum
773 1554 902 1614 verbum
933 1552 1159 1633 pronunciant:
1193 1555 1317 1621 Divide.
1361 1555 1457 1634 Quod

117 1647 225 1706 1⁵ctnn
246 1647 381 1707 anditum
403 1657 467 1718 est,
493 1645 623 1706 liberum
646 1647 692 1718 ei,
718 1645 768 1725 qui
790 1645 865 1707 iacit
885 1646 1076 1720 orationem,
1101 1647 1250 1707 dividere.
1295 1649 1455 1729 sesego,

158 1749 191 1798 ut
214 1739 367 1801 curiosius
391 1739 482 1801 aetati
501 1751 625 1799 vestrae
646 1736 847 1811 satisfaciam,
885 1749 955 1801 acta
974 1739 1063 1801 ctiam
1083 1738 1179 1802 totius
1200 1739 1284 1805 illins
1305 1741 1457 1821 temporis

155 1843 339 1910 persecutus
365 1854 455 1903 sum3
489 1830 520 1892 in
552 1830 666 1914 quibus
698 1831 860 1914 cognovi,
898 1832 997 1912 pridie
1023 1832 1097 1896 Kal.
1126 1833 1229 1895 lilnrt.
1259 1835 1293 1895 S.
1317 1833 1359 1898 C.
1388 1855 1457 1895 csse

158 1923 292 1999 sectum,
318 1926 359 1988 Ρ.
384 1924 488 1989 Clodii
508 1927 632 1987 caedem
650 1934 681 1986 et
695 1923 865 1985 incendium
882 1926 985 1986 euriae
1000 1938 1030 1986 et
1046 1925 1311 2005 oppugnationem
1336 1926 1456 1988 aedium

159 2019 211 2079 M.
233 2015 345 2098 Lepidi
368 2030 477 2081 eontra
501 2017 736 2098 rempublicam
761 2017 892 2092 iactatu,
925 2018 1005 2079 nitra
1025 2018 1156 2080 relatum
1178 2018 1208 2079 iu
1231 2019 1305 2078 actis
1329 2019 1383 2081 illo
1407 2020 1457 2081 die

117 2110 252 2184 tunium
276 2123 405 2191 postero
428 2111 495 2187 die,
520 2112 549 2173 id
571 2123 635 2184 est,
659 2111 793 2174 Kalend.
815 2111 938 2183 Mart„
968 2111 1144 2173 Munatium
1169 2111 1199 2172 iu
1222 2110 1374 2174 cont-ione
1400 2133 1458 2172 ex·

158 2204 302 2285 posuisse
323 2205 463 2286 populo,
499 2226 578 2287 quae
608 2203 707 2284 pridie
740 2215 806 2264 acta
835 2213 922 2265 crant
953 2203 983 2264 iu
1012 2216 1140 2266 senatus
1173 2204 1201 2266 iu
1224 2226 1281 2286 qua
1306 2205 1458 2267 concione

1265 2324 1459 2337 ——1-—

252 2398 278 2446 1.
299 2409 353 2446 om.
374 2389 543 2464 Lod.1.ugd.
563 2393 626 2445 Hos.
646 2395 718 2445 Man.
804 2398 829 2444 ⁸2.
845 2391 944 2461 plebis]
964 2391 1039 2443 abest
1054 2392 1087 2442 ab
1100 2391 1266 2443 editionibus
1280 2393 1433 2446 Ciceronis.

250 2471 275 2525 3.
295 2473 477 2534 quaestionem
497 2468 611 2534 niellam]
633 2469 723 2520 Ptine.
744 2464 848 2519 neratd.
875 2494 909 2506 -
931 2471 1115 2535 qtsnestionem
1133 2485 1204 2517 nttnc
1224 2469 1325 2518 nullum
1350 2468 1408 2520 Ald.
1431 2485 1459 2521 et

79 2610 83 2617 ¹
158 2559 233 2612 seqq.
253 2558 315 2593 cnm
340 2540 508 2595 editionibus
532 2544 688 2607 Ciceronis,
719 2541 790 2613 apud
810 2556 890 2612 quem
916 2544 1002 2613 ipsum
1025 2541 1181 2594 adverbium
1201 2547 1303 2594 omittit
1325 2540 1386 2594 cod.
1407 2544 1460 2595 Er-

159 2614 297 2668 lunensis.
1469 2651 1472 2659 -

252 2695 277 2748 5.
297 2697 387 2743 neseio
406 2693 482 2760 qun]
515 2692 580 2744 Post
606 2691 673 2743 haec
700 2690 734 2741 ab
752 2687 812 2743 ald.
831 2705 858 2742 et
878 2706 950 2761 seqq.
970 2690 1148 2742 exciceroue
1166 2694 1266 2764 inserte
1284 2705 1361 2743 snut:
1388 2689 1463 2742 nilsil

158 2771 231 2819 enirn
249 2783 357 2817 necesse
375 2774 417 2818 est
437 2770 555 2816 omnium
570 2765 689 2836 flagitio
706 2763 849 2836 proferre.

250 2844 277 2897 9.
295 2845 351 2908 res]
373 2857 429 2893 om.
450 2838 516 2891 Lod.

235 2923 277 2971 10.
296 2922 324 2964 et
342 2919 440 2966 sinon
463 2932 555 2965 ornnes
572 2932 654 2984 oeque
670 2914 837 2985 probantur]
860 2915 906 2967 Sic
930 2917 1037 2984 scripsi.
1059 2939 1093 2953 -
1118 2921 1146 2964 et
1164 2917 1190 2963 si
1206 2931 1243 2964 no
1276 2930 1371 3039 mes
1389 2934 1422 2965 ae
1445 2932 1461 2966 e

159 2992 223 3055 (sic)
239 2985 497 3058 probantitrPriuc.
515 3013 551 3027 ·-
569 2998 598 3040 et
616 2994 641 3039 si
658 3008 713 3058 ncrt
732 3007 825 3040 omnes
843 3007 891 3039 eae
908 2987 1062 3058 probantur
1079 2986 1186 3042 Beruld.
1207 2987 1240 3041 Al

158 3091 196 3106 -
214 3083 262 3114 ene
280 3070 305 3114 si
326 3081 380 3115 non
400 3082 493 3115 omnes
505 3065 660 3134 probantur
682 3065 744 3115 Ηοι.
765 3065 840 3117 Man.
860 3066 938 3117 Creu.
1222 3084 1226 3096 ·

234 3136 304 3191 lbld.
321 3140 496 3208 postuletur,
514 3148 545 3189 nt
564 3139 718 3205 dividatur]
746 3138 791 3190 Sic
810 3143 919 3210 scripsi.
935 3164 971 3176 ·-
991 3136 1130 3204 postulat,
1145 3144 1175 3186 ut
1191 3135 1355 3188 dividantur
1367 3137 1461 3191 Priuc.

159 3212 265 3266 Berald.
284 3212 342 3266 atd.
354 3213 419 3265 Lod.
440 3213 523 3284 bugd.
542 3241 579 3254 —
594 3214 769 3284 postulatur,
787 3221 819 3264 ιιι
837 3212 946 3264 dividat
966 3213 1030 3265 Hos.
1051 3211 1130 3265 Mau.
1147 3212 1228 3264 Creu.

235 3286 306 3340 ibid.
325 3286 356 3338 id
376 3297 418 3338 est
435 3290 484 3357 de]
504 3287 592 3339 idest
611 3297 643 3339 ut
664 3288 697 3338 de
719 3288 781 3339 ilos.
802 3289 883 3340 Creu.

236 3370 280 3419 11.
300 3360 461 3433 reseratur]
481 3362 645 3431 reserantur
665 3363 756 3415 Princ.
778 3359 841 3415 ald.

235 3434 304 3490 lbid.
330 3437 460 3488 ibrsitan
477 3437 612 3504 -ferat
629 3437 766 3504 creditum]
795 3438 866 3489 Haec
885 3435 1029 3488 Sebuteius
1050 3439 1216 3506 tnnspcsuit
1236 3449 1297 3506 post
1316 3434 1396 3487 verbs
1416 3440 1463 3504 qni

153 3511 233 3585 facit
253 3515 422 3577 orationem,
443 3511 578 3566 diuidere.
806 3511 878 3567 lbid.
898 3508 1061 3579 prsifnerit]
1080 3515 1141 3579 quis
1148 3508 1245 3580 fuerit
1264 3508 1331 3561 Lod.

236 3592 279 3643 12.
299 3585 371 3655 qnod
385 3603 440 3637 non
451 3584 537 3656 serat
555 3585 678 3651 nuditer]
699 3585 763 3638 Hos.
783 3585 864 3639 Creu.
889 3613 925 3626 —
950 3585 1023 3654 qnod
1040 3602 1095 3635 non
1107 3583 1194 3655 ferat
1213 3583 1325 3635 adiretur
1344 3588 1460 3654 priores.

160 3665 225 3715 Loci
249 3664 370 3732 corrupti
390 3677 498 3713 sensum
517 3658 600 3713 luisse
620 3676 700 3732 puto,
732 3665 855 3730 quemvis
874 3657 1029 3712 auditorum
1048 3663 1107 3710 sine
1132 3658 1188 3711 nlla
1206 3655 1366 3711 difficultate
1386 3658 1463 3711 divi-

161 3741 264 3789 sionem
287 3734 424 3861 ppstulere
444 3739 572 3860 potuisse.
610 3735 741 3859 διιιίιὲῖἷ
761 3752 854 3787 ιιιιιιιι
874 3739 1009 3804 requirere
1032 3733 1152 3860 ridetulrv:
1183 3733 1256 3802 qtsod
1274 3750 1329 3783 non
1347 3733 1463 3878 diegap

160 3821 267 3863 orator.
323 3825 375 3862 ors.
412 3827 447 3860 uo
484 3828 540 3861 non
576 3818 657 3860 uerat
734 3814 747 3858 ι’
782 3818 814 3861 ut
831 3828 847 3861 o
865 3815 928 3861 inor
964 3825 1082 3862 neeesse.
1150 3825 1185 3859 on
1198 3813 1269 3858 enim
1282 3813 1373 3860 eicet.
1423 3826 1447 3860 s.

203 3924 206 3931 .
236 3808 306 3937 ibici.
323 3829 470 3935 Nonint'nr
480 3889 522 3949 ei,
537 3809 593 3953 pisse]
614 3885 661 3937 Sic
674 3847 781 3954 scripsi.
795 3911 832 3927 -
845 3830 902 3935 ion
914 3847 979 3936 erite.
995 3887 1042 3952 qni
1055 3880 1260 3936 Princ.Beruld.
1270 3881 1330 3934 sid.
1341 3881 1405 3936 Lod.
1424 3911 1464 3925 -

160 3961 227 4014 Non
244 3966 288 4010 est
306 3963 347 4023 ei,
367 3964 413 4028 qui
429 3956 511 4031 Luqd.
532 3959 598 4012 Hor.
623 3962 696 4013 Meu.
714 3960 793 4011 Creu.
814 3984 848 4000 -
867 3961 932 4011 Non
950 3965 992 4008 est
1010 3965 1102 4008 αιιιιιιι
1120 3963 1162 4021 ιι,
1183 3962 1229 4027 qni
1249 3955 1405 4009 Schnttlns.

235 4038 279 4091 13.
297 4033 529 4102 consurgendum]
549 4031 635 4105 Lugd.
660 4036 724 4086 lios.
749 4035 825 4086 Mau.
846 4034 927 4088 Creu.
956 4059 993 4072 -
1020 4031 1211 4084 consulendum
1234 4032 1324 4085 Priuc.
1351 4030 1461 4085 Bersld.

160 4107 221 4163 Aid.
243 4105 312 4161 Lod.

236 4184 280 4239 tlt.
299 4180 413 4250 Divide]
435 4181 520 4254 Lugd.
533 4182 597 4235 Hos.
611 4182 688 4234 Man.
702 4181 785 4234 Creu.
805 4211 839 4225 -
858 4181 970 4251 denique
982 4182 1074 4235 Princ.
1088 4178 1195 4234 Beseld.
1209 4178 1269 4320 τά.
1285 4177 1350 4233 Lod.

235 4259 277 4314 15.
297 4256 411 4308 liberum
432 4262 472 4324 ei,
493 4263 538 4327 qus·
546 4255 631 4327 saeit
650 4261 822 4321 orationem,
843 4255 978 4324 dividere]
1000 4256 1132 4310 Sebbseio
1149 4272 1210 4308 sens
1231 4272 1243 4306 s
1262 4254 1401 4327 postulare
1422 4258 1466 4307 ri-

161 4329 255 4386 detur:
278 4340 398 4458 ὅροιιιι
417 4350 499 4398 suns,
524 4336 570 4402 qui
582 4328 663 4402 facit
688 4336 860 4399 orationem,
887 4335 1054 4382 sententiam
1073 4329 1207 4383 dividere.
1236 4329 1322 4403 flotg-
1347 4329 1466 4382 liberunt

160 4416 204 4459 ιιι
222 4411 258 4461 ιι.
306 4424 332 4458 u.

236 4484 280 4537 17.
295 4404 467 4552 peiseesttns]
489 4477 572 4552 Lugtl.
585 4482 649 4533 Hos.
663 4478 739 4533 Men.
753 4478 834 4534 Creu.
856 4509 887 4521 -
905 4486 1070 4549 prosecutus
1081 4479 1173 4531 Priuc.
1183 4475 1290 4530 Beseld.
1300 4474 1362 4532 ald.
1374 4475 1444 4530 Lod.

235 4552 306 4608 lbid.
325 4556 355 4609 S.
370 4556 413 4623 C.]
433 4553 518 4626 bugd.
535 4555 598 4607 Hos.
617 4554 694 4608 Man.
709 4554 789 4607 Creu.
808 4583 845 4597 -
863 4559 904 4606 sie·
920 4549 1206 4607 interprendant
1224 4549 1293 4605 Lod.
1311 4579 1349 4594 -
1368 4553 1465 4625 „qu

161 4631 192 4687 S.
212 4630 244 4684 C.
264 4645 324 4680 esse
336 4629 481 4701 jacerem.”
511 4629 653 4683 Manus.
669 4633 699 4681 iu
719 4628 802 4701 Lugd.

236 4712 281 4764 18.
292 4701 418 4775 saettsm]
432 4700 549 4773 facturn
566 4700 631 4755 Lod.
807 4707 851 4760 19.
861 4699 990 4773 saetam]
1003 4697 1121 4770 foetum
1140 4701 1231 4756 Priuc.

237 4780 282 4837 19.
301 4781 384 4847 artis]
405 4780 497 4834 Priuc.
518 4775 624 4833 nerui.
640 4776 700 4832 ald.
719 4776 786 4833 bod.
807 4806 840 4822 -
860 4785 926 4831 octa
944 4774 1029 4849 bugd.
1041 4776 1106 4835 iios.
1119 4777 1195 4832 Mau.
1207 4775 1288 4828 Creu.

1373 2987 1461 3061 bugd.
