3210 5280
523 216 572 280 lu
596 215 956 284 CORNELIANAM.
1397 167 1435 284 tt

620 377 779 488 ennio
802 422 932 493 rose.

205 543 316 608 Unum
333 554 463 617 tomen,
498 542 593 627 quod
610 544 676 605 lroc
699 544 772 623 ipso
795 542 927 606 tribuno
949 544 1055 624 plebis
1072 544 1216 624 sactum
1238 555 1305 622 esi,
1338 567 1437 628 proc·

122 633 370 698 tenniitendum
390 655 456 695 non
478 632 616 696 videtur.
655 629 774 714 Neque
796 635 882 694 enim
915 637 1024 696 maius
1052 644 1100 698 esi
1129 634 1241 716 legere
1263 635 1435 713 codicem,

123 743 205 784 cum
227 723 470 803 intercedotnr,
503 742 608 805 quant
634 722 784 784 sitellam
810 723 920 801 ipsam
944 743 1024 784 curn
1049 725 1360 802 ipso-intercessore
1382 724 1434 787 de-

116 811 233 890 ferre,
253 831 315 873 nec
339 813 497 894 gravius,
519 813 666 891 incipere
670 810 786 890 ferre,
807 830 912 892 quant
929 810 1096 890 perferre,
1116 832 1177 875 nec
1194 814 1461 892 venementius‚s

123 900 293 965 ostendere
316 921 351 963 sc
370 902 523 961 laturum
545 901 648 962 invito
667 899 823 980 collega,
855 920 960 981 quarn
983 902 1050 979 ipsi
1068 902 1225 984 collegae
1256 906 1436 983 magistru-

124 1000 196 1052 ium
230 990 420 1071 abrogare,
449 1009 510 1052 uec
544 990 774 1066 criminosius,
808 988 914 1050 tribus
951 988 998 1049 od
1030 989 1139 1071 legem
1179 991 1435 1071 accipiendum,

124 1100 231 1160 quam
251 1078 299 1141 ad
318 1079 493 1158 collegam
512 1077 714 1140 reddendam
731 1080 901 1158 privatum
913 1081 1000 1141 intro
1016 1100 1159 1143 vocare:
1175 1100 1264 1163 quoe
1290 1082 1340 1141 vir
1351 1079 1437 1157 for·

121 1172 189 1245 iis,
208 1171 310 1231 liuius
325 1168 483 1248 collega,
504 1165 619 1230 Aulus
631 1167 787 1230 Gabinius
809 1171 842 1228 in
864 1188 899 1231 re
919 1170 1049 1246 optimo
1058 1168 1152 1246 fecii
1164 1169 1297 1242 omnia,·
1316 1169 1449 1249 neque,

123 1277 201 1320 curn
221 1259 369 1320 salutem
384 1254 517 1338 populo
537 1256 687 1318 liomono
706 1266 809 1339 atquc
831 1255 982 1318 omnibus
1003 1256 1157 1337 gentibus
1172 1255 1281 1330 finem
1303 1254 1433 1317 diutur·
1447 1259 1477 1306 ¹⁰

121 1369 185 1412 noe
208 1344 456 1426 [cupiditatis],
478 1346 695 1425 turpitudinis
715 1357 747 1408 et
767 1347 936 1409 servitulis
954 1345 1108 1424 offerret,
1128 1366 1248 1425 passus
1269 1355 1332 1421 esi,
1352 1345 1431 1425 plus

124 1438 224 1498 unius
247 1435 406 1519 collegae
425 1434 499 1513 sui,
533 1455 639 1517 quam
668 1438 837 1499 universae
864 1432 1024 1514 civitatis,
1057 1457 1172 1498 vocem
1192 1436 1302 1499 volere
1326 1445 1356 1497 et
1376 1456 1433 1497 vo·

127 1524 302 1588 laniciem.

207 1612 415 1676 Manifestum
437 1623 501 1686 est,
525 1614 564 1674 de
586 1633 622 1674 eu
637 1613 709 1697 lege
728 1613 915 1680 Ciceronem
932 1639 1013 1680 nunu
1029 1616 1152 1691 dicere,
1176 1639 1237 1700 qua
1254 1612 1317 1679 Cn.
1335 1613 1433 1678 Potu-

123 1706 197 1788 peio
217 1708 335 1769 bellum
358 1708 509 1767 adversus
537 1704 654 1785 piratas
683 1709 869 1771 datum-est.
914 1712 957 1772 L.
982 1723 1082 1772 atttem
1106 1708 1284 1781 Trebellius
1306 1719 1353 1769 est
1376 1704 1475 1766 tri-¹⁵

122 1800 225 1861 bunut
248 1796 368 1881 plebis,
398 1817 488 1878 quesn
512 1817 574 1858 non
598 1797 753 1862 nominat:
788 1824 852 1885 quo
878 1813 1104 1884 perseverante
1126 1802 1317 1874 intercedere
1341 1802 1430 1878 (natu

123 1891 245 1952 senatui
273 1889 482 1971 promiserat,
521 1889 707 1952 moriturum
735 1913 769 1955 se
798 1907 888 1970 ante,
926 1917 1017 1979 quam
1041 1895 1093 1957 illa
1118 1895 1170 1957 lex
1194 1894 1504 1973 perlerrctttr),i¹⁰²]

122 1980 209 2045 intro
231 2003 348 2045 vocare
368 1982 470 2042 tribus
493 1982 645 2045 Gabinius
666 1984 789 2065 coepit,
824 1999 859 2048 ut
891 1989 1054 2052 Trebellio
1088 1987 1304 2071 magistratum
1337 1988 1431 2047 abro-

124 2086 235 2155 gatet,
259 2075 339 2137 sicut
359 2077 515 2157 quonduu
539 2074 593 2136 Ti.
620 2078 784 2139 Gracchus
806 2077 948 2144 tribunus
971 2083 1024 2144 M.
1049 2080 1185 2145 Octavio
1208 2080 1351 2163 collegae
1373 2099 1431 2140 suo

124 2168 340 2252 magistratum
364 2170 543 2254 abrogavit.
588 2173 631 2233 Et
661 2172 850 2255 aliquamdiu
877 2176 1055 2238 Trebellius
1081 2196 1116 2237 ca
1139 2195 1174 2235 re
1196 2196 1259 2237 non
1280 2171 1475 2253 periuri-2⁰

123 2272 173 2322 tus
195 2264 321 2338 aderat,
345 2266 570 2346 perstabatque
591 2264 623 2325 in
644 2264 887 2343 intercessione,
913 2271 998 2351 quod
1019 2271 1044 2342 †
1066 2267 1204 2330 damnari
1223 2264 1320 2348 tnagis
1337 2285 1431 2348 quatu

123 2367 399 2434 perseveraturum
422 2378 490 2418 esse
513 2357 679 2418 Gabinium
702 2359 931 2435 arbitrabatur3
975 2363 1031 2424 sed
1052 2372 1221 2442 postquam
1240 2359 1322 2420 Vll.
1338 2357 1430 2418 etX.

218 2536 243 2585 1.
262 2546 319 2583 orn.
343 2530 409 2582 Lod.
429 2531 513 2602 bugd.

214 2609 241 2658 2.
260 2604 367 2676 tamen]
387 2603 447 2657 nti.
461 2622 487 2657 et
501 2623 575 2675 seqq.
596 2633 631 2647 -
650 2612 759 2657 tantiam
775 2606 868 2659 Petne.
881 2604 990 2658 Bersld.

197 2678 269 2741 ibid.
287 2677 351 2750 liae]
370 2696 427 2732 om.
444 2678 513 2733 Lod.
773 2685 799 2737 7.
818 2681 970 2750 abrogare]
991 2679 1130 2748 derogare
1149 2680 1231 2736 Creu.

213 2759 240 2812 8.
259 2755 417 2823 privatum]
435 2759 572 2823 priuatim
587 2755 670 2808 Creu.
773 2758 800 2813 9.
820 2756 920 2823 Anius]
941 2764 992 2806 usti
1013 2758 1104 2809 Prior.

196 2835 242 2884 it.
259 2828 432 2898 cupiditatis]
452 2835 628 2899 captivitatis
640 2830 704 2882 flos.
717 2830 793 2882 Mun.
809 2830 890 2883 Creu.
908 2859 946 2872 -
964 2829 1155 2901 ,Vocabulum
1168 2834 1348 2899 captivitatis
1360 2829 1431 2901 apud

122 2902 254 2956 &necem
274 2902 383 2954 demam
402 2918 430 2956 et
446 2904 575 2956 Tacitum
596 2909 745 2976 reperitur,
767 2905 1042 2976 coniungendunque
1062 2903 1114 2958 luit
1135 2922 1197 2957 cuin
1216 2909 1364 2955 rennuatis
1383 2921 1431 2957 oo·

121 2983 215 3042 utine,
245 2995 301 3030 non
322 2994 386 3030 cum
405 2979 600 3049 turpitudinisr
632 2985 660 3031 io
680 2977 746 3031 edit.
766 2980 789 3032 l.
808 2996 849 3032 est
869 2981 1048 3051 cupiditatis:
1077 2996 1169 3032 terum
1188 2982 1291 3032 nubum
1309 2979 1429 3031 similem

121 3070 216 3106 socom
237 3067 303 3124 putu
324 3057 436 3124 reperiri
458 3071 553 3126 posse,
573 3071 641 3124 quae
661 3054 714 3106 boe
733 3052 796 3106 loeo
816 3070 878 3128 spte
898 3054 1028 3116 addeture
1055 3060 1121 3108 sutis
1139 3069 1199 3119 est,
1230 3052 1430 3126 turpitudinem

121 3144 149 3180 et
168 3132 328 3181 servitutem
349 3133 511 3189 memorerm
540 3127 587 3181 sed
607 3132 721 3181 omuino
746 3131 912 3182 eliciendum
933 3129 1000 3182 illud
1019 3129 1181 3182 vocubulum
1202 3145 1276 3192 esse,
1303 3143 1377 3200 putet
1397 3147 1431 3180 ex

121 3218 171 3267 eo,
191 3200 265 3273 quod
284 3203 427 3254 Ciceronis
447 3202 555 3255 dicendi
581 3221 686 3256 morem
706 3209 873 3276 corrumpit,
913 3205 999 3258 tribus
1028 3203 1168 3258 vocabulis
1194 3208 1231 3256 its
1257 3207 1431 3268 coniunctis,

121 3294 151 3330 ut
171 3293 324 3331 extremum
345 3277 478 3349 particule
497 3287 524 3329 ei
545 3277 718 3338 adnecteture
737 3279 792 3330 uid.
810 3285 892 3351 epist.
911 3296 998 3332 ιιοιιι.
1017 3278 1051 3331 sd
1071 3279 1157 3332 Orell.
1165 3298 1191 3351 p.
1203 3283 1248 3337 39.
1259 3295 1300 3347 sq.
1326 3282 1429 3332 Anim-

119 3350 315 3404 advertendum
346 3369 387 3404 ιιι
414 3367 504 3415 antem
537 3355 591 3406 hoc
612 3370 668 3407 tum
690 3371 744 3405 nun
765 3353 837 3417 ficri,
875 3372 960 3424 quum
985 3372 1027 3407 res
1053 3354 1166 3417 eodem,
1205 3369 1235 3405 ut
1261 3357 1299 3404 its
1324 3353 1430 3419 dicam,

121 3427 234 3493 ordine,
255 3428 418 3498 simpliciter
439 3445 465 3479 et
485 3428 518 3484 ite
536 3429 729 3503 παραλλήλου
749 3434 959 3500 coniunguntur.
978 3457 1017 3471 -
1043 3431 1138 3500 lisque
1158 3446 1213 3481 non
1230 3425 1344 3494 dubito,
1363 3433 1429 3497 quin

119 3501 220 3554 Cicero
239 3499 331 3572 finem
362 3500 511 3552 diuturnae
535 3503 713 3572 turpitudinis
739 3511 767 3553 et
795 3509 940 3555 sertsittsiis
965 3509 1122 3575 scripserit;
1161 3505 1317 3558 Manutiuru
1338 3519 1429 3554 nutent

119 3575 255 3628 haetenus
275 3593 366 3628 verum
388 3575 486 3629 uidisse
507 3593 573 3648 puto
620 3595 648 3629 ut
670 3577 698 3629 id
718 3595 780 3629 etun
800 3579 960 3631 vocabulum
979 3584 1132 3633 restituisse
1151 3578 1277 3643 eredens,
1305 3577 1377 3650 quod
1396 3576 1430 3630 sd

118 3655 268 3702 seruitutis
287 3649 454 3722 sdscriptum
475 3652 574 3704 esset.”
597 3654 712 3707 ΜΔΝ.

195 3729 239 3783 15.
261 3724 414 3777 Trebellius
431 3735 473 3777 cst
493 3726 630 3794 tribunus]
654 3729 750 3780 [iceras
763 3736 822 3790 esi,
842 3725 914 3798 quod
927 3726 1096 3794 addidimus,
1115 3744 1149 3779 ne
1162 3725 1330 3782 claudicaret
1343 3745 1432 3780 enun-

119 3803 217 3853 cutio.
255 3799 337 3854 Cotti.
358 3799 392 3851 ei
412 3820 439 3873 p.
460 3806 505 3859 91.
526 3817 587 3873 pag.
608 3803 656 3859 96.
679 3818 739 3874 pag.
761 3800 825 3859 llil.
845 3817 904 3875 pag.
924 3801 988 3860 149.
1008 3803 1072 3857 Hos.

196 3876 241 3932 16.
260 3879 326 3942 non]
347 3874 409 3929 edd.
430 3876 495 3928 Hot.
514 3877 592 3929 Mun.
614 3877 694 3929 Creu.

143 4021 170 4077 ld
196 3953 380 4075 tlgdeeuotsa]
401 3950 485 4022 Lugd.
507 3952 572 4005 liot.
595 3952 672 4004 stru.
691 3952 774 4005 Creu.
805 3977 842 3994 ·-
861 3951 987 4023 senatus
1006 3953 1098 4010 Ptine,
1124 3979 1162 3998 ·-
1188 3959 1303 4004 munim
1321 3947 1429 4004 Beruld.

194 4097 265 4151 ibid.
281 4095 476 4168 perferretur]
496 4096 565 4154 Lod.
585 4114 612 4152 et
631 4116 707 4172 seqq.
747 4128 782 4142 -
817 4097 1000 4172 proferretur
1019 4102 1109 4155 Ptine.
1134 4104 1240 4173 (prims
1259 4098 1363 4173 syllaba
1383 4117 1431 4174 per

116 4172 283 4245 compend.)
302 4171 409 4226 Bersld.
430 4172 492 4226 nid.
630 4178 633 4182 ’

195 4253 239 4308 18.
258 4247 426 4319 abrogaret]
447 4246 532 4320 bugd.
552 4248 615 4301 Hor.
637 4249 713 4302 Mun.
732 4253 813 4303 Creu.
832 4277 870 4292 -
887 4248 1061 4316 abrogarent
1080 4253 1195 4322 priores.

195 4326 239 4379 19.
260 4322 304 4374 Ti.
324 4322 476 4391 Gracchus]
499 4324 574 4376 Mun.
595 4325 689 4396 Sigon.
710 4353 748 4369 ·-
773 4325 804 4380 C·
823 4323 1077 4381 Graecinium.
1096 4322 1205 4379 Berald.
1225 4322 1288 4378 ild.
1309 4320 1375 4377 Lod.
1393 4350 1432 4367 ι-

118 4395 153 4449 Τ.
173 4396 317 4448 Gracchus
337 4398 419 4468 Lugd.
439 4399 503 4450 Hot.
523 4401 603 4452 Creu.

193 4471 265 4523 ibid.
285 4472 419 4539 collegae]
440 4472 507 4523 colle
528 4475 618 4527 Ptine.

192 4553 239 4603 20.
258 4564 312 4597 non
329 4551 512 4614 perterritus]
533 4547 619 4619 Lngd.
640 4549 705 4611 lior.
724 4548 802 4601 Mars.
820 4548 903 4604 Creo.
930 4576 964 4594 -
981 4550 1152 4616 perterritus
1169 4564 1226 4597 nott
1243 4551 1357 4616 priores.

192 4627 238 4676 21.
258 4619 399 4688 damnari]
422 4628 515 4673 omnia
535 4624 598 4674 Hot.
620 4625 696 4676 Man.
717 4625 788 4676 Creu
843 4621 967 4688 (Mulintt
995 4626 1108 4675 minori.
1129 4623 1196 4686 Os.)

193 4700 238 4749 22.
259 4696 324 4748 Vll.
345 4705 373 4748 ei
394 4697 431 4748 i.
452 4697 543 4750 Ptiuc.
564 4697 672 4752 Butald.
710 4722 746 4738 -
785 4697 822 4751 Χ.
842 4707 869 4750 ci
889 4696 958 4751 Vll.
987 4694 1045 4759 ild.
1072 4697 1141 4749 Lot.
1160 4693 1247 4767 Lugd.
1269 4695 1333 4748 llos.
1353 4693 1431 4747 Mun.

118 4767 201 4822 Creu.
221 4792 256 4809 ··
276 4769 373 4826 XVII.
393 4773 488 4843 Sigon.
