3210 5280
160 209 222 275 362
575 211 782 279 SCHOLIA
804 212 1059 278 BOBIENSIA

158 363 288 434 petuurn
315 351 493 416 honoribus
518 350 611 416 iussit
640 375 750 416 carere
771 356 947 416 damnatos.
991 353 1161 414 Habebam
1187 362 1293 414 tamen
1324 348 1484 411 licentiam

159 448 284 512 Romae
305 447 461 510 morandi.
506 448 642 523 Postea,
667 447 727 509 iam
749 448 899 509 damnatis
921 446 1010 526 Sylla
1030 458 1062 509 et
1078 444 1260 521 Autronio,
1283 465 1425 527 poenam
1448 446 1485 505 de

160 541 279 604 ambitu
295 539 478 626 graviorem
495 541 643 604 consules
659 539 701 604 C.
718 539 877 604 Antonius
892 551 924 602 et
940 539 1059 606 Cicero
1073 543 1285 617 sanxerunt¹,
1304 550 1339 602 ut
1352 550 1487 622 praeter

160 635 238 698 baec
261 635 424 698 veteribus
449 635 574 720 legibus
597 635 769 699 constituta
792 633 886 697 etiam
908 634 1004 698 exilio
1027 634 1248 697 multarentur.

139 777 154 826 ⁵
238 753 274 834 6.
308 760 356 834 Et
380 760 485 834 locus
523 762 617 834 est
606 786 687 858 lpse
714 785 788 833 non
816 768 889 832 tam
917 759 964 831 ad
989 757 1269 832 inflammandos
1296 757 1488 832 catamito

160 896 287 946 sorum
314 874 456 946 animos
483 897 591 978 quarn
618 873 665 945 ad
692 873 940 947 consolandos
968 871 1278 945 accommodatus.

244 989 332 1054 Dicit
354 989 596 1072 Neapolitanam
618 989 779 1058 civitatem
802 991 916 1072 procul
939 989 1039 1053 luisse
1061 992 1102 1052 ab
1125 987 1211 1051 ornni
1232 986 1389 1071 contagio
1405 977 1491 1056 itlius

161 1081 390 1147 coniurationis
420 1104 458 1146 ae
486 1094 661 1166 propterea
688 1085 840 1148 delectam
865 1086 908 1149 P.
940 1085 1064 1166 Syllae,
1097 1094 1131 1146 ut
1153 1081 1196 1201 ibi
1219 1103 1282 1146 non
1309 1081 1491 1146 seeleratn⁸

161 1177 292 1253 lateret,
316 1179 373 1240 sed
395 1176 489 1239 miser
511 1177 765 1262 conquiesceret.

34 1336 37 1344 ·
120 1328 151 1378 ιι
238 1301 304 1375 VI.
332 1302 515 1375 Veniebat
541 1303 587 1375 ad
614 1325 693 1400 me,
720 1313 758 1376 et
783 1326 894 1401 saepe
920 1303 1114 1398 veniebat,
1140 1301 1361 1376 Autronius.

163 1419 339 1483 salubriter
361 1419 472 1483 institit
496 1419 570 1482 huic
592 1420 695 1502 parti,
733 1421 837 1485 multis
863 1432 895 1485 et
917 1420 1056 1503 inpensis
1079 1419 1226 1502 precibus
1252 1419 1408 1484 assailiuus
1433 1422 1491 1484 de·

160 1513 333 1590 fessionis,
357 1513 613 1579 commemoratis
628 1513 781 1577 amicitiae
797 1514 914 1578 veteris
930 1513 1060 1589 officiis,
1082 1513 1274 1577 Autronium
1290 1513 1488 1596 postulasse,

92 1637 95 1641 >
162 1608 343 1690 multosque
366 1607 445 1670 alios
469 1609 507 1669 ad
533 1609 596 1672 boc
621 1607 850 1690 impetrandum
876 1629 937 1690 pro
966 1629 1001 1670 se
1027 1610 1253 1689 deprecatores
1282 1606 1488 1683 adhibuisse,

161 1722 220 1766 nec
235 1713 344 1763 'tamen
366 1701 562 1778 extorsisse,
585 1713 620 1764 ut
639 1713 792 1784 patronus
810 1715 841 1764 et
862 1701 1013 1764 defensor
1036 1699 1224 1773 adsisteret3
1249 1721 1287 1761 ue
1303 1700 1368 1764 boe
1384 1701 1491 1763 dicere

120 1794 363 1865 tsadversarius
384 1806 513 1877 possets
536 1794 679 1868 „idcirco
702 1793 895 1858 Autronium
917 1816 979 1858 non
1003 1792 1187 1868 defendisti,
1211 1794 1299 1877 qttod
1323 1815 1390 1856 non
1413 1793 1490 1857 satis

161 1887 284 1974 egerit,
320 1900 354 1953 ut
382 1909 400 1950 a
432 1900 463 1952 te
489 1888 755 1953 defenderetur''.
810 1891 875 1951 Sed
900 1887 926 1950 si
956 1889 1020 1951 hoc
1047 1886 1276 1970 impensissime
1297 1889 1491 1970 deprecatus

161 1996 290 2047 estnec
316 1982 516 2065 impetravit,
551 1982 651 2046 videri
673 1982 733 2046 iam
758 1993 868 2065 potest
893 1981 1014 2047 idcireo
1039 1985 1079 2045 ad
1104 1981 1335 2045 defendendum
1366 1981 1489 2063 Syllam

162 2075 290 2152 venire,
314 2079 401 2161 quod
422 2079 462 2140 de
485 2076 553 2140 eius
574 2075 753 2140 innocentia
775 2087 882 2140 certus
903 2075 957 2140 sit.

236 2201 321 2275 VII.
350 2193 385 2275 l.
430 2203 539 2301 Quod
565 2202 736 2332 tandem,
775 2201 992 2300 Torquate,
1030 2197 1216 2300 regnum?
1256 2199 1489 2275 Consulatus

118 2315 276 2390 ancredo
303 2315 395 2410 mei,
421 2316 460 2388 in
487 2339 561 2414 quo
588 2338 655 2415 ego
681 2316 861 2413 imperavi
887 2313 990 2387 nibil

247 2371 472 2497 Cumulaiurus
501 2432 649 2496 invidiam
677 2430 902 2516 Torquatus
892 2453 924 2517 ¹¹¹.
950 2452 1131 2526 personam·
1148 2432 1203 2496 M.
1231 2429 1332 2494 Tullii
1363 2442 1398 2494 et
1427 2431 1491 2494 boe

161 2520 308 2589 dixerat·
342 2527 479 2610 qttodam
506 2526 592 2589 illum
626 2525 740 2609 spiritu
766 2528 854 2591 vetut
878 2527 986 2612 regiae
1017 2508 1185 2608 potestati's
1216 2546 1419 2608 exposcere,
1456 2534 1489 2587 ut

162 2619 280 2699 Sylla
271 2639 424 2683 innocens
454 2618 623 2683 iudicetur.
680 2621 883 2705 ltaque²..
944 2620 1084 2684 .statim
1110 2663 1261 2684 .....
1284 2619 1385 2682 addit
1409 2639 1489 2683 eon·

161 2712 296 2775 sulatum
325 2733 415 2775 suurn
451 2713 523 2776 talia
559 2711 692 2783 edidisse
726 2665 955 2778 moderationis
988 2725 1018 2774 et
1047 2711 1261 2777 coruinentiae
1293 2725 1326 2776 et
1359 2710 1490 2776 virtutis

120 2827 151 2876 es
163 2806 326 2888 exernpla,
350 2815 385 2868 ut
401 2826 465 2868 non
480 2805 548 2888 ipse
563 2828 640 2883 rex,
664 2810 720 2870 sed
736 2806 807 2870 aliis
822 2829 954 2892 regnum
978 2808 1198 2870 affectantibus
1222 2818 1307 2870 esset
1329 2806 1489 2869 inimicus.

163 2899 235 2980 Qua
256 2897 461 2964 exsecutione
483 2898 574 2963 simul
600 2911 632 2963 et
654 2899 770 2963 invidia
787 2900 902 2964 liberat
923 2900 1143 2965 auctoritatem
1170 2922 1256 2963 suam
1279 2911 1312 2965 et
1333 2900 1489 2984 impetra·

162 2991 257 3069 bilius
279 2991 373 3069 lacit,
401 2995 488 3075 quod
515 2995 554 3055 ad
577 2992 685 3073 Syllae
711 2993 899 3057 victoriam³
921 2994 1085 3058 locuturus
1108 3006 1169 3058 est.

238 3113 275 3192 2.
303 3118 363 3192 An
388 3116 453 3191 tu²
487 3121 524 3192 iu
553 3128 658 3192 tanto
683 3120 840 3218 imperio
866 3129 1042 3217 tantaque
1068 3129 1253 3218 potestate
1280 3145 1358 3194 non
1385 3119 1489 3194 dices

162 3253 220 3304 me
247 3230 363 3304 fuisse
389 3255 535 3330 regem,
563 3256 661 3304 nunc
686 3234 872 3330 privatum
899 3256 1056 3332 regnare
1084 3226 1207 3305 dicis?

119 3365 151 3415 to
248 3348 280 3411 A
303 3347 421 3412 maiore
443 3350 482 3410 ad
504 3347 617 3412 minus.
662 3351 725 3425 Ut,
755 3352 843 3434 quod
865 3371 948 3413 nunc
969 3349 1112 3431 privatus
1139 3349 1170 3412 in
1201 3350 1406 3415 defendendo
1430 3372 1488 3415 reo

163 3440 422 3506 innocentissimo
444 3441 559 3518 saciat,
592 3463 657 3506 non
683 3441 723 3506 sit
748 3442 857 3527 regiae
882 3443 1075 3526 superbiae,
1111 3447 1167 3507 sed
1194 3445 1268 3508 fidei
1293 3446 1487 3530 religiosae,

163 3556 225 3620 qua
249 3556 312 3599 non
339 3547 428 3617 putet
457 3535 641 3599 innoeentes
666 3557 734 3600 esse
763 3538 974 3601 damnandos:
1010 3559 1067 3599 nec
1093 3540 1184 3600 eadat
1210 3538 1353 3622 suspicio
1379 3539 1489 3624 regiae

164 3627 345 3710 cupiditatis
367 3627 399 3692 in
423 3629 583 3712 privatum
607 3641 805 3706 senatorem,
830 3650 910 3714 qliae
932 3652 995 3695 non
1023 3629 1192 3694 ceciderit⁵
1214 3632 1244 3694 in
1267 3633 1450 3697 consulem.

198 3806 200 3813 ,
234 3769 258 3814 1.
279 3770 340 3814 Cod.
359 3774 505 3814 conserant.
552 3765 577 3814 2.
596 3769 623 3814 la
645 3769 683 3813 bia
704 3759 790 3825 spatiis
808 3771 909 3814 duorum
932 3770 1008 3814 termo
1029 3772 1203 3815 versiculorum
1225 3779 1373 3815 evanuerunt
1393 3775 1488 3819 literae.

303 3835 327 3884 ³.
348 3840 431 3884 Codex
448 3837 482 3882 ad
498 3837 599 3898 Syllam
616 3839 746 3886 victorine.
784 3836 809 3885 4.
829 3840 869 3885 Sic
884 3840 945 3884 Cod.
964 3845 1000 3885 tu.
1036 3839 1068 3884 At
1085 3841 1109 3885 in
1127 3842 1180 3886 edd.
1194 3848 1218 3886 et
1230 3842 1321 3899 aliquot
1340 3844 1412 3887 codd.
1426 3850 1487 3888 tem.

304 3907 328 3954 5.
349 3910 410 3953 Cod.
430 3907 575 3954 resciderit.

239 4015 265 4066 1.
287 4010 428 4065 Consonat
448 4011 528 4085 plane
547 4013 602 4066 nto
622 4011 754 4065 XXXVI.
776 4016 821 4067 21.
842 4027 945 4100 poenas
969 4010 1004 4064 ab
1029 4011 1081 4064 bae
1101 4010 1160 4084 lege
1181 4011 1302 4065 inflictas
1324 4030 1487 4068 recensens·

163 4082 237 4163 μηι’
254 4080 361 4162 ἄρχειν
372 4089 448 4162 μήτε
460 4084 615 4165 βουλεύειν
628 4088 717 4160 σφῶν
727 4084 862 4163 μηδένα,
872 4083 950 4144 ἀλλὰ
963 4082 1017 4143 καὶ
1025 4085 1178 4164 ,paripate
1188 4089 1350 4164 προσοᾳλι
1344 4088 1488 4148 ruciam-⁰

162 4169 194 4212 ut
213 4179 299 4231 nepae
317 4166 521 4228 magistratum
539 4179 638 4232 gerere
658 4179 743 4232 nequa
761 4161 937 4214 senatoribus
950 4180 1008 4213 esse
1021 4163 1133 4228 liceret,
1152 4171 1180 4213 et
1191 4169 1360 4233 peracutarta
1373 4170 1488 4235 insarper

159 4254 252 4307 poena
271 4241 466 4304 inrogantur.
910 4258 914 4267 ·

238 4311 266 4367 lt.
288 4312 372 4364 Suam
398 4311 487 4385 legem
507 4312 541 4364 de
560 4311 666 4365 ambitu
685 4327 886 4365 commemorat
905 4310 1013 4364 Tullius
1035 4329 1084 4383 pro
1104 4313 1221 4364 Murena
1241 4313 1292 4366 ΙΙΙ.
1312 4330 1341 4368 er
1361 4315 1489 4372 xxxtl.

163 4403 213 4459 pro
234 4386 325 4439 Scuto
346 4389 445 4441 LXIV.
465 4393 494 4440 tn
516 4391 606 4441 Vasta.
630 4389 687 4440 XV.
736 4385 839 4440 Eadem
866 4402 1034 4439 memoratur
1060 4392 1144 4440 ettam
1172 4403 1186 4438 a
1211 4404 1307 4440 nostro
1334 4395 1410 4442 tmer
1398 4408 1488 4461 rprete

163 4460 196 4512 ad
218 4478 287 4515 orat.
307 4479 359 4534 pro
378 4461 493 4516 Plancio
513 4464 645 4519 XXXIV.
665 4472 692 4519 1.
711 4466 871 4518 crabrone
887 4463 1029 4516 xxavtt
1045 4467 1089 4520 29.
1105 4463 1138 4514 ad
1152 4480 1254 4515 annum
1270 4462 1346 4517 urbis
1363 4467 1488 4524 DCXCl

163 4537 206 4590 bis
227 4537 331 4590 verbis:
360 4534 440 4608 ιἰἳοξε
448 4542 496 4629 avj
515 4539 632 4632 βουλῇ,
652 4535 761 4595 ὂικα’
745 4540 820 4595 crois
839 4535 955 4613 ᾳυγὴν,
976 4557 1030 4595 του
1051 4537 1222 4629 Κικίςρωιιο
1241 4539 1271 4602 ἐς
1290 4537 1329 4595 τὰ
1348 4541 1488 4616 μάλιστα

163 4611 343 4685 ιιιιγιινιος,
363 4633 426 4676 τοις
438 4633 597 4690 eutrapetus
616 4633 678 4675 rot.
691 4633 740 4670 ιιιι
732 4609 896 4684 andana
889 4632 958 4689 rua
971 4612 1128 4689 rcrayut'u‘
1130 4633 1164 4668 ·.·ι
1177 4619 1488 4689 npoevnprmieta'p-'mt

162 4697 232 4739 stata
232 4697 300 4739 atum
319 4696 362 4738 est
380 4705 399 4738 a
417 4696 534 4754 senatu,
552 4688 685 4740 Cicerone
704 4667 843 4763 (consiste)
859 4667 1029 4757 prriesrrtr'm
1042 4707 1070 4738 ιιι
1062 4696 1172 4752 actore,
1193 4697 1224 4740 nt
1237 4691 1362 4744 eentum
1374 4698 1488 4761 trima,

160 4771 277 4832 praeter
295 4768 493 4818 emortuum
482 4781 541 4819 ιιιιιι
559 4765 679 4833 inultas,
698 4763 843 4818 naemu
860 4770 974 4834 insuper
992 4767 1080 4818 exilio
1094 4766 1276 4834 plecteretur.
