3210 5280
427 224 476 289 IN
500 224 606 290 ACT.
629 224 659 289 Ι.
682 223 731 286 IN
754 222 796 288 C.
818 221 1034 288 VERREM.
1320 223 1381 286 111

82 377 229 439 naturus,
264 364 337 449 quia
369 375 400 428 et
425 365 533 428 aedilis
562 376 593 428 et
621 363 729 428 iudicis
752 362 885 446 [partes]
907 359 1061 423 stistinere
1086 380 1149 423 uon
1173 370 1299 441 poterat
1320 381 1383 422 tino

82 471 238 539 ternpore.
282 461 326 522 Ut
355 479 499 539 sagacem
526 458 734 541 integritatem
761 457 826 520 cius
858 455 1055 527 ostenderet,
1090 475 1152 515 non
1183 454 1260 515 dixit
1292 452 1386 534 qaod

85 571 365 633 corrumpamus,
394 554 448 611 sed
476 571 638 614 conemur
667 568 896 630 corrumpere,
930 557 960 608 ct
982 567 1044 608 non
1066 555 1186 625 aperta
1218 554 1249 608 et
1276 545 1385 624 pinna

84 645 321 720 corruptione,
343 643 412 720 [sed
434 642 556 724 aliqua
575 641 706 702 ratione
716 638 741 718 ,]
764 640 793 700 iu
816 652 881 714 cst,
906 639 957 701 vel
979 639 1104 721 exigua.

166 730 309 795 Iuniano
330 731 489 809 consitio]
534 731 642 796 luuius
665 732 853 814 quaestionis
874 732 967 794 iudex
991 731 1048 794 suit
1075 729 1105 790 in
1129 725 1267 792 Cluentii
1290 728 1411 804 catrsa5

85 823 191 884 Verre
215 836 382 902 praetore:
409 824 438 886 in
461 847 522 908 qua
538 847 607 886 cum
626 827 817 908 Oppianicus
839 827 997 887 ‹iariuratus
1023 834 1123 895 esset,
1148 822 1294 883 defensor
1317 821 1386 899 Op·

84 915 198 996 piauici
230 916 373 980 tribunus
400 919 499 999 plebis
526 919 670 997 Quintius
704 941 767 982 rein
794 919 826 981 in
858 921 1002 984 invidiam
1028 918 1135 990 duxit,
1171 939 1238 978 curu
1269 913 1386 977 diceret

85 1009 244 1088 pecuniam
266 1010 297 1071 in
321 1012 437 1075 iudicio
465 1012 563 1075 fuisse
589 1024 763 1087 versatam,
798 1025 827 1073 et
854 1035 922 1075 cum
948 1012 1099 1075 incertum
1128 1021 1228 1082 essct,
1264 1027 1303 1068 ex
1325 1027 1385 1088 qua

84 1113 174 1183 parte
200 1115 282 1164 essct
303 1106 447 1185 prosecta
468 1105 651 1186 corruptio,
677 1128 738 1169 uon
762 1105 892 1167 credidit
914 1106 952 1166 ab
971 1103 1146 1185 Oppianico
1169 1103 1289 1174 datam,
1313 1099 1385 1182 quia

84 1197 246 1256 darnnetus
276 1211 362 1271 crat3
396 1213 427 1262 et
453 1221 564 1262 errore
591 1200 757 1261 multorum
791 1201 821 1261 iu
849 1199 929 1261 saiso
959 1196 1086 1260 crirniuc
1116 1192 1280 1259 Cluentius
1312 1191 1428 1253 suit.ttt

87 1288 148 1348 Hic
168 1309 248 1370 ergo
274 1289 446 1355 Caesonius
461 1293 611 1355 destruatis
633 1292 700 1354 aliis
722 1292 872 1354 iudicibus
888 1313 949 1354 non
966 1293 1060 1352 modo
1081 1288 1231 1351 innocens
1246 1304 1386 1365 pronun·

86 1384 185 1442 eiatne
207 1395 274 1456 est,
309 1387 367 1447 sed
392 1385 483 1447 ctiam
509 1386 607 1448 exiis
634 1385 708 1458 init,
739 1384 792 1468 qui
814 1384 867 1446 iila
889 1383 1017 1447 criiniua
1041 1379 1159 1444 Staieni
1184 1390 1214 1440 et
1239 1377 1333 1439 Bulbi
1355 1387 1386 1437 et

89 1474 203 1535 Guttae
228 1487 259 1536 et
284 1489 482 1556 caeterorum
504 1480 638 1554 iudicum
665 1481 869 1550 detexerunt,
894 1498 963 1539 111111
990 1477 1110 1536 Verres
1131 1492 1256 1554 quoque
1279 1471 1387 1531 turba·

88 1578 138 1628 tus
170 1570 330 1633 subiectos
363 1571 479 1634 iudices
511 1594 578 1634 esse
609 1572 728 1634 diceret
762 1584 792 1633 et
817 1572 1025 1652 interpolatos
1056 1566 1180 1629 libellos
1211 1561 1386 1627 sortitionis

87 1659 241 1723 irretierunt
265 1685 345 1745 quos
368 1664 492 1729 libellos
513 1665 579 1746 ipse
601 1665 839 1747 obsignaverat.
1358 1664 1365 1678 ’
1397 1670 1429 1719 ¹⁵

82 1816 85 1821 ⁴
169 1758 215 1831 (§.
238 1755 305 1834 30.)
327 1757 572 1840 Magistraturn
591 1760 681 1820 ineat
702 1765 835 1836 oportet
853 1756 961 1820 Nonis
981 1749 1227 1830 Decembrums]
1270 1750 1320 1813 Eo
1336 1749 1387 1812 die

88 1845 243 1908 tribunum
265 1850 366 1929 piebis
386 1850 538 1912 futurum.
1395 1881 1447 1939 [11]

172 1943 225 2004 lix
245 1943 413 2003 acerrima
433 1943 581 2023 equestri
599 1940 662 2002 illu
674 1939 837 2020 familia]
880 1942 977 2006 Novo
993 1944 1086 2005 modo
1102 1940 1223 2001 tetidem
1240 1939 1281 2000 ab
1295 1937 1387 2022 igno·

89 2031 206 2094 bilitate
229 2031 382 2116 quaesivit
407 2052 494 2094 ruore
518 2052 577 2095 suo
602 2031 730 2094 laudans
758 2034 878 2114 equites
901 2036 1063 2101 Romanos
1088 2045 1119 2096 et
1140 2030 1273 2094 maxime
1294 2033 1384 2115 quia,

91 2145 157 2185 euru
180 2124 368 2200 iudicarent,
390 2125 457 2188 eine
478 2123 602 2187 infamia
624 2146 657 2187 se
680 2139 856 2208 gesserunt.
1399 2149 1432 2197 tt

172 2216 208 2278 t.
230 2219 363 2281 Cassius
383 2239 462 2280 cuns
481 2218 529 2280 ad
547 2226 698 2279 caeteras
718 2218 783 2297 res]
826 2220 903 2282 Inde
932 2232 1003 2283 sunt
1024 2222 1111 2306 leges
1134 2219 1264 2286 Cassiae
1285 2219 1387 2285 tabel-

180 2402 205 2449 1.
221 2397 412 2483 ρανεωῌη.
433 2394 523 2446 Princ.
544 2390 607 2446 Aid.

179 2476 206 2525 2.
226 2479 356 2538 tempore.
396 2469 448 2537 ili]
469 2469 560 2520 Ptine.
580 2464 687 2520 Berald.
703 2465 763 2521 aid.
783 2497 818 2510 -
837 2478 969 2543 tempore.
1008 2473 1090 2544 Quod
1106 2480 1244 2545 conemur]
1265 2476 1302 2528 Ut
1314 2475 1383 2531 Lod.

89 2572 124 2587 -
142 2553 274 2614 tempore.
313 2543 350 2594 Ut
368 2551 461 2593 aretem
481 2539 566 2613 Lugd.
584 2541 648 2594 Hos.
668 2544 744 2595 Man.
758 2543 838 2597 Creu.

181 2624 208 2677 ta.
227 2617 278 2669 sed
303 2620 396 2686 aliqua
424 2617 546 2687 ratione]
576 2613 644 2669 Lod.
673 2643 710 2658 -
737 2616 793 2670 om.
820 2622 910 2674 Ptine.
935 2619 1043 2678 Berald.
1069 2621 1130 2677 ald.
1157 2651 1195 2666 ·-
1222 2623 1274 2675 sed
1295 2626 1389 2697 aliqrsa

91 2700 207 2763 (omisso
227 2693 410 2757 substantivo)
431 2691 515 2761 Lugii.
535 2693 599 2744 iios.
619 2691 696 2743 Man.
716 2691 797 2746 Creu.

184 2773 209 2826 5.
227 2772 397 2838 quaestionis
415 2765 509 2833 irsdea]
531 2765 577 2818 Sic
596 2770 702 2838 scripsi.
721 2795 758 2810 ·-
776 2776 888 2839 questos·
905 2768 988 2820 iudea
1007 2771 1098 2823 Princ.
1112 2797 1147 2810 -
1160 2780 1291 2840 quaestor
1306 2773 1390 2826 iudex

92 2843 196 2904 Beraid.
216 2867 253 2882 -
271 2846 412 2912 quaesitor
429 2839 513 2892 iudea
532 2838 594 2894 Atd.
613 2837 679 2892 Lod.
701 2869 735 2883 -
755 2849 897 2911 quaesitor
922 2849 1036 2910 (omisso
1055 2844 1142 2898 altero
1161 2851 1285 2914 nomiae)
1304 2847 1389 2922 Luqd.

92 2928 154 2980 llas,
176 2919 251 2971 Man.
271 2921 351 2970 Creu.
650 2913 720 2967 ibtd.
740 2917 869 2984 Clrsentii]
904 2919 1013 2971 Cluenti
1033 2921 1132 2972 Priuc.

178 2999 203 3049 7.
222 2992 363 3063 Quantitas]
385 2987 450 3043 Lod.
469 3006 495 3044 es
515 3006 588 3062 seqq.
608 3012 643 3028 -
661 2996 707 3059 qui
725 2997 818 3042 notius
836 2994 928 3046 Princ.
948 2993 1054 3048 Beraid.
1074 2993 1137 3051 atd.

164 3066 234 3122 ibid.
254 3065 347 3133 duxit]
368 3068 458 3118 Princ.
478 3064 584 3118 Berald.
604 3062 664 3118 ΔΜ.
685 3063 751 3118 Lod.
769 3095 806 3108 —
825 3066 947 3118 11111111τὶ1
966 3068 1050 3141 Lugd.
1070 3070 1133 3124 Hos.
1153 3069 1229 3123 Man.
1249 3072 1330 3127 Creta.

183 3146 210 3199 9.
227 3140 361 3211 prosecta
380 3146 536 3209 corruptio,
565 3156 619 3190 noa
643 3139 730 3207 crea]
772 3140 818 3195 Sic
836 3147 945 3215 scripsi.
975 3171 1009 3186 -
1036 3143 1169 3215 profecta
1188 3152 1391 3216 corruptionem

93 3215 164 3270 cred.
187 3219 278 3269 Princ.
292 3214 390 3268 Beraid
413 3214 474 3271 aid.
495 3213 562 3266 Lod.
583 3215 648 3279 (itte
668 3213 701 3265 ad
719 3215 821 3268 calcem
840 3215 1016 3289 praefationis
1036 3225 1159 3292 scripsit:
1181 3221 1318 3288 „eredidit
1335 3241 1391 3275 nau

93 3290 128 3341 ab
146 3293 299 3362 Oppianico
317 3299 430 3354 natam,
459 3308 491 3341 ex
510 3289 671 3357 Cluentiaoa
691 3290 849 3356 Ciceronis,
878 3308 904 3345 et
925 3291 975 3345 fite
995 3294 1126 3348 historiae
1146 3293 1289 3368 legendum
1309 3314 1392 3370 puta-

95 3366 187 3439 rim.'')
213 3394 249 3407 -
273 3364 423 3436 projecta,
445 3364 563 3432 populus
580 3361 720 3414 Romanus
737 3383 792 3416 11111
810 3365 882 3418 cred.
906 3367 989 3439 Lugd.
1010 3369 1075 3424 Hos.
1096 3371 1172 3424 Man.
1191 3370 1273 3423 Creu.
1310 3372 1391 3442 ‚Po-

91 3443 170 3509 pulus
186 3440 218 3493 li.
238 3458 293 3491 nan
312 3439 423 3509 credit]
443 3438 565 3493 Danesii.
585 3437 685 3504 Vetas,
705 3439 916 3511 Corruptianem
935 3443 1082 3497 credidit.''
1103 3446 1189 3504 ΗΟΤ.

166 3523 209 3573 11.
229 3517 312 3584 erga]
333 3532 386 3583 ego
408 3516 497 3567 Princ-

166 3598 210 3647 12.
232 3593 279 3657 its]
308 3595 334 3640 is
354 3592 442 3642 Prioe.
643 3586 714 3641 ibid.
732 3588 876 3662 Staienus]
897 3591 942 3645 Sic
961 3597 1069 3665 scripsi.
1081 3595 1259 3648 -Stalenus
1278 3602 1394 3670 priores.

167 3670 211 3724 15.
231 3663 410 3733 detexerunt]
430 3661 603 3714 deduxerunt
622 3666 711 3717 Ptine.

167 3741 211 3797 tit.
230 3739 425 3810 interpolatos]
447 3737 514 3791 Lod.
534 3753 561 3790 et
581 3754 639 3809 sqq.
660 3763 692 3780 ι-
710 3738 904 3806 interpollatas
922 3740 966 3792 Pr.
987 3738 1049 3794 aid.
1068 3769 1105 3784 -
1124 3745 1315 3815 interpellatos
1330 3748 1392 3803 Ber.

165 3813 235 3867 ibid.
253 3816 421 3881 sortitionis]
442 3811 526 3884 Lugii.
546 3812 610 3865 Hos.
630 3813 708 3866 Man.
728 3812 807 3865 Cren.
827 3839 863 3852 -
881 3820 1027 3866 sortitione
1047 3821 1161 3888 priores.

167 3893 212 3946 15.
233 3889 443 3956 obsignaverat]
465 3885 532 3940 Lod.
552 3902 580 3939 et
598 3903 673 3960 seqq.
694 3916 729 3931 -
748 3887 926 3956 obligaverat
945 3895 1122 3962 antiquiores.
1396 3940 1400 3951 ,

168 3968 211 4021 16.
231 3965 350 4035 oportet]
381 3965 469 4015 Prine.
489 3959 596 4016 Berald.
617 3961 674 4016 tid.
698 3991 737 4004 -
760 3980 869 4014 neeesse
888 3972 930 4014 est
949 3966 1014 4017 Lod.
1034 3981 1061 4019 et
1080 3983 1154 4040 seqq.
1174 3983 1238 4021 cam
1258 3967 1393 4042 plerisque

93 4035 170 4093 editt.
191 4041 348 4104 Ciceronis;
368 4041 513 4110 zumptiaa
533 4052 623 4089 autern
643 4052 717 4090 recte
737 4039 852 4091 aiterum
874 4038 988 4094 redusit.

167 4112 236 4166 tbtd.
255 4131 286 4165 eo
305 4113 360 4180 dte]
383 4111 449 4166 tet.
469 4128 496 4164 11
517 4128 589 4183 seqq.
610 4138 645 4151 -
665 4111 745 4164 hodie
765 4115 856 4166 Priac.
873 4113 981 4168 Berald.
1001 4111 1061 4166 tit.

168 4193 213 4246 17.
226 4187 374 4259 futurum]
395 4189 486 4240 Princ.
507 4183 612 4240 Berald.
632 4186 691 4241 sid.
711 4216 746 4230 -
756 4185 881 4257 futurus
899 4187 967 4242 Lod.
989 4202 1016 4239 es
1036 4205 1109 4259 seqq.

167 4271 211 4323 18.
232 4270 352 4332 equestri
371 4264 431 4329 tue]
452 4262 501 4313 uta
519 4266 639 4331 equestri
658 4259 724 4313 Lod.
744 4278 807 4315 cum
828 4263 906 4315 editt.
928 4263 1079 4316 Ciceronis.

168 4344 213 4395 21.
232 4337 264 4390 L.
285 4339 397 4391 Cassius
415 4355 475 4390 eum
494 4334 533 4387 ad
549 4345 676 4387 caeteras
694 4354 748 4390 res.
787 4337 868 4409 Inde]
906 4336 937 4392 L.
956 4338 1071 4389 Caesius
1089 4356 1125 4388 ex
1135 4336 1256 4409 familia
1274 4357 1335 4391 cum
1361 4341 1400 4392 ad

95 4420 218 4464 caeteras
236 4430 297 4478 res,
327 4421 386 4463 turn
404 4411 444 4462 ad
460 4411 634 4463 tudieanrieun
652 4416 839 4482 severissima]
878 4411 944 4463 Inde
962 4412 1038 4465 Men.
1059 4429 1120 4466 cuna
1140 4412 1218 4466 ediis.
1239 4416 1401 4482 Ciceronis,

95 4493 123 4540 in
143 4488 239 4559 quibos
261 4503 351 4540 tamen
372 4485 452 4552 vulgo
470 4486 570 4557 iegitur
587 4492 646 4536 tum
664 4504 713 4560 pro
726 4504 796 4540 111111.
835 4489 932 4540 Veram
946 4484 1093 4539 lectionem
1109 4492 1228 4542 restituit
1243 4487 1400 4560 Zumptius.

167 4562 236 4616 ibid.
257 4561 324 4613 Inde
341 4570 407 4613 ssent
425 4563 501 4630 leges
520 4561 645 4629 Cassiae]
683 4561 832 4630 ,Latorem
858 4566 965 4614 Cassiae
991 4562 1058 4633 legis
1078 4568 1141 4615 eum
1161 4565 1214 4616 hoc
1234 4563 1345 4617 tribuno
1364 4564 1400 4616 ab

95 4637 214 4690 Asconio
234 4635 381 4701 confundi,
401 4653 468 4707 quos
488 4640 644 4689 intersunt
665 4640 810 4688 minimum
831 4637 943 4691 vau.
965 4653 1157 4705 narrarentur,
1177 4654 1317 4712 perperam
1332 4639 1401 4690 Cor-

96 4711 173 4764 radus
196 4712 326 4785 possead
347 4714 422 4765 Brut.
442 4731 468 4785 p.
488 4715 551 4768 179.
587 4709 655 4762 Inde
673 4712 745 4765 vaiet
763 4729 800 4762 es:
818 4728 851 4761 ea
864 4710 1000 4780 familia,
1021 4730 1126 4765 nones
1137 4712 1290 4768 L.Cassia.
1318 4714 1401 4784 Quod

95 4787 206 4840 verbam
226 4784 296 4842 inira
314 4802 355 4841 esi
375 4783 592 4860 restituendam,
610 4800 640 4842 ut
653 4784 743 4861 legas,
764 4785 827 4841 inde
839 4786 886 4840 ute
906 4786 1027 4842 cassisa.
1048 4788 1146 4843 Facitis
1165 4805 1193 4844 et
1212 4803 1289 4844 certa
1308 4806 1402 4844 ernen-
