3210 5280
480 192 529 256 ΙΝ
556 193 697 260 onst.
720 193 813 261 PRO
836 192 1056 262 PLANCIO.
1347 196 1407 260 eet
1443 260 1453 271 ,

99 329 220 393 terrent.
263 330 371 411 erare
395 329 471 394 nihil
489 331 603 397 mirum
623 345 688 411 est,
717 332 744 398 si
767 336 918 418 quaedam
938 334 1022 400 laiso
1043 334 1136 399 etiam
1158 338 1198 399 de
1222 335 1343 400 Plancii
1368 334 1408 398 li·

99 424 223 485 bertate
243 421 425 500 iactentur„
974 440 979 447 '

176 541 211 619 5.
238 546 332 620 Nam
368 549 468 647 qnod
502 551 643 648 primus
677 549 811 627 scivit¹
848 552 964 651 legem
999 553 1044 625 de
1078 554 1283 652 publicanis
1309 563 1407 644 tum,

99 683 211 756 quum
246 659 305 732 vir
340 660 584 757 amplissimus
611 665 741 738 consul
765 663 819 737 illi
845 663 969 736 ordini
993 688 1062 761 per
1087 663 1259 761 populum
1287 662 1407 758 dedit,

99 771 198 869 quod
223 796 291 868 per
317 782 503 869 senatum,
530 775 562 847 si
588 775 773 868 licuisset,
800 774 973 848 dedisset.
1418 799 1432 847 s

182 887 287 951 Panlo
311 908 406 968 snpra
428 889 551 954 lucratus
566 913 634 954 sum
656 891 730 955 nihil
752 891 887 956 obtineri
909 889 1050 973 potuisse
1064 911 1123 972 per
1146 888 1188 954 C.
1215 888 1405 962 Caesarem,

98 1001 194 1064 quanm
222 980 400 1062 publicanis
427 993 503 1063 aput
526 998 665 1048 senatum
701 985 977 1067 patrocinaretur,
1015 984 1249 1048 contradicente
1284 981 1404 1045 scilicet

97 1076 152 1139 Μ.
176 1071 312 1137 Catone.
357 1075 480 1138 Verum
501 1088 612 1158 postea
630 1077 741 1142 consul
761 1076 841 1138 idem
865 1077 906 1142 C·
931 1075 1050 1141 Caesar
1071 1077 1174 1161 legens
1198 1074 1268 1138 tulit
1288 1077 1325 1135 ad
1348 1096 1407 1155 pn·

97 1167 295 1230 blicanornm
310 1170 474 1231 commoda
494 1169 719 1250 pertinentem,
735 1168 788 1231 cni
801 1169 914 1233 lavore
929 1169 1192 1252 promptissimo²
1208 1167 1271 1233 Cn.
1286 1166 1408 1231 Plancii

96 1261 155 1341 [Ρ.
172 1260 262 1339 175.]
277 1270 367 1340 pater
381 1260 447 1323 sine
461 1263 557 1326 dubio
572 1261 708 1336 adstitit,
732 1261 878 1344 qnoniam
897 1283 949 1325 res
966 1262 1108 1325 utilitatis
1122 1283 1197 1326 serae
1216 1261 1384 1343 agebatur.
1399 1270 1406 1346 Ι
1419 1271 1449 1320 tt

95 1353 173 1415 Hoc
201 1348 280 1436 crgo
303 1354 560 1438 quidquid-esset
580 1353 833 1436 reprehensionis
855 1357 918 1402 —³
939 1367 1124 1421 removetur
1144 1357 1174 1418 in
1197 1354 1298 1437 ipsum
1323 1350 1406 1416 Cae-

100 1466 202 1509 sarem
226 1446 304 1531 legis
326 1459 486 1513 auctorem
507 1469 610 1530 nuper
631 1446 745 1511 latret.

177 1570 259 1644 XV.
285 1571 364 1645 Nee
382 1573 476 1645 enim
496 1574 689 1672 quicquam
708 1569 829 1645 aliud⁵
856 1574 892 1647 iu
920 1570 988 1645 hac
1014 1571 1113 1672 lege,
1140 1574 1214 1647 nisi
1238 1572 1405 1647 editicios

98 1681 238 1754 iudices
264 1692 412 1757 secutus
438 1704 492 1758 es.

185 1799 238 1862 Ad
259 1821 315 1875 ea,
338 1820 420 1884 quae
440 1813 511 1864 sunt
530 1801 704 1867 necessaria
719 1799 875 1865 conclusis
886 1800 1047 1882 prioribus
1067 1799 1207 1875 transit,¹
1219 1812 1250 1863 et
1267 1800 1407 1883 potuisse
1418 1819 1448 1867 ts

93 1893 304 1954 Laterensem
331 1894 372 1954 de
390 1893 507 1957 ambitu
529 1917 679 1960 accusare
703 1895 876 1981 significat,
906 1895 964 1959 uisi
990 1897 1146 1960 maluisset
1164 1896 1289 1961 idcireo
1316 1917 1405 1959 rcum

98 1985 171 2069 lege
194 1985 313 2049 Licinia
336 1987 460 2063 lacere,
485 2001 520 2052 nt
541 1992 671 2053 haberet
683 1990 801 2053 iudices
817 1987 979 2051 editicios:
1002 1991 1041 2051 de
1055 1989 1144 2051 cuius
1159 1989 1302 2053 ΐοιηιιειο6
1317 2011 1405 2052 acer·

98 2078 195 2140 bitate
220 2079 278 2140 iam
304 2082 411 2141 sumus
432 2080 463 2142 iu
487 2094 673 2166 argumento
693 2080 879 2162 praelocuti.
923 2081 1128 2144 Differentia⁷
1150 2080 1249 2163 igitur
1272 2101 1404 2144 accusa-

99 2171 180 2233 toris
202 2172 376 2235 ostenditur
394 2173 664 2239 ideo-invadentis
683 2176 714 2238 in
736 2177 838 2259 legem
863 2173 1034 2248 Liciniam,
1061 2177 1148 2258 quod
1170 2176 1306 2237 aanbitus
1327 2196 1404 2255 pro·

98 2264 189 2327 bari⁸
212 2286 275 2329 uon
289 2266 408 2347 possit,
432 2270 550 2353 dequeo
572 2267 689 2332 indices
712 2290 752 2330 ex
766 2267 936 2330 reiectione
951 2267 1060 2330 haberi
1075 2267 1216 2330 soleant:
1240 2269 1404 2352 aequalem
1415 2281 1447 2329 to

97 2359 217 2421 scilicet
234 2380 394 2422 arruiernm
416 2361 617 2424 reicientibus
638 2373 698 2425 tani
722 2373 903 2424 accusatore
926 2383 1017 2444 quiam
1041 2381 1112 2423 reo.
1156 2362 1278 2423 Verum
1297 2370 1404 2442 specta

98 2452 299 2536 diligentius⁹
321 2475 442 2516 omnem
466 2464 649 2518 contextum
676 2455 765 2517 burins
787 2457 863 2500 -Ν
885 2465 920 2517 ut
934 2453 1099 2536 intellegas
1114 2451 1257 2516 oratorio
1270 2455 1292 2493 ¹¹
1316 2473 1404 2517 ruore

97 2546 233 2629 speciem
258 2551 414 2631 qsrandam
437 2551 511 2593 -¹²
533 2549 564 2611 in
595 2551 719 2611 unodauu
744 2548 1026 2629 praescriptivum,
1060 2545 1147 2608 sacta
1174 2556 1300 2609 senatus
1328 2566 1405 2608 con-

95 2641 171 2705 sulti
196 2641 369 2717 mentione,
395 2641 480 2725 ῳιίῑ1
501 2643 669 2705 secundum
691 2641 794 2722 legem
818 2640 971 2703 Liciniam
996 2652 1147 2726 qasattuor
1169 2640 1221 2702 edi
1242 2640 1343 2702 tribus
1364 2640 1404 2702 ab

97 2746 282 2797 accusatore
304 2735 459 2810 voluerit,
484 2757 524 2797 ex
539 2734 654 2818 qrribus
668 2755 725 2798 reo
741 2733 850 2796 liceret
866 2755 956 2795 urnam
979 2733 1166 2815 repudiare,
1193 2744 1226 2796 nt
1246 2736 1285 2796 de
1304 2731 1446 2795 tribusne

97 2828 157 2908 [Q.
186 2827 283 2891 LIX.
312 2828 353 2891 P.
384 2828 472 2909 tit]
508 2827 638 2912 reliquis
667 2825 827 2888 indlicum
853 2827 984 2889 haberet
1011 2825 1197 2889 editionem:
1235 2836 1337 2887 tamen
1366 2827 1405 2887 ab

96 2930 281 2983 accusatore
304 2918 350 2982 sic
368 2919 436 2982 lieri
456 2920 612 2993 voluisse,
635 2930 670 2982 nt
692 2940 744 2982 eas
767 2921 889 2995 ederet,
916 2942 994 3004 quas
1015 2931 1184 3002 corruptas
1207 2918 1404 2980 acandidato

95 3011 328 3075 criminaretur.
373 3012 435 3075 Hic
451 3034 528 3079 vero
545 3012 726 3076 Laterensis
747 3015 891 3076 uoliterat
911 3012 995 3096 ipsas
1017 3015 1130 3089 edere,
1153 3010 1268 3095 quibus
1283 3010 1405 3073 dicebat

95 3103 259 3187 pecuniam
283 3107 403 3168 datarus
428 3107 535 3190 utique
561 3107 723 3182 consulte,
749 3128 787 3169 ne
810 3109 922 3181 reo¹⁸,
946 3128 963 3170 a
986 3127 1051 3190 qrao
1073 3103 1236 3187 pecuniam
1260 3123 1403 3184 sumpse·
1436 3175 1444 3184 ,

96 3209 185 3271 rant,
215 3196 330 3261 lavore
341 3198 364 3236 ¹⁵
392 3198 488 3262 tacito
510 3198 798 3280 patrocinarentur.
843 3200 940 3279 Quasi
965 3220 1082 3284 negare
1109 3199 1214 3282 itaque
1239 3195 1447 3277 temptavitao

94 3290 274 3353 aoerrsari¹⁶
296 3312 391 3372 posse
414 3293 484 3376 lege
508 3291 623 3358 Licinia
647 3291 828 3375 Plancium,
852 3294 977 3374 quiando
992 3293 1053 3354 sint
1068 3293 1146 3355 aliae
1168 3293 1269 3355 tribus
1288 3289 1401 3363 editae,

93 3405 154 3444 nec
179 3382 250 3445 illac
267 3383 481 3465 potissimum,
503 3406 582 3468 qnae
604 3386 773 3468 sumpsisse
790 3386 951 3466 pecuniam
972 3386 1168 3459 dicerentur,
1193 3396 1225 3447 et
1239 3404 1316 3466 quas
1332 3383 1403 3446 ideo

95 3476 147 3537 vel
171 3474 303 3539 maxime
323 3489 447 3539 senatus
468 3479 516 3539 edi
531 3479 734 3555 volnisset¹⁷,
758 3491 790 3540 ut
809 3490 840 3542 ct
856 3479 1047 3563 iudicarent,
1072 3490 1102 3541 et
1123 3477 1332 3542 testimouium
1354 3476 1402 3540 vel

905 3636 1130 3644 ———·-—·-
1143 3632 1390 3646 ..οισι-α*

164 3724 189 3769 l.
209 3727 269 3770 Cod.
291 3727 363 3772 ariri.
400 3725 424 3772 2.
444 3728 504 3772 Cod.
521 3729 698 3786 proptiarimo,
716 3728 835 3773 subtracta
853 3744 892 3784 nr,
914 3734 938 3774 at
957 3731 1018 3774 intra
1034 3730 1219 3788 promtissime,
1239 3728 1358 3775 sslstrarta
1374 3743 1400 3786 p.

235 3792 260 3839 3.
279 3798 366 3850 supple
392 3811 464 3841 auum
487 3800 569 3843 vocab.
608 3796 632 3846 l.
650 3799 710 3843 eoa.
734 3812 761 3842 re
775 3800 910 3856 perlatum.
948 3796 972 3844 5.
992 3801 1053 3845 Cod.
1076 3801 1147 3843 eluit.
1186 3799 1209 3842 6.
1236 3800 1271 3843 lta
1294 3802 1403 3843 renueudat
1436 3836 1440 3843 ,

234 3864 264 3909 Ν.
288 3867 348 3908 Cod.
363 3863 462 3924 sorore.
501 3865 525 3911 7.
545 3869 685 3921 (Portasset
709 3865 860 3930 diffidentie.
880 3870 919 3913 Sic
937 3869 960 3912 iu
978 3870 1075 3913 Salustii
1097 3869 1208 3926 iugurtha
1227 3870 1255 3912 C.
1278 3866 1319 3915 uo.
1339 3869 1399 3914 (iod.

231 3935 384 3979 'turicensisz
404 3933 570 3996 differentium
582 3937 621 3980 rei
634 3938 757 3981 airnniore
769 3941 930 3993 superscripto
942 3944 1007 3983 racto
1020 3935 1195 4000 dlffi‘lfflfflm·
1215 3938 1273 3989 Oa.)
1301 3936 1324 3981 8.
1340 3939 1400 3981 etot.

228 4005 345 4061 produt-e.
384 4004 407 4049 9.
431 4007 470 4049 Sic
491 4005 521 4053 Ν.
542 4011 565 4049 et
584 4006 671 4052 wint.
692 4008 751 4050 eod.
772 4007 898 4051 ticenum.
936 4004 977 4052 lli.
997 4009 1083 4063 Supipsle
1109 4021 1179 4050 aaroni
1198 4009 1233 4051 rel
1253 4009 1299 4050 duo
1318 4007 1399 4052 vocab.

232 4073 273 4117 ll.
293 4075 353 4117 (ἰού.
367 4080 500 4118 oratorem.
540 4073 580 4118 ¹2.
600 4076 687 4130 Suppje
699 4076 818 4120 similiter.
857 4073 897 4120 tt.
918 4076 977 4121 Cui.
988 4077 1135 4121 mentionem
1148 4090 1226 4135 pune:
1240 4079 1309 4129 (unde
1323 4076 1401 4120 Maias

230 4143 284 4186 iecit
303 4145 439 4197 inentionr,
459 4158 519 4203 puo,
532 4145 668 4193 Wunderus
686 4146 823 4199 mentione,
837 4143 902 4206 qui.)
940 4143 980 4192 ll.
999 4146 1060 4190 Cod.
1074 4159 1127 4190 reu.
1168 4144 1207 4190 t5.
1225 4147 1285 4188 Cod.
1299 4157 1398 4202 purore.

231 4211 271 4256 ld.
292 4213 352 4260 Cod.
372 4227 504 4258 occurrere.
544 4211 584 4258 li.
605 4213 665 4259 Cod.
685 4214 800 4259 volutare.

184 4352 212 4406 9.
232 4349 381 4405 Confirmat
401 4351 548 4405 Suetonius
574 4356 602 4404 tn
628 4350 680 4406 iul.
704 4352 770 4424 Cap.
791 4353 870 4419 xtt„
891 4351 938 4406 nbi
957 4350 991 4406 de
1009 4351 1125 4406 Caesare
1145 4351 1258 4406 consuls
1279 4356 1400 4423 primum

90 4430 145 4478 ait:
173 4425 334 4494 peridicanos
352 4432 542 4478 remissionem
557 4435 684 4496 petentes
701 4432 787 4479 tertia
806 4427 961 4480 naercednm
976 4437 1060 4498 parte
1080 4430 1236 4479 relevavit:
1265 4448 1297 4479 ne
1317 4447 1351 4478 ne
1369 4433 1400 4478 in

88 4501 227 4552 locatione
246 4519 382 4553 novorum
399 4502 581 4571 vectigalium
599 4500 810 4556 immoderatius
828 4504 995 4570 liceantur,
1018 4503 1167 4574 propalam
1193 4511 1306 4555 mnaneit.
1345 4505 1400 4557 tte.

90 4574 152 4629 cole
172 4581 295 4648 superius
312 4577 390 4631 Xlll.
412 4587 438 4633 t.

165 4653 212 4708 26.
232 4651 341 4704 Frustra
361 4651 428 4704 olim
449 4656 644 4706 existimatisne
664 4670 708 4706 ms
728 4650 805 4706 uideo
825 4651 889 4706 heic
909 4671 967 4708 esse
989 4659 1018 4709 in
1036 4653 1139 4708 Codice
1164 4653 1300 4708 lacunam.
1339 4655 1400 4710 Sut-

91 4721 147 4779 ficit
167 4730 241 4780 cuim
261 4726 369 4799 explere
389 4724 550 4782 uocabulum
570 4727 698 4782 iaedicnm.
