3210 5280
211 227 273 293 tlt
509 226 678 296 SCHOI..
702 229 914 296 GRONOV.
938 228 1034 295 PRO
1057 229 1101 293 1..
1125 228 1247 295 MAN.

295 368 378 454 Cap.
402 370 504 435 XIII.
528 372 581 435 37.
605 375 703 457 Qrme
723 370 814 435 enim
835 369 1093 458 imperatorem]
1127 373 1195 437 Aut
1218 369 1455 451 Glabrionem,
1487 371 1545 458 quii

214 461 344 528 Ciliciae
365 476 531 547 praeerat,
556 477 608 528 aut
635 464 775 530 Marium
799 464 885 528 dicit.

295 557 530 638 Centuriatus]
554 559 646 624 Ordo
668 569 715 621 est
739 557 883 622 militaris
906 556 1081 643 dignitatis.
1166 559 1170 574 '

295 651 364 736 Qui
382 653 577 736 pecuniam]
602 653 738 733 Quando
759 653 822 715 ibat
838 654 993 717 Lucullus
1010 655 1047 716 ad
1062 653 1197 730 bellum,
1222 664 1353 737 ceperat
1367 653 1539 736 pecuniam

185 744 381 821 ainlinitam,
406 759 441 810 ut
455 748 520 810 suis
543 747 692 811 militibus
715 747 801 811 bello
817 751 919 811 daret.
964 747 1031 811 Iste
1053 747 1177 830 accepit
1191 759 1223 811 ct
1238 759 1359 830 partem
1383 747 1542 830 pecuniae

211 840 296 904 dedit
318 839 424 905 multis
447 841 700 926 magistratibus,
723 852 760 903 ut
782 862 894 906 eorum
916 840 1037 905 auxilio
1060 862 1123 905 non
1146 844 1386 906 succederetur.

298 939 424 1002 Vestra
438 933 682 1021 murmuratio]
705 933 805 998 Multi
823 936 968 999 dicebaut
982 934 1116 998 scientes
1130 935 1202 998 talia
1216 934 1334 998 fecisse
1347 936 1537 999 Lucullum.

209 1027 371 1096 Dicebant
395 1029 548 1106 latenter,
580 1031 668 1114 quod
694 1031 733 1092 de
755 1029 894 1093 Lucrdlo
923 1029 1019 1110 dicit,
1050 1041 1186 1114 propter
1212 1029 1344 1093 divisam
1370 1031 1538 1113 pecuniam

210 1146 258 1189 ma
285 1122 460 1186 istratibus.

168 1237 199 1288 to
261 1147 348 1281 g38.
372 1216 499 1284 Nostri
518 1215 760 1300 imperatores]
782 1217 1012 1307 †Procaclius
1027 1218 1156 1305 qsridam
1173 1212 1337 1285 Romanus
1355 1219 1538 1302 imperator

209 1313 271 1378 iter
297 1311 418 1377 faciens
440 1308 602 1397 ingressus
625 1309 656 1373 in
684 1310 881 1393 provinciam
906 1310 1090 1394 postulabat
1112 1313 1288 1397 pecuniam.
1335 1315 1370 1379 Si
1398 1337 1465 1381 non
1491 1315 1536 1379 illi

210 1407 367 1483 dedisset,
391 1405 589 1489 provinciam
612 1404 695 1467 illam
717 1407 933 1491 expugnabat·

209 1489 213 1497 ¹
295 1502 348 1565 39.
372 1501 441 1567 Sed
461 1521 503 1563 ne
524 1499 671 1584 vestigia
690 1499 842 1585 quidem]
865 1502 998 1582 Semper
1012 1499 1067 1586 quui
1082 1498 1167 1585 rapit
1181 1523 1289 1566 mausus
1310 1523 1386 1564 strae
1401 1502 1537 1588 vestigia

210 1594 362 1680 relinquit
387 1637 607 1658 .......
630 1595 778 1669 †metro
804 1595 924 1660 ferrem
950 1595 1111 1661 Marcello
1138 1596 1248 1660 Illurio
1272 1596 1486 1676 exercitatus,
1509 1598 1539 1661 id

168 1710 199 1761 ts
214 1701 280 1766 est,
304 1689 388 1754 bella
410 1687 591 1752 commissa.

300 1782 383 1865 Cap.
407 1782 525 1846 XVII.
550 1784 603 1845 60.
626 1781 718 1865 Ipsis
739 1782 823 1848 loeis
844 1783 945 1867 assit]
970 1783 1106 1849 Glabrio
1129 1793 1198 1847 erat
1218 1781 1250 1847 in
1277 1782 1376 1860 Asia,
1400 1784 1467 1850 hoc
1482 1795 1537 1860 est,

216 1877 251 1941 in
264 1875 488 1942 Mithridatico
512 1876 615 1952 bello,
640 1888 672 1940 ct
693 1876 867 1961 Pompeius
882 1877 912 1940 in
928 1876 1107 1942 marituma.
1150 1879 1227 1942 Hoc
1241 1898 1323 1964 ergo
1339 1877 1437 1954 dicit,
1456 1882 1540 1962 qrrod

218 1972 245 2036 si
270 1974 342 2034 data
367 1971 464 2034 fucrit
490 1970 648 2054 Pompeio
677 1983 841 2056 potestas,
872 1971 960 2034 iuxta
990 1985 1054 2048 est,
1090 1984 1124 2037 ut
1146 1971 1238 2037 citius
1263 1972 1369 2057 possit
1395 1971 1540 2057 accipere

216 2089 234 2132 a
257 2064 433 2130 Glabrione
455 2064 628 2131 exercitus.

166 2178 199 2229 tt
272 2149 384 2243 'cap
414 2161 548 2225 XVIII.
580 2162 633 2224 55.
666 2162 817 2227 Exuviis
848 2158 1002 2240 nauium]
1036 2159 1178 2225 Primum
1206 2159 1346 2242 populus
1375 2160 1539 2226 Romanus

214 2266 327 2318 contra
356 2255 501 2318 Thraces
528 2255 645 2319 bellum
672 2256 790 2341 gessit,
826 2269 858 2322 et
888 2254 1054 2319 duodecim
1081 2253 1237 2336 capitibus
1264 2253 1396 2317 navium
1423 2254 1538 2319 rostris

212 2348 319 2414 iorum
346 2347 492 2424 ornarit,
522 2370 602 2427 non,
632 2361 668 2413 ut
692 2350 831 2435 imperiti
854 2351 978 2425 dicunt,
1008 2347 1325 2432 Karthaginiensium
1348 2348 1498 2413 navibus.

299 2442 381 2525 Cap.
405 2443 504 2508 XIX.
527 2444 579 2507 58.
603 2447 660 2509 An
681 2446 841 2510 Facidius
862 2444 1039 2527 Metellus]
1065 2442 1232 2509 Ciceronis
1247 2442 1421 2508 familiares
1436 2454 1535 2520 erant,

213 2548 267 2615 ut,
293 2539 418 2620 qrsando
441 2538 635 2618 probatIone
657 2540 792 2616 deiecit,
817 2551 924 2603 utatur
946 2536 1113 2620 exemplis.

167 2650 199 2699 ts
242 2712 245 2719 Ι
299 2630 509 2716 cuiusquam
529 2633 644 2713 initia]
667 2633 813 2697 Edictum
829 2642 1064 2715 proposuerat,
1088 2642 1123 2694 ut
1137 2650 1230 2696 nemo
1245 2629 1369 2694 referat
1385 2633 1425 2696 de
1440 2633 1538 2698 Posu-

210 2723 304 2809 pcio‚
330 2737 363 2788 ut
385 2725 455 2808 ipsc
477 2728 540 2789 hoc
562 2727 679 2790 bellum
701 2727 900 2810 experiatur.

294 2819 513 2902 intercessio]
535 2819 729 2885 Intercessio
753 2821 869 2884 dicitur
890 2823 915 2896 †
938 2816 1040 2883 acatio
1064 2818 1211 2883 dictionis
1233 2817 1353 2882 tribuni
1378 2819 1496 2903 plebis.

296 2912 379 2996 Cap.
403 2915 486 2976 XX.
511 2915 565 2976 60.
599 2914 759 2997 Cimbris]
794 2913 907 2979 Gallis.
940 2911 1063 2975 Lucius
1085 2913 1254 2996 Phllippus
1278 2914 1399 2978 dixisse
1421 2916 1535 2978 dicitm

211 3007 395 3071 consulibus
422 3008 641 3072 Sertorianum
675 3010 791 3072 bellruu
822 3007 1087 3071 detrectantibusa
1122 3007 1297 3091 Pompeius
1329 3010 1452 3073 electus
1476 3022 1532 3072 est.

167 3104 199 3154 ³⁰
212 3101 317 3181 Quum
343 3102 618 3187 interrogarentur
640 3115 766 3186 patres,
791 3102 891 3189 qualis
914 3102 1025 3165 debeat
1051 3123 1120 3164 cum
1145 3112 1306 3184 potestate
1331 3101 1434 3180 mitti,
1459 3103 1532 3169 Phi·

209 3192 317 3277 lippus
347 3197 457 3258 consul
482 3196 587 3259 ridens
612 3195 790 3282 ignaviam,
824 3193 1013 3279 proconsuli
1041 3193 1129 3258 dicit.
1175 3195 1293 3260 Cicero
1326 3197 1393 3260 hoc
1415 3208 1530 3280 caput,

198 3282 302 3372 'qnasi
328 3291 390 3353 hoc
417 3290 532 3353 dixerit
554 3292 645 3356 laude
668 3289 832 3373 Pompeii,
860 3310 924 3354 non
946 3289 1110 3353 consulum
1135 3288 1385 3372 vituperatione.

296 3380 379 3464 Cap.
403 3383 520 3446 XXII.
544 3382 597 3447 65.
621 3384 723 3468 Quod
742 3380 982 3473 enimsanum
999 3382 1148 3468 putatis]
1172 3383 1286 3449 Omnia
1309 3383 1341 3446 in
1363 3384 1532 3448 Lucullum

209 3474 347 3560 figurate
370 3475 529 3540 dicuntur.

165 3579 197 3630 ³⁵
294 3567 379 3651 Cap.
403 3571 540 3634 XXIII.
565 3572 617 3634 68.
640 3572 783 3636 Publius
803 3571 982 3655 Servilius]
1006 3573 1073 3637 Iste
1087 3572 1243 3647 florebat3
1267 3570 1297 3634 in
1318 3584 1434 3637 senatu
1449 3573 1533 3657 prin·

209 3683 286 3746 ceps
309 3676 397 3739 erat;
422 3668 583 3728 amabatur
606 3688 623 3730 a
645 3668 781 3749 populo.

293 3757 375 3842 Cap.
399 3761 534 3824 XXIV.
560 3762 612 3824 69.
635 3762 778 3844 Manili]
805 3754 903 3826 Gaius
926 3760 1078 3826 Manilius
1101 3760 1246 3824 tribunus
1269 3759 1391 3842 plebis.

296 3854 348 3917 70.
373 3857 417 3918 Ut
438 3854 609 3918 hominem
629 3857 822 3939 praestare]
857 3858 919 3920 Sed
949 3855 1134 3920 temeritatis
1165 3866 1213 3918 cst
1238 3854 1297 3918 sibi
1328 3854 1530 3940 repulsIoues

207 3947 348 4031 pericula
372 3948 528 4030 polliceri.
560 3954 760 4024 Praestare,
785 3951 984 4032 promittere.

163 4054 196 4104 u
293 4046 345 4106 Il.
369 4045 539 4109 Obscuram
558 4044 704 4126 partim]
729 4044 855 4107 Luculli
879 4056 910 4108 et
933 4045 1112 4108 Hortensii.

389 4145 519 4209 Ftnt's
544 4148 831 4212 POMPEIANA
853 4147 1034 4213 INCIPIT
1057 4148 1348 4212 MILONIANA.

282 4293 307 4339 1.
329 4281 415 4350 Quem
441 4283 501 4335 Cic.
540 4285 566 4340 lt.
587 4289 625 4337 An
643 4285 790 4353 petierat?
818 4283 872 4337 On.
912 4291 938 4344 7.
965 4284 1189 4337 admurmuratio
1208 4285 1266 4337 cte.
1312 4292 1359 4346 13.
1379 4294 1533 4354 vestigium

206 4357 265 4411 Cle.
314 4359 356 4413 15.
376 4359 509 4431 Corrupto
530 4357 599 4411 haec
619 4357 773 4412 referuntur
793 4357 825 4411 ad
847 4359 880 4412 C.
902 4362 946 4417 16.
959 4361 982 4426 §·
997 4363 1042 4418 ¹li·
1081 4361 1349 4417 talamanca.
1390 4362 1446 4417 Sed
1467 4365 1530 4436 lep:

204 4430 329 4499 Exuvlls]
351 4434 504 4485 Nauticum
521 4439 642 4502 primum
663 4450 717 4488 cet.
738 4433 791 4487 Ou.
830 4439 875 4490 21.
895 4435 924 4488 1³.
939 4439 1080 4488 Antiates.
1100 4437 1225 4491 Gronov.
1266 4437 1306 4489 lb.
1326 4444 1433 4506 ceptis.
1457 4442 1533 4495 Insa.

206 4509 252 4565 25.
273 4507 303 4558 C.
327 4505 475 4563 Falcidius.
496 4508 531 4578 Q.
545 4509 690 4562 Metellus.
727 4513 770 4565 27.
791 4513 896 4578 acatio]
920 4511 956 4565 G.
977 4539 1015 4553 -
1034 4516 1110 4562 artic
1130 4512 1181 4565 Gr.
1200 4527 1238 4564 eo
1256 4518 1379 4565 vetetr'o.
1400 4516 1424 4569 l.
1444 4516 1533 4570 Gnos.

205 4582 254 4639 52.
273 4580 326 4634 Hic
347 4581 423 4635 Iocus
444 4603 476 4636 ex
497 4587 528 4637 C.
548 4590 594 4641 21.
614 4601 640 4638 et
657 4584 815 4651 Plutarcho,
838 4602 919 4655 quem
934 4584 973 4638 lbl
988 4585 1081 4639 laudat
1095 4586 1227 4654 liorem,
1245 4585 1327 4641 facile
1342 4592 1385 4642 sic
1400 4592 1534 4644 emenda·

206 4669 265 4708 tur:
294 4658 369 4726 pituli
388 4687 406 4699 -
425 4688 441 4701 -
457 4677 512 4730 pro
532 4660 689 4712 consrrlr'bus
708 4661 792 4714 dicit.
832 4662 928 4714 Citero
947 4660 998 4713 hoe
1018 4666 1096 4732 capit
1116 4666 1197 4731 quaest
1214 4678 1268 4718 cet.
1301 4664 1420 4721 Gener.
1460 4665 1533 4722 Adde

207 4728 339 4787 Oroslnm
361 4735 393 4801 5,
416 4737 462 4795 tt.
482 4753 509 4810 p.
529 4737 594 4794 556.
613 4737 681 4791 litu.
701 4736 754 4790 On.
794 4738 839 4794 38.
853 4741 896 4789 An
915 4736 1102 4808 repulsionis?
1128 4736 1182 4793 Oa.

686 4853 1020 4872 ιυ--υ--ι--μ-σμ

147 2893 164 2927 Q
