<?xml version="1.0" encoding="UTF-8"?>
<!DOCTYPE html PUBLIC "-//W3C//DTD XHTML 1.0 Transitional//EN"
    "http://www.w3.org/TR/xhtml1/DTD/xhtml1-transitional.dtd">
<html xmlns="http://www.w3.org/1999/xhtml" xml:lang="en" lang="en">
 <head>
  <title>
</title>
<meta http-equiv="Content-Type" content="text/html;charset=utf-8" />
  <meta name='ocr-system' content='tesseract 3.04.00' />
  <meta name='ocr-capabilities' content='ocr_page ocr_carea ocr_par ocr_line ocrx_word'/>
</head>
<body>
  <div class='ocr_page' id='page_1' title='image "./operaquaesupers03halmgoog/operaquaesupers03halmgoog_0039.png"; bbox 0 0 3210 5280; ppageno 0'>
   <div class='ocr_carea' id='block_1_1' title="bbox 117 221 996 290">
    <p class='ocr_par' dir='ltr' id='par_1_1' title="bbox 117 221 996 290">
     <span class='ocr_line' id='line_1_1' title="bbox 117 221 996 290; baseline 0.002 -5"><span class='ocrx_word' id='word_1_1' title='bbox 117 258 120 263; x_wconf 95' lang='lat'><em>·</em></span> <span class='ocrx_word' id='word_1_2' title='bbox 225 223 245 286; x_wconf 89' lang='lat'><em>8</em></span> <span class='ocrx_word' id='word_1_3' title='bbox 770 221 996 290; x_wconf 78' lang='lat' dir='ltr'><strong>Ascoulus</strong></span> 
     </span>
    </p>
   </div>
   <div class='ocr_carea' id='block_1_2' title="bbox 186 363 1538 1470">
    <p class='ocr_par' dir='ltr' id='par_1_2' title="bbox 201 363 1538 1199">
     <span class='ocr_line' id='line_1_2' title="bbox 225 363 1536 446; baseline -0.003 -15"><span class='ocrx_word' id='word_1_4' title='bbox 225 364 309 431; x_wconf 83' lang='lat' dir='ltr'><strong>cossi</strong></span> <span class='ocrx_word' id='word_1_5' title='bbox 336 373 421 429; x_wconf 88' lang='lat' dir='ltr'><strong>sunt.</strong></span> <span class='ocrx_word' id='word_1_6' title='bbox 471 364 554 429; x_wconf 83' lang='lat' dir='ltr'>Post</span> <span class='ocrx_word' id='word_1_7' title='bbox 581 366 606 441; x_wconf 85' lang='lat'><strong>†</strong></span> <span class='ocrx_word' id='word_1_8' title='bbox 636 385 751 430; x_wconf 87' lang='lat' dir='ltr'><strong>novem</strong></span> <span class='ocrx_word' id='word_1_9' title='bbox 779 364 890 428; x_wconf 87' lang='lat' dir='ltr'><strong>deinde</strong></span> <span class='ocrx_word' id='word_1_10' title='bbox 918 386 1036 440; x_wconf 81' lang='lat' dir='ltr'><strong>sonos,</strong></span> <span class='ocrx_word' id='word_1_11' title='bbox 1073 383 1164 446; x_wconf 84' lang='lat' dir='ltr'><strong>quem</strong></span> <span class='ocrx_word' id='word_1_12' title='bbox 1193 363 1320 426; x_wconf 79' lang='lat' dir='ltr'><strong>sublate.</strong></span> <span class='ocrx_word' id='word_1_13' title='bbox 1345 373 1455 439; x_wconf 83' lang='lat' dir='ltr'><strong>esent,</strong></span> <span class='ocrx_word' id='word_1_14' title='bbox 1492 364 1536 427; x_wconf 92' lang='lat' dir='ltr'><strong>P.</strong></span> 
     </span>
     <span class='ocr_line' id='line_1_3' title="bbox 226 456 1537 542; baseline -0.004 -18"><span class='ocrx_word' id='word_1_15' title='bbox 226 458 378 536; x_wconf 76' lang='lat' dir='ltr'><strong>Clodius,</strong></span> <span class='ocrx_word' id='word_1_16' title='bbox 401 457 686 542; x_wconf 84' lang='lat' dir='ltr'><strong>tribunusplebis,</strong></span> <span class='ocrx_word' id='word_1_17' title='bbox 710 459 780 542; x_wconf 84' lang='lat' dir='ltr'><strong>lege</strong></span> <span class='ocrx_word' id='word_1_18' title='bbox 803 458 863 521; x_wconf 82' lang='lat' dir='ltr'><strong>lata</strong></span> <span class='ocrx_word' id='word_1_19' title='bbox 880 456 1016 522; x_wconf 85' lang='lat' dir='ltr'><strong>restituit</strong></span> <span class='ocrx_word' id='word_1_20' title='bbox 1030 457 1179 540; x_wconf 83' lang='lat' dir='ltr'><strong>collegis.</strong></span> <span class='ocrx_word' id='word_1_21' title='bbox 1224 457 1378 519; x_wconf 80' lang='lat' dir='ltr'>Invidiam</span> <span class='ocrx_word' id='word_1_22' title='bbox 1401 478 1482 542; x_wconf 81' lang='lat' dir='ltr'><strong>ergo</strong></span> <span class='ocrx_word' id='word_1_23' title='bbox 1505 467 1537 520; x_wconf 89' lang='lat' dir='ltr'><strong>et</strong></span> 
     </span>
     <span class='ocr_line' id='line_1_4' title="bbox 226 551 1534 635; baseline -0.003 -18"><span class='ocrx_word' id='word_1_24' title='bbox 226 554 343 617; x_wconf 80' lang='lat' dir='ltr'><strong>crimen</strong></span> <span class='ocrx_word' id='word_1_25' title='bbox 378 551 598 617; x_wconf 73' lang='lat' dir='ltr'><strong>restitutorum</strong></span> <span class='ocrx_word' id='word_1_26' title='bbox 626 551 750 617; x_wconf 78' lang='lat' dir='ltr'><strong>confert</strong></span> <span class='ocrx_word' id='word_1_27' title='bbox 779 552 809 614; x_wconf 91' lang='lat' dir='ltr'><strong>in</strong></span> <span class='ocrx_word' id='word_1_28' title='bbox 839 551 1007 628; x_wconf 78' lang='lat' dir='ltr'><strong>Pisonem,</strong></span> <span class='ocrx_word' id='word_1_29' title='bbox 1042 554 1147 635; x_wconf 81' lang='lat' dir='ltr'><strong>quod,</strong></span> <span class='ocrx_word' id='word_1_30' title='bbox 1187 571 1258 617; x_wconf 76' lang='lat' dir='ltr'><strong>eum</strong></span> <span class='ocrx_word' id='word_1_31' title='bbox 1288 552 1398 615; x_wconf 84' lang='lat' dir='ltr'><strong>consul</strong></span> <span class='ocrx_word' id='word_1_32' title='bbox 1432 561 1534 626; x_wconf 85' lang='lat' dir='ltr'><strong>esset,</strong></span> 
     </span>
     <span class='ocr_line' id='line_1_5' title="bbox 226 645 1535 730; baseline -0.003 -21"><span class='ocrx_word' id='word_1_33' title='bbox 226 667 337 730; x_wconf 85' lang='lat' dir='ltr'><strong>passus</strong></span> <span class='ocrx_word' id='word_1_34' title='bbox 358 646 397 710; x_wconf 84' lang='lat' dir='ltr'><strong>eit</strong></span> <span class='ocrx_word' id='word_1_35' title='bbox 419 658 507 723; x_wconf 81' lang='lat' dir='ltr'><strong>ante,</strong></span> <span class='ocrx_word' id='word_1_36' title='bbox 532 668 623 730; x_wconf 77' lang='lat' dir='ltr'><strong>quiam</strong></span> <span class='ocrx_word' id='word_1_37' title='bbox 644 646 696 709; x_wconf 86' lang='lat' dir='ltr'><strong>lex</strong></span> <span class='ocrx_word' id='word_1_38' title='bbox 721 645 878 718; x_wconf 77' lang='lat' dir='ltr'><strong>terretur,</strong></span> <span class='ocrx_word' id='word_1_39' title='bbox 902 645 1008 707; x_wconf 83' lang='lat' dir='ltr'><strong>iacere</strong></span> <span class='ocrx_word' id='word_1_40' title='bbox 1032 686 1535 708; x_wconf 89' lang='grc'><strong>...............</strong></span> 
     </span>
     <span class='ocr_line' id='line_1_6' title="bbox 201 735 1538 822; baseline -0.006 -13"><span class='ocrx_word' id='word_1_41' title='bbox 201 761 239 809; x_wconf 79' lang='lat'><strong>5·</strong></span> <span class='ocrx_word' id='word_1_42' title='bbox 264 784 274 803; x_wconf 95' lang='lat'><strong>.</strong></span> <span class='ocrx_word' id='word_1_43' title='bbox 303 751 534 822; x_wconf 80' lang='lat' dir='ltr'><strong>praetextatum</strong></span> <span class='ocrx_word' id='word_1_44' title='bbox 564 740 656 805; x_wconf 85' lang='lat' dir='ltr'><strong>ludos</strong></span> <span class='ocrx_word' id='word_1_45' title='bbox 685 740 762 802; x_wconf 83' lang='lat' dir='ltr'><strong>Sex.</strong></span> <span class='ocrx_word' id='word_1_46' title='bbox 797 737 957 804; x_wconf 90' lang='lat' dir='ltr'><strong>Clodium.</strong></span> <span class='ocrx_word' id='word_1_47' title='bbox 1002 738 1035 801; x_wconf 89' lang='lat' dir='ltr'><strong>Is</strong></span> <span class='ocrx_word' id='word_1_48' title='bbox 1063 738 1123 800; x_wconf 83' lang='lat' dir='ltr'><strong>fnit</strong></span> <span class='ocrx_word' id='word_1_49' title='bbox 1149 736 1407 800; x_wconf 78' lang='lat' dir='ltr'><strong>familiarissimus</strong></span> <span class='ocrx_word' id='word_1_50' title='bbox 1430 735 1538 801; x_wconf 87' lang='lat' dir='ltr'><strong>Clodii</strong></span> 
     </span>
     <span class='ocr_line' id='line_1_7' title="bbox 228 831 1538 916; baseline -0.002 -20"><span class='ocrx_word' id='word_1_51' title='bbox 228 844 260 896; x_wconf 87' lang='lat' dir='ltr'><strong>et</strong></span> <span class='ocrx_word' id='word_1_52' title='bbox 282 854 450 916; x_wconf 85' lang='lat' dir='ltr'><strong>operarum</strong></span> <span class='ocrx_word' id='word_1_53' title='bbox 477 831 702 897; x_wconf 83' lang='lat' dir='ltr'><strong>Clodianarum</strong></span> <span class='ocrx_word' id='word_1_54' title='bbox 724 836 808 906; x_wconf 83' lang='lat' dir='ltr'><strong>dssx,</strong></span> <span class='ocrx_word' id='word_1_55' title='bbox 840 853 905 916; x_wconf 81' lang='lat' dir='ltr'><strong>quo</strong></span> <span class='ocrx_word' id='word_1_56' title='bbox 928 843 1055 895; x_wconf 86' lang='lat' dir='ltr'><strong>auctore</strong></span> <span class='ocrx_word' id='word_1_57' title='bbox 1077 843 1189 915; x_wconf 79' lang='lat' dir='ltr'><strong>postea</strong></span> <span class='ocrx_word' id='word_1_58' title='bbox 1212 831 1309 894; x_wconf 78' lang='lat' dir='ltr'><strong>inlato</strong></span> <span class='ocrx_word' id='word_1_59' title='bbox 1332 833 1372 892; x_wconf 82' lang='lat' dir='ltr'><strong>ab</strong></span> <span class='ocrx_word' id='word_1_60' title='bbox 1393 831 1441 894; x_wconf 86' lang='lat' dir='ltr'><strong>his</strong></span> <span class='ocrx_word' id='word_1_61' title='bbox 1464 851 1538 895; x_wconf 83' lang='lat' dir='ltr'><strong>cor·</strong></span> 
     </span>
     <span class='ocr_line' id='line_1_8' title="bbox 222 922 1538 1011; baseline -0.005 -20"><span class='ocrx_word' id='word_1_62' title='bbox 222 943 308 1011; x_wconf 80' lang='lat' dir='ltr'><strong>pore</strong></span> <span class='ocrx_word' id='word_1_63' title='bbox 330 926 436 992; x_wconf 88' lang='lat' dir='ltr'><strong>Clodii</strong></span> <span class='ocrx_word' id='word_1_64' title='bbox 457 925 544 989; x_wconf 85' lang='lat' dir='ltr'><strong>curia</strong></span> <span class='ocrx_word' id='word_1_65' title='bbox 572 948 641 1004; x_wconf 83' lang='lat' dir='ltr'><strong>eum</strong></span> <span class='ocrx_word' id='word_1_66' title='bbox 670 948 710 991; x_wconf 85' lang='lat' dir='ltr'><strong>eo</strong></span> <span class='ocrx_word' id='word_1_67' title='bbox 731 930 857 990; x_wconf 82' lang='lat' dir='ltr'><strong>incensa</strong></span> <span class='ocrx_word' id='word_1_68' title='bbox 883 937 943 986; x_wconf 84' lang='lat' dir='ltr'><strong>est.</strong></span> <span class='ocrx_word' id='word_1_69' title='bbox 987 925 1077 1003; x_wconf 83' lang='lat' dir='ltr'><strong>Quos</strong></span> <span class='ocrx_word' id='word_1_70' title='bbox 1102 928 1192 988; x_wconf 87' lang='lat' dir='ltr'><strong>ludos</strong></span> <span class='ocrx_word' id='word_1_71' title='bbox 1219 937 1293 986; x_wconf 87' lang='lat' dir='ltr'><strong>tune</strong></span> <span class='ocrx_word' id='word_1_72' title='bbox 1318 944 1446 1007; x_wconf 86' lang='lat' dir='ltr'><strong>quoque</strong></span> <span class='ocrx_word' id='word_1_73' title='bbox 1468 922 1538 987; x_wconf 84' lang='lat' dir='ltr'><strong>fieri</strong></span> 
     </span>
     <span class='ocr_line' id='line_1_9' title="bbox 226 1015 1536 1105; baseline -0.002 -21"><span class='ocrx_word' id='word_1_74' title='bbox 226 1020 400 1105; x_wconf 85' lang='lat' dir='ltr'><strong>prohibere</strong></span> <span class='ocrx_word' id='word_1_75' title='bbox 421 1018 553 1083; x_wconf 79' lang='lat' dir='ltr'><strong>tentavit</strong></span> <span class='ocrx_word' id='word_1_76' title='bbox 574 1022 615 1084; x_wconf 92' lang='lat' dir='ltr'><strong>L.</strong></span> <span class='ocrx_word' id='word_1_77' title='bbox 637 1019 772 1084; x_wconf 77' lang='lat' dir='ltr'>Ninnius</span> <span class='ocrx_word' id='word_1_78' title='bbox 794 1020 938 1086; x_wconf 87' lang='lat' dir='ltr'><strong>tribunus</strong></span> <span class='ocrx_word' id='word_1_79' title='bbox 961 1017 1074 1101; x_wconf 87' lang='lat' dir='ltr'><strong>plebis.</strong></span> <span class='ocrx_word' id='word_1_80' title='bbox 1118 1022 1203 1082; x_wconf 89' lang='lat' dir='ltr'><strong>Ante</strong></span> <span class='ocrx_word' id='word_1_81' title='bbox 1232 1015 1389 1080; x_wconf 84' lang='lat' dir='ltr'>biennium</span> <span class='ocrx_word' id='word_1_82' title='bbox 1411 1031 1536 1094; x_wconf 77' lang='lat' dir='ltr'><strong>niuem.</strong></span> 
     </span>
     <span class='ocr_line' id='line_1_10' title="bbox 228 1109 1538 1199; baseline -0.002 -22"><span class='ocrx_word' id='word_1_83' title='bbox 228 1135 320 1199; x_wconf 81' lang='lat' dir='ltr'><strong>quam</strong></span> <span class='ocrx_word' id='word_1_84' title='bbox 349 1113 593 1178; x_wconf 76' lang='lat' dir='ltr'><strong>restituerentur</strong></span> <span class='ocrx_word' id='word_1_85' title='bbox 622 1112 775 1198; x_wconf 82' lang='lat' dir='ltr'><strong>collegia,</strong></span> <span class='ocrx_word' id='word_1_86' title='bbox 810 1114 854 1194; x_wconf 84' lang='lat' dir='ltr'><strong>Q.</strong></span> <span class='ocrx_word' id='word_1_87' title='bbox 884 1114 1034 1177; x_wconf 86' lang='lat' dir='ltr'><strong>Metellus</strong></span> <span class='ocrx_word' id='word_1_88' title='bbox 1064 1112 1161 1178; x_wconf 85' lang='lat' dir='ltr'><strong>Celer</strong></span> <span class='ocrx_word' id='word_1_89' title='bbox 1192 1113 1304 1177; x_wconf 84' lang='lat' dir='ltr'><strong>consul</strong></span> <span class='ocrx_word' id='word_1_90' title='bbox 1327 1109 1538 1196; x_wconf 83' lang='lat' dir='ltr'><strong>[designatus]</strong></span> 
     </span>
    </p>

    <p class='ocr_par' dir='ltr' id='par_1_3' title="bbox 186 1205 1538 1470">
     <span class='ocr_line' id='line_1_11' title="bbox 186 1205 1538 1291; baseline -0.004 -16"><span class='ocrx_word' id='word_1_91' title='bbox 186 1227 217 1276; x_wconf 86' lang='lat' dir='ltr'><strong>su</strong></span> <span class='ocrx_word' id='word_1_92' title='bbox 229 1207 397 1291; x_wconf 77' lang='lat' dir='ltr'><strong>magistros</strong></span> <span class='ocrx_word' id='word_1_93' title='bbox 420 1207 594 1287; x_wconf 79' lang='lat' dir='ltr'><strong>[ludorum]</strong></span> <span class='ocrx_word' id='word_1_94' title='bbox 618 1207 709 1269; x_wconf 86' lang='lat' dir='ltr'><strong>ludos</strong></span> <span class='ocrx_word' id='word_1_95' title='bbox 729 1205 965 1290; x_wconf 87' lang='lat' dir='ltr'><strong>Compitalitios</strong></span> <span class='ocrx_word' id='word_1_96' title='bbox 986 1208 1091 1270; x_wconf 79' lang='lat' dir='ltr'><strong>iecere</strong></span> <span class='ocrx_word' id='word_1_97' title='bbox 1114 1208 1339 1288; x_wconf 78' lang='lat' dir='ltr'><strong>prohibuerat,</strong></span> <span class='ocrx_word' id='word_1_98' title='bbox 1362 1217 1397 1269; x_wconf 88' lang='lat' dir='ltr'><strong>ut</strong></span> <span class='ocrx_word' id='word_1_99' title='bbox 1420 1207 1538 1273; x_wconf 85' lang='lat' dir='ltr'><strong>Cicero</strong></span> 
     </span>
     <span class='ocr_line' id='line_1_12' title="bbox 228 1298 1538 1383; baseline -0.002 -21"><span class='ocrx_word' id='word_1_100' title='bbox 228 1301 340 1376; x_wconf 78' lang='lat' dir='ltr'><strong>trudit,</strong></span> <span class='ocrx_word' id='word_1_101' title='bbox 364 1299 506 1383; x_wconf 80' lang='lat' dir='ltr'><strong>quamvis</strong></span> <span class='ocrx_word' id='word_1_102' title='bbox 521 1309 652 1364; x_wconf 80' lang='lat' dir='ltr'><strong>assctore</strong></span> <span class='ocrx_word' id='word_1_103' title='bbox 666 1298 796 1364; x_wconf 87' lang='lat' dir='ltr'><strong>tribuno</strong></span> <span class='ocrx_word' id='word_1_104' title='bbox 814 1299 915 1383; x_wconf 88' lang='lat' dir='ltr'><strong>plebis</strong></span> <span class='ocrx_word' id='word_1_105' title='bbox 936 1300 1049 1364; x_wconf 82' lang='lat' dir='ltr'><strong>fierent</strong></span> <span class='ocrx_word' id='word_1_106' title='bbox 1069 1300 1151 1379; x_wconf 81' lang='lat' dir='ltr'><strong>ludi,</strong></span> <span class='ocrx_word' id='word_1_107' title='bbox 1174 1302 1260 1369; x_wconf 85' lang='lat' dir='ltr'><strong>ouius</strong></span> <span class='ocrx_word' id='word_1_108' title='bbox 1283 1302 1403 1368; x_wconf 91' lang='lat' dir='ltr'><strong>tribuni</strong></span> <span class='ocrx_word' id='word_1_109' title='bbox 1424 1319 1538 1366; x_wconf 87' lang='lat' dir='ltr'><strong>nomeu</strong></span> 
     </span>
     <span class='ocr_line' id='line_1_13' title="bbox 228 1392 929 1470; baseline -0.001 -12"><span class='ocrx_word' id='word_1_110' title='bbox 228 1394 330 1459; x_wconf 76' lang='lat' dir='ltr'><strong>adhue</strong></span> <span class='ocrx_word' id='word_1_111' title='bbox 351 1415 416 1458; x_wconf 92' lang='lat' dir='ltr'><strong>non</strong></span> <span class='ocrx_word' id='word_1_112' title='bbox 436 1392 556 1458; x_wconf 86' lang='lat' dir='ltr'><strong>inveni.</strong></span> <span class='ocrx_word' id='word_1_113' title='bbox 585 1464 588 1470; x_wconf 60' lang='grc'><em>,</em></span> <span class='ocrx_word' id='word_1_114' title='bbox 926 1399 929 1407; x_wconf 85' lang='grc'><em>’</em></span> 
     </span>
    </p>
   </div>
   <div class='ocr_carea' id='block_1_3' title="bbox 724 1513 1037 1613">
    <p class='ocr_par' dir='ltr' id='par_1_4' title="bbox 724 1513 1037 1613">
     <span class='ocr_line' id='line_1_14' title="bbox 724 1513 1037 1613; baseline 0.003 -33"><span class='ocrx_word' id='word_1_115' title='bbox 724 1513 883 1581; x_wconf 75' lang='lat' dir='ltr'><strong>nunno</strong></span> <span class='ocrx_word' id='word_1_116' title='bbox 907 1515 1037 1613; x_wconf 66' lang='lat' dir='ltr'><strong>rose,</strong></span> 
     </span>
    </p>
   </div>
   <div class='ocr_carea' id='block_1_4' title="bbox 157 1632 1551 2344">
    <p class='ocr_par' dir='ltr' id='par_1_5' title="bbox 157 1632 1551 2344">
     <span class='ocr_line' id='line_1_15' title="bbox 157 1632 1540 1727; baseline 0.002 -25"><span class='ocrx_word' id='word_1_117' title='bbox 157 1668 219 1727; x_wconf 76' lang='lat' dir='ltr'><strong>[ssi]</strong></span> <span class='ocrx_word' id='word_1_118' title='bbox 313 1639 356 1718; x_wconf 67' lang='grc'><strong>(1.</strong></span> <span class='ocrx_word' id='word_1_119' title='bbox 377 1637 425 1716; x_wconf 80' lang='grc'><strong>9.)</strong></span> <span class='ocrx_word' id='word_1_120' title='bbox 446 1636 535 1719; x_wconf 75' lang='lat' dir='ltr'><strong>Ergo</strong></span> <span class='ocrx_word' id='word_1_121' title='bbox 556 1637 606 1698; x_wconf 81' lang='lat' dir='ltr'><strong>isis</strong></span> <span class='ocrx_word' id='word_1_122' title='bbox 620 1632 856 1716; x_wconf 74' lang='lat' dir='ltr'><strong>fundamentis</strong></span> <span class='ocrx_word' id='word_1_123' title='bbox 873 1642 992 1720; x_wconf 87' lang='lat' dir='ltr'><strong>positis</strong></span> <span class='ocrx_word' id='word_1_124' title='bbox 1008 1639 1207 1707; x_wconf 87' lang='lat' dir='ltr'><strong>consulatus</strong></span> <span class='ocrx_word' id='word_1_125' title='bbox 1228 1642 1282 1702; x_wconf 88' lang='lat' dir='ltr'><strong>tui</strong></span> <span class='ocrx_word' id='word_1_126' title='bbox 1287 1681 1298 1718; x_wconf 81' lang='lat'>,</span> <span class='ocrx_word' id='word_1_127' title='bbox 1318 1640 1432 1704; x_wconf 89' lang='lat' dir='ltr'><strong>triduo</strong></span> <span class='ocrx_word' id='word_1_128' title='bbox 1449 1654 1540 1725; x_wconf 86' lang='lat' dir='ltr'><strong>post,</strong></span> 
     </span>
     <span class='ocr_line' id='line_1_16' title="bbox 188 1723 1541 1817; baseline 0.001 -20"><span class='ocrx_word' id='word_1_129' title='bbox 188 1735 438 1813; x_wconf 81' lang='lat' dir='ltr'><strong>ssinspeotante</strong></span> <span class='ocrx_word' id='word_1_130' title='bbox 458 1739 489 1791; x_wconf 89' lang='lat' dir='ltr'><strong>te</strong></span> <span class='ocrx_word' id='word_1_131' title='bbox 506 1737 538 1791; x_wconf 88' lang='lat' dir='ltr'><strong>et</strong></span> <span class='ocrx_word' id='word_1_132' title='bbox 555 1734 708 1808; x_wconf 83' lang='lat' dir='ltr'><strong>tacente,</strong></span> <span class='ocrx_word' id='word_1_133' title='bbox 729 1747 752 1788; x_wconf 89' lang='lat' dir='ltr'><strong>a</strong></span> <span class='ocrx_word' id='word_1_134' title='bbox 769 1723 821 1810; x_wconf 78' lang='lat' dir='ltr'><strong>[l&#39;.</strong></span> <span class='ocrx_word' id='word_1_135' title='bbox 847 1725 983 1812; x_wconf 78' lang='lat' dir='ltr'><strong>Clodio]</strong></span> <span class='ocrx_word' id='word_1_136' title='bbox 1005 1728 1119 1809; x_wconf 87' lang='lat' dir='ltr'><strong>fatali</strong></span> <span class='ocrx_word' id='word_1_137' title='bbox 1132 1739 1286 1810; x_wconf 84' lang='lat' dir='ltr'><strong>portento</strong></span> <span class='ocrx_word' id='word_1_138' title='bbox 1310 1731 1541 1817; x_wconf 78' lang='lat' dir='ltr'><strong>prodigioque</strong></span> 
     </span>
     <span class='ocr_line' id='line_1_17' title="bbox 229 1812 1542 1904; baseline 0.002 -20"><span class='ocrx_word' id='word_1_139' title='bbox 229 1820 461 1903; x_wconf 82' lang='lat' dir='ltr'><strong>reipublicae</strong></span> <span class='ocrx_word' id='word_1_140' title='bbox 486 1820 544 1881; x_wconf 82' lang='lat' dir='ltr'><strong>lex</strong></span> <span class='ocrx_word' id='word_1_141' title='bbox 568 1812 663 1885; x_wconf 82' lang='lat' dir='ltr'><strong>delia</strong></span> <span class='ocrx_word' id='word_1_142' title='bbox 694 1826 727 1880; x_wconf 92' lang='lat' dir='ltr'><strong>et</strong></span> <span class='ocrx_word' id='word_1_143' title='bbox 745 1817 847 1894; x_wconf 82' lang='lat' dir='ltr'><strong>Fufia</strong></span> <span class='ocrx_word' id='word_1_144' title='bbox 867 1840 978 1887; x_wconf 82' lang='lat' dir='ltr'><strong>eversa</strong></span> <span class='ocrx_word' id='word_1_145' title='bbox 1003 1829 1068 1898; x_wconf 85' lang='lat' dir='ltr'><strong>est,</strong></span> <span class='ocrx_word' id='word_1_146' title='bbox 1087 1820 1356 1901; x_wconf 83' lang='lat' dir='ltr'><strong>propugnacula</strong></span> <span class='ocrx_word' id='word_1_147' title='bbox 1383 1825 1542 1904; x_wconf 81' lang='lat' dir='ltr'><strong>murique</strong></span> 
     </span>
     <span class='ocr_line' id='line_1_18' title="bbox 229 1907 1551 1994; baseline 0.001 -20"><span class='ocrx_word' id='word_1_148' title='bbox 229 1910 492 1992; x_wconf 74' lang='lat' dir='ltr'><strong>tranquillitatis</strong></span> <span class='ocrx_word' id='word_1_149' title='bbox 521 1915 624 1989; x_wconf 78' lang='lat' dir='ltr'><strong>atque</strong></span> <span class='ocrx_word' id='word_1_150' title='bbox 653 1907 735 1981; x_wconf 87' lang='lat' dir='ltr'><strong>otii,·</strong></span> <span class='ocrx_word' id='word_1_151' title='bbox 770 1907 941 1992; x_wconf 80' lang='lat' dir='ltr'><strong>oollegia,</strong></span> <span class='ocrx_word' id='word_1_152' title='bbox 974 1931 1040 1973; x_wconf 89' lang='lat' dir='ltr'><strong>non</strong></span> <span class='ocrx_word' id='word_1_153' title='bbox 1067 1930 1109 1972; x_wconf 90' lang='lat' dir='ltr'><strong>ea</strong></span> <span class='ocrx_word' id='word_1_154' title='bbox 1127 1911 1255 1990; x_wconf 89' lang='lat' dir='ltr'><strong>solum,</strong></span> <span class='ocrx_word' id='word_1_155' title='bbox 1286 1930 1376 1994; x_wconf 77' lang='lat' dir='ltr'><strong>qnae</strong></span> <span class='ocrx_word' id='word_1_156' title='bbox 1402 1922 1551 1978; x_wconf 54' lang='lat' dir='ltr'><strong>senatus*</strong></span> 
     </span>
     <span class='ocr_line' id='line_1_19' title="bbox 229 1993 1542 2080; baseline 0.001 -17"><span class='ocrx_word' id='word_1_157' title='bbox 229 2001 436 2072; x_wconf 71' lang='lat' dir='ltr'><strong>sustulerat,</strong></span> <span class='ocrx_word' id='word_1_158' title='bbox 465 1997 637 2060; x_wconf 86' lang='lat' dir='ltr'><strong>restituta.</strong></span> <span class='ocrx_word' id='word_1_159' title='bbox 667 1993 726 2059; x_wconf 86' lang='lat' dir='ltr'><strong>sed</strong></span> <span class='ocrx_word' id='word_1_160' title='bbox 752 1997 1012 2061; x_wconf 77' lang='lat' dir='ltr'><strong>innumerabilia</strong></span> <span class='ocrx_word' id='word_1_161' title='bbox 1045 1998 1212 2080; x_wconf 81' lang='lat' dir='ltr'><strong>quaedam</strong></span> <span class='ocrx_word' id='word_1_162' title='bbox 1247 2020 1290 2062; x_wconf 81' lang='lat' dir='ltr'><strong>ex</strong></span> <span class='ocrx_word' id='word_1_163' title='bbox 1321 2001 1415 2064; x_wconf 87' lang='lat' dir='ltr'><strong>omni</strong></span> <span class='ocrx_word' id='word_1_164' title='bbox 1431 1998 1542 2078; x_wconf 80' lang='lat' dir='ltr'><strong>faece</strong></span> 
     </span>
     <span class='ocr_line' id='line_1_20' title="bbox 231 2085 1540 2169; baseline 0.003 -19"><span class='ocrx_word' id='word_1_165' title='bbox 231 2089 321 2152; x_wconf 79' lang='lat' dir='ltr'><strong>urbis</strong></span> <span class='ocrx_word' id='word_1_166' title='bbox 341 2108 385 2151; x_wconf 86' lang='lat' dir='ltr'><strong>ac</strong></span> <span class='ocrx_word' id='word_1_167' title='bbox 412 2088 546 2151; x_wconf 82' lang='lat' dir='ltr'><strong>servitio</strong></span> <span class='ocrx_word' id='word_1_168' title='bbox 581 2087 766 2149; x_wconf 81' lang='lat' dir='ltr'><strong>concitata.</strong></span> <span class='ocrx_word' id='word_1_169' title='bbox 807 2085 864 2150; x_wconf 78' lang='lat' dir='ltr'><strong>Ab</strong></span> <span class='ocrx_word' id='word_1_170' title='bbox 883 2086 998 2151; x_wconf 88' lang='lat' dir='ltr'><strong>eodem</strong></span> <span class='ocrx_word' id='word_1_171' title='bbox 1018 2088 1151 2150; x_wconf 79' lang='lat' dir='ltr'><strong>homine</strong></span> <span class='ocrx_word' id='word_1_172' title='bbox 1171 2090 1205 2150; x_wconf 91' lang='lat' dir='ltr'><strong>in</strong></span> <span class='ocrx_word' id='word_1_173' title='bbox 1224 2090 1348 2169; x_wconf 80' lang='lat' dir='ltr'><strong>stupris</strong></span> <span class='ocrx_word' id='word_1_174' title='bbox 1377 2089 1540 2153; x_wconf 81' lang='lat' dir='ltr'><strong>inauditis</strong></span> 
     </span>
     <span class='ocr_line' id='line_1_21' title="bbox 188 2174 1544 2259; baseline 0.001 -20"><span class='ocrx_word' id='word_1_175' title='bbox 188 2191 220 2239; x_wconf 81' lang='lat' dir='ltr'><strong>tu</strong></span> <span class='ocrx_word' id='word_1_176' title='bbox 230 2178 439 2259; x_wconf 80' lang='lat' dir='ltr'><strong>nefariisque</strong></span> <span class='ocrx_word' id='word_1_177' title='bbox 464 2184 592 2240; x_wconf 83' lang='lat' dir='ltr'><strong>versato</strong></span> <span class='ocrx_word' id='word_1_178' title='bbox 621 2184 710 2243; x_wconf 78' lang='lat' dir='ltr'><strong>uetus</strong></span> <span class='ocrx_word' id='word_1_179' title='bbox 742 2174 806 2236; x_wconf 90' lang='lat' dir='ltr'><strong>illa</strong></span> <span class='ocrx_word' id='word_1_180' title='bbox 824 2178 991 2256; x_wconf 80' lang='lat' dir='ltr'><strong>magistra</strong></span> <span class='ocrx_word' id='word_1_181' title='bbox 1011 2176 1150 2256; x_wconf 83' lang='lat' dir='ltr'><strong>pudoris</strong></span> <span class='ocrx_word' id='word_1_182' title='bbox 1170 2187 1204 2242; x_wconf 86' lang='lat' dir='ltr'><strong>et</strong></span> <span class='ocrx_word' id='word_1_183' title='bbox 1230 2176 1433 2255; x_wconf 79' lang='lat' dir='ltr'><strong>modestiae,</strong></span> <span class='ocrx_word' id='word_1_184' title='bbox 1468 2198 1544 2242; x_wconf 86' lang='lat' dir='ltr'><strong>cen·</strong></span> 
     </span>
     <span class='ocr_line' id='line_1_22' title="bbox 230 2267 567 2344; baseline -0.018 -13"><span class='ocrx_word' id='word_1_185' title='bbox 230 2289 332 2344; x_wconf 88' lang='lat' dir='ltr'><strong>sura,</strong></span> <span class='ocrx_word' id='word_1_186' title='bbox 351 2267 488 2329; x_wconf 85' lang='lat' dir='ltr'><strong>sublata</strong></span> <span class='ocrx_word' id='word_1_187' title='bbox 509 2274 567 2333; x_wconf 87' lang='lat' dir='ltr'><strong>est.</strong></span> 
     </span>
    </p>
   </div>
   <div class='ocr_carea' id='block_1_5' title="bbox 1313 2368 1541 2382">
    <p class='ocr_par' dir='ltr' id='par_1_6' title="bbox 1313 2368 1541 2382">
     <span class='ocr_line' id='line_1_23' title="bbox 1313 2368 1541 2382; baseline 0.004 -1"><span class='ocrx_word' id='word_1_188' title='bbox 1313 2368 1541 2382; x_wconf 67' lang='lat'><strong>———</strong></span> 
     </span>
    </p>
   </div>
   <div class='ocr_carea' id='block_1_6' title="bbox 117 2400 1552 4874">
    <p class='ocr_par' dir='ltr' id='par_1_7' title="bbox 231 2400 1545 2852">
     <span class='ocr_line' id='line_1_24' title="bbox 324 2400 1543 2476; baseline 0 -19"><span class='ocrx_word' id='word_1_189' title='bbox 324 2412 351 2462; x_wconf 86' lang='lat'><strong>1.</strong></span> <span class='ocrx_word' id='word_1_190' title='bbox 369 2406 480 2472; x_wconf 85' lang='lat' dir='ltr'><strong>novem]</strong></span> <span class='ocrx_word' id='word_1_191' title='bbox 513 2409 628 2474; x_wconf 75' lang='lat' dir='ltr'><strong>qestnque</strong></span> <span class='ocrx_word' id='word_1_192' title='bbox 653 2400 797 2475; x_wconf 74' lang='lat' dir='ltr'><strong>legendum</strong></span> <span class='ocrx_word' id='word_1_193' title='bbox 824 2417 903 2476; x_wconf 77' lang='lat' dir='ltr'><strong>putat</strong></span> <span class='ocrx_word' id='word_1_194' title='bbox 928 2402 1067 2469; x_wconf 73' lang='lat' dir='ltr'><strong>ofellius,</strong></span> <span class='ocrx_word' id='word_1_195' title='bbox 1097 2420 1178 2475; x_wconf 87' lang='lat' dir='ltr'><strong>quem</strong></span> <span class='ocrx_word' id='word_1_196' title='bbox 1198 2402 1258 2456; x_wconf 85' lang='lat' dir='ltr'><strong>side</strong></span> <span class='ocrx_word' id='word_1_197' title='bbox 1278 2401 1311 2455; x_wconf 76' lang='lat' dir='ltr'><strong>sd</strong></span> <span class='ocrx_word' id='word_1_198' title='bbox 1331 2422 1357 2476; x_wconf 83' lang='lat' dir='ltr'><strong>p.</strong></span> <span class='ocrx_word' id='word_1_199' title='bbox 1377 2407 1442 2463; x_wconf 73' lang='lat'><strong>337·</strong></span> <span class='ocrx_word' id='word_1_200' title='bbox 1482 2406 1543 2458; x_wconf 84' lang='grc' dir='ltr'><strong>11οο</strong></span> 
     </span>
     <span class='ocr_line' id='line_1_25' title="bbox 231 2477 1544 2552; baseline -0.004 -20"><span class='ocrx_word' id='word_1_201' title='bbox 231 2479 341 2552; x_wconf 84' lang='lat' dir='ltr'><strong>quidem</strong></span> <span class='ocrx_word' id='word_1_202' title='bbox 361 2495 465 2533; x_wconf 81' lang='lat' dir='ltr'><strong>cessum</strong></span> <span class='ocrx_word' id='word_1_203' title='bbox 484 2495 541 2545; x_wconf 78' lang='lat' dir='ltr'><strong>est,</strong></span> <span class='ocrx_word' id='word_1_204' title='bbox 562 2477 753 2531; x_wconf 77' lang='lat' dir='ltr'><strong>difficultssem</strong></span> <span class='ocrx_word' id='word_1_205' title='bbox 773 2495 828 2531; x_wconf 90' lang='lat' dir='ltr'><strong>non</strong></span> <span class='ocrx_word' id='word_1_206' title='bbox 851 2477 910 2530; x_wconf 84' lang='lat' dir='ltr'><strong>solit</strong></span> <span class='ocrx_word' id='word_1_207' title='bbox 931 2482 1044 2532; x_wconf 78' lang='lat' dir='ltr'><strong>mutetis</strong></span> <span class='ocrx_word' id='word_1_208' title='bbox 1064 2496 1125 2531; x_wconf 86' lang='lat' dir='ltr'><strong>enm</strong></span> <span class='ocrx_word' id='word_1_209' title='bbox 1146 2479 1273 2532; x_wconf 79' lang='lat' dir='ltr'><strong>Manudo</strong></span> <span class='ocrx_word' id='word_1_210' title='bbox 1293 2477 1454 2532; x_wconf 87' lang='lat' dir='ltr'><strong>nominibus</strong></span> <span class='ocrx_word' id='word_1_211' title='bbox 1473 2497 1544 2532; x_wconf 81' lang='lat' dir='ltr'><strong>ron.</strong></span> 
     </span>
     <span class='ocr_line' id='line_1_26' title="bbox 232 2551 1544 2625; baseline -0.002 -16"><span class='ocrx_word' id='word_1_212' title='bbox 232 2557 332 2609; x_wconf 89' lang='lat' dir='ltr'><strong>sulum.</strong></span> <span class='ocrx_word' id='word_1_213' title='bbox 371 2557 442 2609; x_wconf 82' lang='lat' dir='ltr'><strong>Nem</strong></span> <span class='ocrx_word' id='word_1_214' title='bbox 467 2571 536 2606; x_wconf 77' lang='lat' dir='ltr'><strong>teste</strong></span> <span class='ocrx_word' id='word_1_215' title='bbox 556 2557 677 2608; x_wconf 74' lang='lat' dir='ltr'><strong>Asconio</strong></span> <span class='ocrx_word' id='word_1_216' title='bbox 696 2557 725 2605; x_wconf 88' lang='lat' dir='ltr'><strong>tn</strong></span> <span class='ocrx_word' id='word_1_217' title='bbox 745 2552 855 2606; x_wconf 83' lang='lat' dir='ltr'><strong>Cornel.</strong></span> <span class='ocrx_word' id='word_1_218' title='bbox 881 2553 923 2625; x_wconf 85' lang='lat' dir='ltr'><strong>(p.</strong></span> <span class='ocrx_word' id='word_1_219' title='bbox 951 2551 1013 2609; x_wconf 69' lang='grc'><strong>101.</strong></span> <span class='ocrx_word' id='word_1_220' title='bbox 1042 2554 1122 2618; x_wconf 84' lang='lat' dir='ltr'><strong>Hor.)</strong></span> <span class='ocrx_word' id='word_1_221' title='bbox 1151 2552 1264 2623; x_wconf 77' lang='lat' dir='ltr'><strong>collegis</strong></span> <span class='ocrx_word' id='word_1_222' title='bbox 1290 2551 1411 2607; x_wconf 86' lang='lat' dir='ltr'><strong>nondam</strong></span> <span class='ocrx_word' id='word_1_223' title='bbox 1436 2553 1544 2608; x_wconf 80' lang='lat' dir='ltr'><strong>sublsts</strong></span> 
     </span>
     <span class='ocr_line' id='line_1_27' title="bbox 232 2626 1542 2698; baseline -0.001 -14"><span class='ocrx_word' id='word_1_224' title='bbox 232 2647 310 2684; x_wconf 80' lang='lat' dir='ltr'><strong>esunt</strong></span> <span class='ocrx_word' id='word_1_225' title='bbox 336 2645 361 2684; x_wconf 87' lang='lat' dir='ltr'><strong>s.</strong></span> <span class='ocrx_word' id='word_1_226' title='bbox 387 2632 452 2690; x_wconf 75' lang='lat'><strong>6⁸9.</strong></span> <span class='ocrx_word' id='word_1_227' title='bbox 476 2626 557 2686; x_wconf 72' lang='lat' dir='ltr'><strong>vm.</strong></span> <span class='ocrx_word' id='word_1_228' title='bbox 578 2627 711 2681; x_wconf 82' lang='lat' dir='ltr'><strong>Consules</strong></span> <span class='ocrx_word' id='word_1_229' title='bbox 731 2645 838 2692; x_wconf 78' lang='lat' dir='ltr'><strong>sutem,</strong></span> <span class='ocrx_word' id='word_1_230' title='bbox 868 2644 936 2698; x_wconf 91' lang='lat' dir='ltr'><strong>quos</strong></span> <span class='ocrx_word' id='word_1_231' title='bbox 956 2626 1098 2681; x_wconf 82' lang='lat' dir='ltr'><strong>substituis</strong></span> <span class='ocrx_word' id='word_1_232' title='bbox 1120 2628 1276 2695; x_wconf 76' lang='lat' dir='ltr'><strong>Manutius,</strong></span> <span class='ocrx_word' id='word_1_233' title='bbox 1308 2644 1371 2681; x_wconf 86' lang='lat' dir='ltr'><strong>suns</strong></span> <span class='ocrx_word' id='word_1_234' title='bbox 1391 2634 1456 2683; x_wconf 84' lang='lat' dir='ltr'><strong>snut</strong></span> <span class='ocrx_word' id='word_1_235' title='bbox 1476 2633 1542 2689; x_wconf 83' lang='grc'><strong>686.</strong></span> 
     </span>
     <span class='ocr_line' id='line_1_28' title="bbox 232 2700 1545 2776; baseline -0.001 -18"><span class='ocrx_word' id='word_1_236' title='bbox 232 2709 287 2763; x_wconf 85' lang='lat' dir='ltr'><strong>Dte</strong></span> <span class='ocrx_word' id='word_1_237' title='bbox 313 2708 424 2760; x_wconf 89' lang='lat' dir='ltr'><strong>Csssius</strong></span> <span class='ocrx_word' id='word_1_238' title='bbox 454 2702 629 2770; x_wconf 84' lang='lat' dir='ltr'><strong>(XXXVIII.</strong></span> <span class='ocrx_word' id='word_1_239' title='bbox 656 2706 712 2768; x_wconf 80' lang='grc'><strong>15.)</strong></span> <span class='ocrx_word' id='word_1_240' title='bbox 746 2719 854 2776; x_wconf 81' lang='lat' dir='ltr'><strong>tempus</strong></span> <span class='ocrx_word' id='word_1_241' title='bbox 873 2700 1044 2755; x_wconf 83' lang='lat' dir='ltr'><strong>sublssornm</strong></span> <span class='ocrx_word' id='word_1_242' title='bbox 1065 2702 1244 2774; x_wconf 79' lang='lat' dir='ltr'><strong>collegiorum</strong></span> <span class='ocrx_word' id='word_1_243' title='bbox 1265 2721 1321 2756; x_wconf 90' lang='lat' dir='ltr'><strong>non</strong></span> <span class='ocrx_word' id='word_1_244' title='bbox 1339 2719 1467 2759; x_wconf 81' lang='lat' dir='ltr'><strong>sooursse</strong></span> <span class='ocrx_word' id='word_1_245' title='bbox 1491 2703 1545 2757; x_wconf 83' lang='lat' dir='ltr'><strong>de-</strong></span> 
     </span>
     <span class='ocr_line' id='line_1_29' title="bbox 233 2775 1220 2852; baseline -0.004 -17"><span class='ocrx_word' id='word_1_246' title='bbox 233 2781 336 2845; x_wconf 80' lang='lat' dir='ltr'><strong>claret,</strong></span> <span class='ocrx_word' id='word_1_247' title='bbox 357 2779 404 2832; x_wconf 85' lang='lat' dir='ltr'><strong>sed</strong></span> <span class='ocrx_word' id='word_1_248' title='bbox 424 2794 455 2830; x_wconf 90' lang='lat' dir='ltr'><strong>es</strong></span> <span class='ocrx_word' id='word_1_249' title='bbox 476 2775 670 2830; x_wconf 80' lang='lat' dir='ltr'><strong>tautummodo</strong></span> <span class='ocrx_word' id='word_1_250' title='bbox 688 2778 904 2836; x_wconf 77' lang='grc' dir='ltr'><strong>καταλυθέντα</strong></span> <span class='ocrx_word' id='word_1_251' title='bbox 917 2777 1035 2852; x_wconf 78' lang='grc' dir='ltr'><em>χρόνον</em></span> <span class='ocrx_word' id='word_1_252' title='bbox 1053 2776 1123 2836; x_wconf 75' lang='grc' dir='ltr'><strong>τινὰ</strong></span> <span class='ocrx_word' id='word_1_253' title='bbox 1142 2777 1220 2833; x_wconf 86' lang='lat' dir='ltr'><strong>dieis.</strong></span> 
     </span>
    </p>

    <p class='ocr_par' dir='ltr' id='par_1_8' title="bbox 233 2851 1543 3001">
     <span class='ocr_line' id='line_1_30' title="bbox 326 2851 1543 2926; baseline 0 -20"><span class='ocrx_word' id='word_1_254' title='bbox 326 2853 354 2910; x_wconf 78' lang='lat' dir='ltr'><strong>lt.</strong></span> <span class='ocrx_word' id='word_1_255' title='bbox 365 2851 481 2926; x_wconf 84' lang='lat' dir='ltr'><strong>faeere]</strong></span> <span class='ocrx_word' id='word_1_256' title='bbox 519 2853 628 2907; x_wconf 85' lang='lat' dir='ltr'><strong>Lseuns</strong></span> <span class='ocrx_word' id='word_1_257' title='bbox 648 2867 710 2925; x_wconf 84' lang='lat' dir='ltr'><strong>poss</strong></span> <span class='ocrx_word' id='word_1_258' title='bbox 729 2852 782 2904; x_wconf 84' lang='lat' dir='ltr'><strong>hoo</strong></span> <span class='ocrx_word' id='word_1_259' title='bbox 800 2851 912 2904; x_wconf 83' lang='lat' dir='ltr'><strong>verbum</strong></span> <span class='ocrx_word' id='word_1_260' title='bbox 931 2856 986 2905; x_wconf 87' lang='lat' dir='ltr'><strong>uisi</strong></span> <span class='ocrx_word' id='word_1_261' title='bbox 1007 2855 1034 2903; x_wconf 89' lang='lat' dir='ltr'><strong>in</strong></span> <span class='ocrx_word' id='word_1_262' title='bbox 1056 2853 1147 2907; x_wconf 87' lang='lat' dir='ltr'><strong>Psino.</strong></span> <span class='ocrx_word' id='word_1_263' title='bbox 1167 2859 1196 2905; x_wconf 89' lang='lat' dir='ltr'><strong>in</strong></span> <span class='ocrx_word' id='word_1_264' title='bbox 1215 2851 1289 2906; x_wconf 86' lang='lat' dir='ltr'><strong>nulls</strong></span> <span class='ocrx_word' id='word_1_265' title='bbox 1307 2851 1429 2908; x_wconf 82' lang='lat' dir='ltr'><strong>editione</strong></span> <span class='ocrx_word' id='word_1_266' title='bbox 1449 2851 1543 2906; x_wconf 85' lang='lat' dir='ltr'><strong>deols-</strong></span> 
     </span>
     <span class='ocr_line' id='line_1_31' title="bbox 233 2924 1254 3001; baseline -0.001 -17"><span class='ocrx_word' id='word_1_267' title='bbox 233 2946 325 3000; x_wconf 84' lang='lat' dir='ltr'><strong>sssnr,</strong></span> <span class='ocrx_word' id='word_1_268' title='bbox 345 2944 372 2983; x_wconf 88' lang='lat' dir='ltr'><strong>es</strong></span> <span class='ocrx_word' id='word_1_269' title='bbox 392 2928 466 2982; x_wconf 88' lang='lat' dir='ltr'><strong>sslvo</strong></span> <span class='ocrx_word' id='word_1_270' title='bbox 485 2943 616 2982; x_wconf 78' lang='lat' dir='ltr'><strong>contextu</strong></span> <span class='ocrx_word' id='word_1_271' title='bbox 636 2930 775 2999; x_wconf 80' lang='lat' dir='ltr'><strong>sequentis</strong></span> <span class='ocrx_word' id='word_1_272' title='bbox 796 2924 981 3000; x_wconf 82' lang='lat' dir='ltr'><strong>supertortbns</strong></span> <span class='ocrx_word' id='word_1_273' title='bbox 1000 2932 1111 2980; x_wconf 85' lang='lat' dir='ltr'><strong>snneesi</strong></span> <span class='ocrx_word' id='word_1_274' title='bbox 1130 2944 1254 3001; x_wconf 81' lang='lat' dir='ltr'><strong>possunt.</strong></span> 
     </span>
    </p>

    <p class='ocr_par' dir='ltr' id='par_1_9' title="bbox 328 2999 958 3073">
     <span class='ocr_line' id='line_1_32' title="bbox 328 2999 958 3073; baseline -0.003 -19"><span class='ocrx_word' id='word_1_275' title='bbox 328 3009 354 3062; x_wconf 83' lang='lat'><strong>5.</strong></span> <span class='ocrx_word' id='word_1_276' title='bbox 370 3006 593 3073; x_wconf 77' lang='lat' dir='ltr'><strong>praetextatum]</strong></span> <span class='ocrx_word' id='word_1_277' title='bbox 622 3010 821 3072; x_wconf 79' lang='lat' dir='ltr'><strong>praetextatus</strong></span> <span class='ocrx_word' id='word_1_278' title='bbox 848 2999 958 3061; x_wconf 78' lang='lat' dir='ltr'><strong>Bersld‚</strong></span> 
     </span>
    </p>

    <p class='ocr_par' dir='ltr' id='par_1_10' title="bbox 325 3076 909 3150">
     <span class='ocr_line' id='line_1_33' title="bbox 325 3076 909 3150; baseline -0.003 -20"><span class='ocrx_word' id='word_1_279' title='bbox 325 3081 354 3138; x_wconf 88' lang='lat'><strong>6.</strong></span> <span class='ocrx_word' id='word_1_280' title='bbox 372 3078 428 3147; x_wconf 79' lang='lat' dir='ltr'><strong>leis]</strong></span> <span class='ocrx_word' id='word_1_281' title='bbox 457 3084 494 3133; x_wconf 85' lang='lat' dir='ltr'><strong>iis</strong></span> <span class='ocrx_word' id='word_1_282' title='bbox 519 3079 605 3150; x_wconf 77' lang='lat' dir='ltr'><strong>Lugd.</strong></span> <span class='ocrx_word' id='word_1_283' title='bbox 630 3079 697 3132; x_wconf 79' lang='lat' dir='ltr'><strong>IIot.</strong></span> <span class='ocrx_word' id='word_1_284' title='bbox 725 3077 801 3130; x_wconf 76' lang='lat' dir='ltr'><strong>Man.</strong></span> <span class='ocrx_word' id='word_1_285' title='bbox 829 3076 909 3130; x_wconf 83' lang='lat' dir='ltr'><strong>Creu.</strong></span> 
     </span>
    </p>

    <p class='ocr_par' dir='ltr' id='par_1_11' title="bbox 327 3149 1053 3225">
     <span class='ocr_line' id='line_1_34' title="bbox 327 3149 1053 3225; baseline -0.003 -20"><span class='ocrx_word' id='word_1_286' title='bbox 327 3162 355 3215; x_wconf 82' lang='lat'><strong>8.</strong></span> <span class='ocrx_word' id='word_1_287' title='bbox 370 3152 517 3225; x_wconf 74' lang='lat' dir='ltr'><strong>probibere</strong></span> <span class='ocrx_word' id='word_1_288' title='bbox 535 3157 671 3221; x_wconf 82' lang='lat' dir='ltr'><strong>tentavit]</strong></span> <span class='ocrx_word' id='word_1_289' title='bbox 697 3150 841 3222; x_wconf 75' lang='lat' dir='ltr'><strong>prohibuit</strong></span> <span class='ocrx_word' id='word_1_290' title='bbox 865 3149 950 3224; x_wconf 71' lang='lat' dir='ltr'><strong>Lngd.</strong></span> <span class='ocrx_word' id='word_1_291' title='bbox 976 3153 1053 3205; x_wconf 87' lang='lat' dir='ltr'><strong>Msn.</strong></span> 
     </span>
    </p>

    <p class='ocr_par' dir='ltr' id='par_1_12' title="bbox 117 3222 1546 3377">
     <span class='ocr_line' id='line_1_35' title="bbox 309 3222 1545 3297; baseline -0.006 -15"><span class='ocrx_word' id='word_1_292' title='bbox 309 3222 380 3283; x_wconf 87' lang='lat' dir='ltr'><strong>Ibid.</strong></span> <span class='ocrx_word' id='word_1_293' title='bbox 400 3229 534 3296; x_wconf 79' lang='lat' dir='ltr'><strong>Ninnius]</strong></span> <span class='ocrx_word' id='word_1_294' title='bbox 565 3229 697 3283; x_wconf 79' lang='lat' dir='ltr'><strong>Garatom</strong></span> <span class='ocrx_word' id='word_1_295' title='bbox 724 3243 788 3279; x_wconf 89' lang='lat' dir='ltr'><strong>cum</strong></span> <span class='ocrx_word' id='word_1_296' title='bbox 807 3227 897 3279; x_wconf 80' lang='lat' dir='ltr'><strong>Dione</strong></span> <span class='ocrx_word' id='word_1_297' title='bbox 916 3227 1012 3279; x_wconf 77' lang='lat' dir='ltr'><strong>Cassio</strong></span> <span class='ocrx_word' id='word_1_298' title='bbox 1031 3225 1190 3281; x_wconf 77' lang='lat' dir='ltr'><strong>XXXVIII.</strong></span> <span class='ocrx_word' id='word_1_299' title='bbox 1213 3227 1257 3283; x_wconf 82' lang='grc'><strong>11.</strong></span> <span class='ocrx_word' id='word_1_300' title='bbox 1276 3225 1409 3297; x_wconf 79' lang='lat' dir='ltr'><strong>probente</strong></span> <span class='ocrx_word' id='word_1_301' title='bbox 1432 3227 1545 3280; x_wconf 74' lang='lat' dir='ltr'><strong>Medei-</strong></span> 
     </span>
     <span class='ocr_line' id='line_1_36' title="bbox 117 3300 1546 3377; baseline -0.001 -21"><span class='ocrx_word' id='word_1_302' title='bbox 117 3320 122 3327; x_wconf 83' lang='grc'><em>·</em></span> <span class='ocrx_word' id='word_1_303' title='bbox 233 3308 289 3377; x_wconf 76' lang='lat' dir='ltr'><strong>gio.</strong></span> <span class='ocrx_word' id='word_1_304' title='bbox 312 3335 342 3347; x_wconf 91' lang='lat'><em>-</em></span> <span class='ocrx_word' id='word_1_305' title='bbox 364 3304 481 3357; x_wconf 77' lang='lat' dir='ltr'><strong>Mnnim</strong></span> <span class='ocrx_word' id='word_1_306' title='bbox 499 3305 592 3357; x_wconf 80' lang='lat' dir='ltr'><strong>Prius.</strong></span> <span class='ocrx_word' id='word_1_307' title='bbox 613 3301 722 3356; x_wconf 84' lang='lat' dir='ltr'><strong>Bersld.</strong></span> <span class='ocrx_word' id='word_1_308' title='bbox 742 3301 803 3356; x_wconf 79' lang='lat' dir='ltr'><strong>Ald.</strong></span> <span class='ocrx_word' id='word_1_309' title='bbox 822 3300 890 3356; x_wconf 88' lang='lat' dir='ltr'><strong>Lod.</strong></span> <span class='ocrx_word' id='word_1_310' title='bbox 915 3329 952 3351; x_wconf 57' lang='grc' dir='ltr'><strong>-η</strong></span> <span class='ocrx_word' id='word_1_311' title='bbox 976 3302 1103 3354; x_wconf 84' lang='lat' dir='ltr'><strong>Mnmtus</strong></span> <span class='ocrx_word' id='word_1_312' title='bbox 1122 3305 1222 3367; x_wconf 82' lang='lat' dir='ltr'><strong>ceteri,</strong></span> <span class='ocrx_word' id='word_1_313' title='bbox 1241 3317 1305 3354; x_wconf 85' lang='lat' dir='ltr'><strong>cnm</strong></span> <span class='ocrx_word' id='word_1_314' title='bbox 1325 3303 1423 3374; x_wconf 68' lang='lat' dir='ltr'><strong>Pegusa</strong></span> <span class='ocrx_word' id='word_1_315' title='bbox 1441 3302 1475 3355; x_wconf 85' lang='lat' dir='ltr'><strong>T.</strong></span> <span class='ocrx_word' id='word_1_316' title='bbox 1496 3302 1546 3355; x_wconf 90' lang='grc'><strong>111.</strong></span> 
     </span>
    </p>

    <p class='ocr_par' dir='ltr' id='par_1_13' title="bbox 234 3382 1545 3523">
     <span class='ocr_line' id='line_1_37' title="bbox 256 3382 442 3441; baseline -0.027 -5"><span class='ocrx_word' id='word_1_317' title='bbox 256 3382 348 3441; x_wconf 66' lang='grc'><strong>,566</strong></span> <span class='ocrx_word' id='word_1_318' title='bbox 367 3397 395 3433; x_wconf 88' lang='lat' dir='ltr'><strong>ss</strong></span> <span class='ocrx_word' id='word_1_319' title='bbox 435 3417 442 3432; x_wconf 95' lang='lat'><strong>.</strong></span> 
     </span>
     <span class='ocr_line' id='line_1_38' title="bbox 234 3398 1545 3523; baseline -0.003 -16"><span class='ocrx_word' id='word_1_320' title='bbox 234 3398 252 3452; x_wconf 67' lang='lat' dir='ltr'><strong>p</strong></span> <span class='ocrx_word' id='word_1_321' title='bbox 309 3452 380 3510; x_wconf 87' lang='lat' dir='ltr'><strong>lbid.</strong></span> <span class='ocrx_word' id='word_1_322' title='bbox 397 3398 493 3505; x_wconf 65' lang='lat' dir='ltr'><strong>inirem</strong></span> <span class='ocrx_word' id='word_1_323' title='bbox 511 3453 608 3523; x_wconf 76' lang='lat' dir='ltr'><strong>queam]</strong></span> <span class='ocrx_word' id='word_1_324' title='bbox 629 3452 695 3505; x_wconf 85' lang='lat' dir='ltr'><strong>Hos.</strong></span> <span class='ocrx_word' id='word_1_325' title='bbox 715 3452 797 3509; x_wconf 86' lang='lat' dir='ltr'><strong>Creu.</strong></span> <span class='ocrx_word' id='word_1_326' title='bbox 816 3469 831 3504; x_wconf 92' lang='lat' dir='ltr'><strong>e</strong></span> <span class='ocrx_word' id='word_1_327' title='bbox 851 3454 924 3504; x_wconf 85' lang='lat' dir='ltr'><strong>coni.</strong></span> <span class='ocrx_word' id='word_1_328' title='bbox 938 3450 1068 3504; x_wconf 75' lang='lat' dir='ltr'><strong>Menusii.</strong></span> <span class='ocrx_word' id='word_1_329' title='bbox 1083 3475 1119 3490; x_wconf 95' lang='lat'><em>-</em></span> <span class='ocrx_word' id='word_1_330' title='bbox 1133 3458 1226 3502; x_wconf 78' lang='lat' dir='ltr'><strong>uestem</strong></span> <span class='ocrx_word' id='word_1_331' title='bbox 1245 3458 1411 3521; x_wconf 75' lang='lat' dir='ltr'><strong>antequam</strong></span> <span class='ocrx_word' id='word_1_332' title='bbox 1428 3453 1545 3523; x_wconf 83' lang='lat' dir='ltr'><strong>priores.</strong></span> 
     </span>
    </p>

    <p class='ocr_par' dir='ltr' id='par_1_14' title="bbox 327 3525 859 3596">
     <span class='ocr_line' id='line_1_39' title="bbox 327 3525 859 3596; baseline -0.006 -16"><span class='ocrx_word' id='word_1_333' title='bbox 327 3533 355 3588; x_wconf 83' lang='lat'><strong>9.</strong></span> <span class='ocrx_word' id='word_1_334' title='bbox 375 3529 551 3596; x_wconf 73' lang='lat' dir='ltr'><strong>designatus]</strong></span> <span class='ocrx_word' id='word_1_335' title='bbox 572 3545 627 3581; x_wconf 88' lang='lat' dir='ltr'><strong>om.</strong></span> <span class='ocrx_word' id='word_1_336' title='bbox 650 3528 742 3580; x_wconf 80' lang='lat' dir='ltr'><strong>Ptine.</strong></span> <span class='ocrx_word' id='word_1_337' title='bbox 762 3525 859 3581; x_wconf 81' lang='lat' dir='ltr'><strong>Bessld</strong></span> 
     </span>
    </p>

    <p class='ocr_par' dir='ltr' id='par_1_15' title="bbox 312 3596 1546 3674">
     <span class='ocr_line' id='line_1_40' title="bbox 312 3596 1546 3674; baseline -0.004 -17"><span class='ocrx_word' id='word_1_338' title='bbox 312 3615 355 3661; x_wconf 92' lang='grc'><strong>10.</strong></span> <span class='ocrx_word' id='word_1_339' title='bbox 376 3606 541 3671; x_wconf 74' lang='lat' dir='ltr'><strong>magistros]</strong></span> <span class='ocrx_word' id='word_1_340' title='bbox 576 3601 663 3674; x_wconf 75' lang='lat' dir='ltr'><strong>Lugd.</strong></span> <span class='ocrx_word' id='word_1_341' title='bbox 683 3603 748 3661; x_wconf 79' lang='lat' dir='ltr'><strong>Hos,</strong></span> <span class='ocrx_word' id='word_1_342' title='bbox 768 3603 845 3655; x_wconf 81' lang='lat' dir='ltr'><strong>Man.</strong></span> <span class='ocrx_word' id='word_1_343' title='bbox 865 3602 947 3653; x_wconf 83' lang='lat' dir='ltr'><strong>Cren.</strong></span> <span class='ocrx_word' id='word_1_344' title='bbox 967 3628 1005 3643; x_wconf 91' lang='lat'><strong>-·</strong></span> <span class='ocrx_word' id='word_1_345' title='bbox 1023 3604 1158 3667; x_wconf 76' lang='lat' dir='ltr'><strong>magister</strong></span> <span class='ocrx_word' id='word_1_346' title='bbox 1172 3598 1266 3654; x_wconf 81' lang='lat' dir='ltr'><strong>Petne.</strong></span> <span class='ocrx_word' id='word_1_347' title='bbox 1280 3597 1386 3651; x_wconf 85' lang='lat' dir='ltr'><strong>Bersld.</strong></span> <span class='ocrx_word' id='word_1_348' title='bbox 1400 3596 1463 3653; x_wconf 76' lang='grc' dir='ltr'><strong>ΔΜ.</strong></span> <span class='ocrx_word' id='word_1_349' title='bbox 1477 3597 1546 3652; x_wconf 78' lang='lat' dir='ltr'><strong>Lod.</strong></span> 
     </span>
    </p>

    <p class='ocr_par' dir='ltr' id='par_1_16' title="bbox 236 3672 1547 3904">
     <span class='ocr_line' id='line_1_41' title="bbox 309 3672 1547 3746; baseline -0.003 -15"><span class='ocrx_word' id='word_1_350' title='bbox 309 3679 381 3735; x_wconf 88' lang='lat' dir='ltr'><strong>Ibid.</strong></span> <span class='ocrx_word' id='word_1_351' title='bbox 401 3677 540 3746; x_wconf 69' lang='lat' dir='ltr'><strong>liudonem]</strong></span> <span class='ocrx_word' id='word_1_352' title='bbox 568 3678 643 3730; x_wconf 79' lang='lat' dir='ltr'><strong>Haec</strong></span> <span class='ocrx_word' id='word_1_353' title='bbox 669 3694 720 3730; x_wconf 79' lang='lat' dir='ltr'><strong>vor</strong></span> <span class='ocrx_word' id='word_1_354' title='bbox 746 3676 859 3731; x_wconf 85' lang='lat' dir='ltr'><strong>ridicule</strong></span> <span class='ocrx_word' id='word_1_355' title='bbox 884 3681 987 3728; x_wconf 79' lang='lat' dir='ltr'><strong>inserts</strong></span> <span class='ocrx_word' id='word_1_356' title='bbox 1015 3673 1122 3727; x_wconf 79' lang='lat' dir='ltr'><strong>uidetur</strong></span> <span class='ocrx_word' id='word_1_357' title='bbox 1146 3675 1308 3728; x_wconf 82' lang='lat' dir='ltr'><strong>Gssstonio.</strong></span> <span class='ocrx_word' id='word_1_358' title='bbox 1356 3672 1434 3726; x_wconf 84' lang='lat' dir='ltr'><strong>Idem</strong></span> <span class='ocrx_word' id='word_1_359' title='bbox 1460 3679 1547 3727; x_wconf 81' lang='lat' dir='ltr'><strong>etism</strong></span> 
     </span>
     <span class='ocr_line' id='line_1_42' title="bbox 236 3746 1546 3828; baseline -0.005 -19"><span class='ocrx_word' id='word_1_360' title='bbox 236 3763 343 3828; x_wconf 70' lang='lat' dir='ltr'><strong>egregie</strong></span> <span class='ocrx_word' id='word_1_361' title='bbox 362 3754 455 3809; x_wconf 84' lang='lat' dir='ltr'><strong>docuit</strong></span> <span class='ocrx_word' id='word_1_362' title='bbox 475 3758 504 3806; x_wconf 85' lang='lat' dir='ltr'><strong>in</strong></span> <span class='ocrx_word' id='word_1_363' title='bbox 523 3758 581 3806; x_wconf 86' lang='lat' dir='ltr'><strong>eius</strong></span> <span class='ocrx_word' id='word_1_364' title='bbox 600 3754 692 3806; x_wconf 83' lang='lat' dir='ltr'><strong>lorum</strong></span> <span class='ocrx_word' id='word_1_365' title='bbox 712 3769 768 3805; x_wconf 90' lang='lat' dir='ltr'><strong>non</strong></span> <span class='ocrx_word' id='word_1_366' title='bbox 789 3748 981 3805; x_wconf 83' lang='lat' dir='ltr'><strong>tntrudendum</strong></span> <span class='ocrx_word' id='word_1_367' title='bbox 1001 3767 1059 3803; x_wconf 82' lang='lat' dir='ltr'><strong>esse</strong></span> <span class='ocrx_word' id='word_1_368' title='bbox 1077 3766 1143 3809; x_wconf 85' lang='lat' dir='ltr'><strong>oum</strong></span> <span class='ocrx_word' id='word_1_369' title='bbox 1162 3750 1260 3823; x_wconf 74' lang='lat' dir='ltr'><strong>PIghio</strong></span> <span class='ocrx_word' id='word_1_370' title='bbox 1286 3746 1371 3823; x_wconf 74' lang='lat' dir='ltr'><strong>(dnn.</strong></span> <span class='ocrx_word' id='word_1_371' title='bbox 1391 3748 1424 3803; x_wconf 81' lang='grc' dir='ltr'><strong>Τ.</strong></span> <span class='ocrx_word' id='word_1_372' title='bbox 1444 3749 1497 3803; x_wconf 89' lang='grc'><strong>111.</strong></span> <span class='ocrx_word' id='word_1_373' title='bbox 1519 3769 1546 3822; x_wconf 89' lang='lat' dir='ltr'><strong>p.</strong></span> 
     </span>
     <span class='ocr_line' id='line_1_43' title="bbox 237 3824 1068 3904; baseline -0.019 -13"><span class='ocrx_word' id='word_1_374' title='bbox 237 3829 316 3904; x_wconf 73' lang='lat'><strong>540.)</strong></span> <span class='ocrx_word' id='word_1_375' title='bbox 336 3846 362 3883; x_wconf 82' lang='lat' dir='ltr'><strong>es</strong></span> <span class='ocrx_word' id='word_1_376' title='bbox 383 3829 444 3882; x_wconf 89' lang='lat' dir='ltr'><strong>sliis</strong></span> <span class='ocrx_word' id='word_1_377' title='bbox 463 3833 599 3881; x_wconf 83' lang='lat' dir='ltr'><strong>vicorum.</strong></span> <span class='ocrx_word' id='word_1_378' title='bbox 637 3832 729 3898; x_wconf 85' lang='lat' dir='ltr'><strong>Qusre</strong></span> <span class='ocrx_word' id='word_1_379' title='bbox 748 3843 798 3879; x_wconf 91' lang='lat' dir='ltr'><strong>nos</strong></span> <span class='ocrx_word' id='word_1_380' title='bbox 818 3843 877 3878; x_wconf 84' lang='lat' dir='ltr'><strong>eam</strong></span> <span class='ocrx_word' id='word_1_381' title='bbox 898 3824 1068 3896; x_wconf 79' lang='lat' dir='ltr'><strong>seclusimus.</strong></span> 
     </span>
    </p>

    <p class='ocr_par' dir='ltr' id='par_1_17' title="bbox 313 3897 1319 3976">
     <span class='ocr_line' id='line_1_44' title="bbox 313 3897 1319 3976; baseline -0.005 -19"><span class='ocrx_word' id='word_1_382' title='bbox 313 3910 357 3962; x_wconf 91' lang='grc'><strong>11.</strong></span> <span class='ocrx_word' id='word_1_383' title='bbox 376 3903 445 3971; x_wconf 69' lang='lat' dir='ltr'><strong>tuadi]</strong></span> <span class='ocrx_word' id='word_1_384' title='bbox 460 3920 515 3959; x_wconf 89' lang='lat' dir='ltr'><strong>om.</strong></span> <span class='ocrx_word' id='word_1_385' title='bbox 529 3901 691 3976; x_wconf 76' lang='lat' dir='ltr'><strong>Lugdllot.</strong></span> <span class='ocrx_word' id='word_1_386' title='bbox 705 3902 782 3955; x_wconf 81' lang='lat' dir='ltr'><strong>Mau.</strong></span> <span class='ocrx_word' id='word_1_387' title='bbox 796 3902 877 3954; x_wconf 80' lang='lat' dir='ltr'><strong>cren.</strong></span> <span class='ocrx_word' id='word_1_388' title='bbox 905 3903 950 3957; x_wconf 74' lang='grc'><strong>15.</strong></span> <span class='ocrx_word' id='word_1_389' title='bbox 971 3916 1027 3953; x_wconf 89' lang='lat' dir='ltr'><strong>om.</strong></span> <span class='ocrx_word' id='word_1_390' title='bbox 1047 3899 1115 3953; x_wconf 82' lang='lat' dir='ltr'><strong>Lod.</strong></span> <span class='ocrx_word' id='word_1_391' title='bbox 1137 3897 1223 3972; x_wconf 75' lang='lat' dir='ltr'><strong>Lugd.</strong></span> <span class='ocrx_word' id='word_1_392' title='bbox 1243 3899 1319 3952; x_wconf 88' lang='lat' dir='ltr'><strong>Msn.</strong></span> 
     </span>
    </p>

    <p class='ocr_par' dir='ltr' id='par_1_18' title="bbox 237 3973 1548 4128">
     <span class='ocr_line' id='line_1_45' title="bbox 302 3973 1548 4048; baseline -0.006 -17"><span class='ocrx_word' id='word_1_393' title='bbox 302 3985 357 4037; x_wconf 83' lang='grc'><strong>15.</strong></span> <span class='ocrx_word' id='word_1_394' title='bbox 376 3985 549 4048; x_wconf 81' lang='lat' dir='ltr'><strong>inspectante</strong></span> <span class='ocrx_word' id='word_1_395' title='bbox 568 3987 597 4030; x_wconf 88' lang='lat' dir='ltr'><strong>te</strong></span> <span class='ocrx_word' id='word_1_396' title='bbox 615 3985 644 4034; x_wconf 90' lang='lat' dir='ltr'><strong>et</strong></span> <span class='ocrx_word' id='word_1_397' title='bbox 662 3979 784 4046; x_wconf 85' lang='lat' dir='ltr'><strong>tacente]</strong></span> <span class='ocrx_word' id='word_1_398' title='bbox 823 3979 914 4030; x_wconf 78' lang='lat' dir='ltr'><strong>Ptine.</strong></span> <span class='ocrx_word' id='word_1_399' title='bbox 935 3973 1040 4029; x_wconf 84' lang='lat' dir='ltr'><strong>Berslsi.</strong></span> <span class='ocrx_word' id='word_1_400' title='bbox 1059 3973 1128 4036; x_wconf 77' lang='lat' dir='ltr'><strong>Lod.</strong></span> <span class='ocrx_word' id='word_1_401' title='bbox 1147 4005 1182 4019; x_wconf 95' lang='lat'><em>-</em></span> <span class='ocrx_word' id='word_1_402' title='bbox 1200 3979 1371 4043; x_wconf 79' lang='lat' dir='ltr'><strong>inspectante</strong></span> <span class='ocrx_word' id='word_1_403' title='bbox 1389 3980 1420 4025; x_wconf 90' lang='lat' dir='ltr'><strong>et</strong></span> <span class='ocrx_word' id='word_1_404' title='bbox 1436 3981 1548 4025; x_wconf 83' lang='lat' dir='ltr'><strong>tacente</strong></span> 
     </span>
     <span class='ocr_line' id='line_1_46' title="bbox 237 4047 781 4128; baseline -0.017 -17"><span class='ocrx_word' id='word_1_405' title='bbox 237 4065 266 4112; x_wconf 77' lang='lat' dir='ltr'><strong>se</strong></span> <span class='ocrx_word' id='word_1_406' title='bbox 285 4053 347 4109; x_wconf 77' lang='lat' dir='ltr'><strong>Ald.</strong></span> <span class='ocrx_word' id='word_1_407' title='bbox 368 4053 453 4128; x_wconf 67' lang='lat' dir='ltr'><strong>Lugd.</strong></span> <span class='ocrx_word' id='word_1_408' title='bbox 473 4054 538 4106; x_wconf 84' lang='lat' dir='ltr'><strong>Hot.</strong></span> <span class='ocrx_word' id='word_1_409' title='bbox 560 4053 638 4106; x_wconf 75' lang='lat' dir='ltr'><strong>Man.</strong></span> <span class='ocrx_word' id='word_1_410' title='bbox 658 4053 739 4106; x_wconf 84' lang='lat' dir='ltr'><strong>Creu.</strong></span> <span class='ocrx_word' id='word_1_411' title='bbox 777 4047 781 4055; x_wconf 52' lang='lat'><strong>¹</strong></span> 
     </span>
    </p>

    <p class='ocr_par' dir='ltr' id='par_1_19' title="bbox 313 4122 1054 4199">
     <span class='ocr_line' id='line_1_47' title="bbox 313 4122 1054 4199; baseline -0.008 -15"><span class='ocrx_word' id='word_1_412' title='bbox 313 4127 383 4184; x_wconf 89' lang='lat' dir='ltr'><strong>lbtd.</strong></span> <span class='ocrx_word' id='word_1_413' title='bbox 405 4134 434 4183; x_wconf 80' lang='grc' dir='ltr'><strong>Ρ.</strong></span> <span class='ocrx_word' id='word_1_414' title='bbox 455 4128 566 4199; x_wconf 84' lang='lat' dir='ltr'><strong>Clodia]</strong></span> <span class='ocrx_word' id='word_1_415' title='bbox 585 4145 640 4182; x_wconf 92' lang='lat' dir='ltr'><strong>om.</strong></span> <span class='ocrx_word' id='word_1_416' title='bbox 662 4129 754 4183; x_wconf 77' lang='lat' dir='ltr'><strong>Ptine.</strong></span> <span class='ocrx_word' id='word_1_417' title='bbox 774 4123 882 4180; x_wconf 79' lang='lat' dir='ltr'><strong>Bessid,</strong></span> <span class='ocrx_word' id='word_1_418' title='bbox 903 4123 965 4177; x_wconf 73' lang='lat' dir='ltr'><strong>uid.</strong></span> <span class='ocrx_word' id='word_1_419' title='bbox 986 4122 1054 4178; x_wconf 87' lang='lat' dir='ltr'><strong>Lod.</strong></span> 
     </span>
    </p>

    <p class='ocr_par' dir='ltr' id='par_1_20' title="bbox 313 4200 1216 4276">
     <span class='ocr_line' id='line_1_48' title="bbox 313 4200 1216 4276; baseline -0.003 -19"><span class='ocrx_word' id='word_1_420' title='bbox 313 4208 358 4265; x_wconf 86' lang='grc'><strong>16.</strong></span> <span class='ocrx_word' id='word_1_421' title='bbox 376 4201 470 4276; x_wconf 62' lang='lat' dir='ltr'><strong>I‘iefia]</strong></span> <span class='ocrx_word' id='word_1_422' title='bbox 505 4203 582 4256; x_wconf 79' lang='lat' dir='ltr'><strong>Mun.</strong></span> <span class='ocrx_word' id='word_1_423' title='bbox 603 4231 639 4244; x_wconf 88' lang='lat'>-</span> <span class='ocrx_word' id='word_1_424' title='bbox 656 4203 741 4254; x_wconf 69' lang='lat' dir='ltr'><strong>fissia</strong></span> <span class='ocrx_word' id='word_1_425' title='bbox 761 4206 855 4254; x_wconf 83' lang='lat' dir='ltr'><strong>ceteri.</strong></span> <span class='ocrx_word' id='word_1_426' title='bbox 905 4205 948 4256; x_wconf 85' lang='lat'><strong>17.</strong></span> <span class='ocrx_word' id='word_1_427' title='bbox 969 4203 1030 4268; x_wconf 81' lang='lat' dir='ltr'><strong>otii]</strong></span> <span class='ocrx_word' id='word_1_428' title='bbox 1052 4205 1105 4251; x_wconf 81' lang='lat' dir='ltr'><strong>ocii</strong></span> <span class='ocrx_word' id='word_1_429' title='bbox 1125 4200 1216 4254; x_wconf 82' lang='lat' dir='ltr'><strong>Prinu.</strong></span> 
     </span>
    </p>

    <p class='ocr_par' dir='ltr' id='par_1_21' title="bbox 313 4273 1428 4349">
     <span class='ocr_line' id='line_1_49' title="bbox 313 4273 1428 4349; baseline -0.008 -18"><span class='ocrx_word' id='word_1_430' title='bbox 313 4289 357 4339; x_wconf 74' lang='lat'><strong>18.</strong></span> <span class='ocrx_word' id='word_1_431' title='bbox 376 4278 545 4349; x_wconf 82' lang='lat' dir='ltr'><strong>sustsderat]</strong></span> <span class='ocrx_word' id='word_1_432' title='bbox 573 4279 678 4330; x_wconf 83' lang='lat' dir='ltr'><strong>tulerat</strong></span> <span class='ocrx_word' id='word_1_433' title='bbox 698 4280 789 4334; x_wconf 80' lang='lat' dir='ltr'><strong>Ptine.</strong></span> <span class='ocrx_word' id='word_1_434' title='bbox 810 4274 917 4330; x_wconf 84' lang='lat' dir='ltr'><strong>Bersld.</strong></span> <span class='ocrx_word' id='word_1_435' title='bbox 937 4273 998 4328; x_wconf 73' lang='lat' dir='ltr'><strong>did.</strong></span> <span class='ocrx_word' id='word_1_436' title='bbox 1426 4343 1428 4346; x_wconf 12' lang='grc' dir='ltr'><em>Α</em></span> 
     </span>
    </p>

    <p class='ocr_par' dir='ltr' id='par_1_22' title="bbox 312 4344 1476 4424">
     <span class='ocr_line' id='line_1_50' title="bbox 312 4344 1476 4424; baseline -0.008 -15"><span class='ocrx_word' id='word_1_437' title='bbox 312 4354 384 4409; x_wconf 82' lang='lat' dir='ltr'><strong>ibid.</strong></span> <span class='ocrx_word' id='word_1_438' title='bbox 403 4353 547 4424; x_wconf 63' lang='lat' dir='ltr'><strong>quinetiam]</strong></span> <span class='ocrx_word' id='word_1_439' title='bbox 568 4352 702 4423; x_wconf 75' lang='lat' dir='ltr'><strong>qisaedam</strong></span> <span class='ocrx_word' id='word_1_440' title='bbox 720 4370 796 4403; x_wconf 86' lang='lat' dir='ltr'><strong>nova</strong></span> <span class='ocrx_word' id='word_1_441' title='bbox 816 4349 881 4403; x_wconf 80' lang='lat' dir='ltr'><strong>uod.</strong></span> <span class='ocrx_word' id='word_1_442' title='bbox 906 4357 950 4409; x_wconf 88' lang='grc'><strong>18.</strong></span> <span class='ocrx_word' id='word_1_443' title='bbox 963 4350 1066 4418; x_wconf 80' lang='lat' dir='ltr'><strong>Jaece]</strong></span> <span class='ocrx_word' id='word_1_444' title='bbox 1085 4347 1173 4416; x_wconf 78' lang='lat' dir='ltr'><strong>fere,</strong></span> <span class='ocrx_word' id='word_1_445' title='bbox 1191 4346 1261 4399; x_wconf 81' lang='lat' dir='ltr'><strong>inira</strong></span> <span class='ocrx_word' id='word_1_446' title='bbox 1273 4344 1360 4416; x_wconf 78' lang='lat' dir='ltr'><strong>sees,</strong></span> <span class='ocrx_word' id='word_1_447' title='bbox 1382 4348 1476 4400; x_wconf 78' lang='lat' dir='ltr'><strong>Peleo.</strong></span> 
     </span>
    </p>

    <p class='ocr_par' dir='ltr' id='par_1_23' title="bbox 313 4418 1552 4500">
     <span class='ocr_line' id='line_1_51' title="bbox 313 4418 1552 4500; baseline -0.006 -18"><span class='ocrx_word' id='word_1_448' title='bbox 313 4435 357 4488; x_wconf 85' lang='lat'><strong>19.</strong></span> <span class='ocrx_word' id='word_1_449' title='bbox 377 4429 509 4500; x_wconf 82' lang='lat' dir='ltr'><strong>servitio]</strong></span> <span class='ocrx_word' id='word_1_450' title='bbox 529 4430 620 4482; x_wconf 80' lang='lat' dir='ltr'><strong>Ptine.</strong></span> <span class='ocrx_word' id='word_1_451' title='bbox 641 4427 702 4482; x_wconf 77' lang='grc' dir='ltr'><strong>ΑΜ.</strong></span> <span class='ocrx_word' id='word_1_452' title='bbox 716 4427 794 4479; x_wconf 77' lang='lat' dir='ltr'><strong>Man.</strong></span> <span class='ocrx_word' id='word_1_453' title='bbox 814 4456 850 4468; x_wconf 93' lang='lat'>—</span> <span class='ocrx_word' id='word_1_454' title='bbox 868 4431 994 4479; x_wconf 85' lang='lat' dir='ltr'><strong>servitiis</strong></span> <span class='ocrx_word' id='word_1_455' title='bbox 1007 4422 1112 4478; x_wconf 83' lang='lat' dir='ltr'><strong>Bessld.</strong></span> <span class='ocrx_word' id='word_1_456' title='bbox 1127 4421 1194 4476; x_wconf 86' lang='lat' dir='ltr'><strong>Lod.</strong></span> <span class='ocrx_word' id='word_1_457' title='bbox 1216 4452 1250 4466; x_wconf 90' lang='lat'><em>-</em></span> <span class='ocrx_word' id='word_1_458' title='bbox 1269 4428 1450 4474; x_wconf 85' lang='lat' dir='ltr'><strong>servitiorum</strong></span> <span class='ocrx_word' id='word_1_459' title='bbox 1463 4418 1552 4494; x_wconf 71' lang='lat' dir='ltr'><strong>Lugii.</strong></span> 
     </span>
    </p>

    <p class='ocr_par' dir='ltr' id='par_1_24' title="bbox 238 4508 1494 4562">
     <span class='ocr_line' id='line_1_52' title="bbox 238 4508 1494 4562; baseline -0.009 0"><span class='ocrx_word' id='word_1_460' title='bbox 238 4509 303 4562; x_wconf 76' lang='lat' dir='ltr'><strong>fles.</strong></span> <span class='ocrx_word' id='word_1_461' title='bbox 325 4508 406 4559; x_wconf 84' lang='lat' dir='ltr'><strong>Creu.</strong></span> <span class='ocrx_word' id='word_1_462' title='bbox 780 4520 783 4528; x_wconf 92' lang='grc'>·</span> <span class='ocrx_word' id='word_1_463' title='bbox 1491 4536 1494 4545; x_wconf 78' lang='lat'><em>,</em></span> 
     </span>
    </p>

    <p class='ocr_par' dir='ltr' id='par_1_25' title="bbox 313 4570 1550 4721">
     <span class='ocr_line' id='line_1_53' title="bbox 315 4570 1550 4645; baseline -0.007 -11"><span class='ocrx_word' id='word_1_464' title='bbox 315 4581 384 4636; x_wconf 82' lang='lat' dir='ltr'><strong>ibid.</strong></span> <span class='ocrx_word' id='word_1_465' title='bbox 402 4580 555 4645; x_wconf 83' lang='lat' dir='ltr'><strong>concitata]</strong></span> <span class='ocrx_word' id='word_1_466' title='bbox 585 4578 677 4634; x_wconf 83' lang='lat' dir='ltr'><strong>Princ.</strong></span> <span class='ocrx_word' id='word_1_467' title='bbox 697 4574 807 4630; x_wconf 71' lang='grc'><strong>111.-</strong></span> <span class='ocrx_word' id='word_1_468' title='bbox 827 4579 982 4628; x_wconf 83' lang='lat' dir='ltr'><strong>constituta</strong></span> <span class='ocrx_word' id='word_1_469' title='bbox 996 4572 1102 4626; x_wconf 79' lang='lat' dir='ltr'><strong>Bessld,</strong></span> <span class='ocrx_word' id='word_1_470' title='bbox 1117 4572 1184 4624; x_wconf 88' lang='lat' dir='ltr'><strong>Lod.</strong></span> <span class='ocrx_word' id='word_1_471' title='bbox 1198 4570 1282 4644; x_wconf 80' lang='lat' dir='ltr'><strong>Lngd.</strong></span> <span class='ocrx_word' id='word_1_472' title='bbox 1297 4573 1361 4625; x_wconf 80' lang='lat' dir='ltr'><strong>lint.</strong></span> <span class='ocrx_word' id='word_1_473' title='bbox 1377 4571 1454 4625; x_wconf 76' lang='lat' dir='ltr'><strong>Man.</strong></span> <span class='ocrx_word' id='word_1_474' title='bbox 1467 4572 1550 4631; x_wconf 84' lang='lat' dir='ltr'><strong>Creo.</strong></span> 
     </span>
     <span class='ocr_line' id='line_1_54' title="bbox 313 4647 1474 4721; baseline -0.009 -12"><span class='ocrx_word' id='word_1_475' title='bbox 313 4656 382 4710; x_wconf 84' lang='lat' dir='ltr'><strong>lbid.</strong></span> <span class='ocrx_word' id='word_1_476' title='bbox 404 4658 444 4721; x_wconf 80' lang='lat' dir='ltr'><strong>tn]</strong></span> <span class='ocrx_word' id='word_1_477' title='bbox 465 4662 497 4704; x_wconf 88' lang='lat' dir='ltr'><strong>nt</strong></span> <span class='ocrx_word' id='word_1_478' title='bbox 518 4657 610 4706; x_wconf 79' lang='lat' dir='ltr'><strong>Ptine.</strong></span> <span class='ocrx_word' id='word_1_479' title='bbox 906 4656 951 4704; x_wconf 80' lang='lat'><strong>20.</strong></span> <span class='ocrx_word' id='word_1_480' title='bbox 969 4650 1153 4718; x_wconf 79' lang='lat' dir='ltr'><strong>nejaris&#39;sqne]</strong></span> <span class='ocrx_word' id='word_1_481' title='bbox 1172 4647 1363 4718; x_wconf 71' lang='lat' dir='ltr'><strong>nephariisque</strong></span> <span class='ocrx_word' id='word_1_482' title='bbox 1382 4647 1474 4699; x_wconf 79' lang='lat' dir='ltr'><strong>Ptine.</strong></span> 
     </span>
    </p>

    <p class='ocr_par' dir='ltr' id='par_1_26' title="bbox 237 4722 1550 4874">
     <span class='ocr_line' id='line_1_55' title="bbox 312 4722 1550 4795; baseline -0.006 -14"><span class='ocrx_word' id='word_1_483' title='bbox 312 4738 357 4788; x_wconf 82' lang='grc'><strong>21.</strong></span> <span class='ocrx_word' id='word_1_484' title='bbox 376 4730 504 4795; x_wconf 83' lang='lat' dir='ltr'><strong>censura]</strong></span> <span class='ocrx_word' id='word_1_485' title='bbox 525 4730 618 4780; x_wconf 74' lang='lat' dir='ltr'><strong>Ptine.</strong></span> <span class='ocrx_word' id='word_1_486' title='bbox 638 4723 745 4778; x_wconf 82' lang='lat' dir='ltr'><strong>Beruld.</strong></span> <span class='ocrx_word' id='word_1_487' title='bbox 761 4754 794 4767; x_wconf 88' lang='lat'>-</span> <span class='ocrx_word' id='word_1_488' title='bbox 808 4729 935 4776; x_wconf 82' lang='lat' dir='ltr'><strong>censoria</strong></span> <span class='ocrx_word' id='word_1_489' title='bbox 953 4731 1091 4775; x_wconf 85' lang='lat' dir='ltr'><strong>severitas</strong></span> <span class='ocrx_word' id='word_1_490' title='bbox 1111 4722 1194 4776; x_wconf 80' lang='lat' dir='ltr'><strong>Aldus</strong></span> <span class='ocrx_word' id='word_1_491' title='bbox 1212 4738 1240 4774; x_wconf 85' lang='lat' dir='ltr'><strong>et</strong></span> <span class='ocrx_word' id='word_1_492' title='bbox 1259 4727 1436 4774; x_wconf 83' lang='lat' dir='ltr'><strong>recentiores.</strong></span> <span class='ocrx_word' id='word_1_493' title='bbox 1457 4723 1550 4775; x_wconf 69' lang='grc'><strong>1100-</strong></span> 
     </span>
     <span class='ocr_line' id='line_1_56' title="bbox 237 4795 1550 4874; baseline -0.009 -12"><span class='ocrx_word' id='word_1_494' title='bbox 237 4811 315 4862; x_wconf 85' lang='lat' dir='ltr'><strong>ntum</strong></span> <span class='ocrx_word' id='word_1_495' title='bbox 335 4809 364 4860; x_wconf 84' lang='lat' dir='ltr'><strong>in</strong></span> <span class='ocrx_word' id='word_1_496' title='bbox 383 4804 479 4859; x_wconf 81' lang='lat' dir='ltr'><strong>codice</strong></span> <span class='ocrx_word' id='word_1_497' title='bbox 498 4801 667 4874; x_wconf 72' lang='lat' dir='ltr'><strong>suolegisse</strong></span> <span class='ocrx_word' id='word_1_498' title='bbox 686 4798 759 4872; x_wconf 86' lang='lat' dir='ltr'><strong>quod</strong></span> <span class='ocrx_word' id='word_1_499' title='bbox 777 4816 828 4854; x_wconf 86' lang='lat' dir='ltr'><strong>nos</strong></span> <span class='ocrx_word' id='word_1_500' title='bbox 847 4798 983 4853; x_wconf 81' lang='lat' dir='ltr'><strong>edidimus</strong></span> <span class='ocrx_word' id='word_1_501' title='bbox 995 4816 1029 4852; x_wconf 85' lang='lat' dir='ltr'><strong>es</strong></span> <span class='ocrx_word' id='word_1_502' title='bbox 1041 4803 1127 4870; x_wconf 80' lang='lat' dir='ltr'><strong>ipsius</strong></span> <span class='ocrx_word' id='word_1_503' title='bbox 1147 4802 1334 4850; x_wconf 86' lang='lat' dir='ltr'><strong>sunosstionis</strong></span> <span class='ocrx_word' id='word_1_504' title='bbox 1354 4795 1406 4850; x_wconf 84' lang='lat' dir='ltr'><strong>tine</strong></span> <span class='ocrx_word' id='word_1_505' title='bbox 1425 4811 1550 4870; x_wconf 81' lang='lat' dir='ltr'><strong>sppsrer.</strong></span> 
     </span>
    </p>
   </div>
   <div class='ocr_carea' id='block_1_7' title="bbox 0 0 1628 5280">
    <p class='ocr_par' dir='ltr' id='par_1_27' title="bbox 0 0 1628 5280">
     <span class='ocr_line' id='line_1_57' title="bbox 0 0 1628 5280; baseline 0 0"><span class='ocrx_word' id='word_1_506' title='bbox 0 0 1628 5280; x_wconf 95' lang='lat' dir='ltr'><strong> </strong></span> 
     </span>
    </p>
   </div>
  </div>
 </body>
</html>
