3210 5280
525 221 576 287 IN
597 218 969 289 mvtnntlontttt.
1339 227 1399 292 tot

89 360 170 437 sius,
195 360 308 446 quibus
331 372 422 438 ante,
455 382 548 448 quam
569 361 693 427 tabulas
714 362 746 427 in
767 385 862 427 unum
886 383 993 428 omnes
1016 361 1184 427 coniiciant
1205 374 1300 448 atque
1320 386 1400 430 con·

88 456 237 532 tundant,
260 456 369 519 furtim
392 459 575 533 ostendant,
599 477 691 539 quam
710 456 843 541 quisque
862 454 1046 519 sententiam
1069 457 1286 522 constituendo
1305 479 1398 523 accu-

88 549 186 611 satori
210 550 451 631 conscripserit.
495 551 576 613 Vult
596 570 676 634 ergo
698 551 912 631 corruptionis
933 562 1046 612 tautam
1066 551 1294 615 solicitudinem
1314 555 1398 617 cirea

87 642 204 706 iudices
227 663 296 705 csse
318 642 462 717 'l'ullius,
490 653 526 706 ut
548 645 607 705 bac
626 643 781 726 reiigione
803 644 914 707 iniecta
935 664 1053 726 prose
1078 642 1227 709 iudicent.
1273 645 1397 729 Singuli

88 749 189 799 erstem
216 736 398 798 sententiam
430 738 468 798 de
491 737 598 799 tabula
623 737 873 818 pronunciabant
894 737 924 801 iu
948 736 1120 801 levioribus
1143 738 1266 815 caruis,
1304 751 1334 802 ct
1352 744 1420 804 obs

88 830 119 890 id
140 831 241 910 ipsum
265 850 366 913 neque
388 841 462 894 nota
483 851 585 913 neque
606 832 736 892 custode
761 850 843 911 opus
871 830 950 904 init,
987 850 1044 892 cur
1066 843 1238 912 corruptor
1259 831 1396 897 iudicum

86 922 273 1005 adiungeret
297 935 409 986 metum
430 925 469 985 ad
490 922 621 1007 gratiam
645 921 820 986 iudicantis.
865 925 1068 989 Constituere
1091 936 1192 985 autem
1220 925 1341 986 tabulas
1364 925 1394 988 in

86 1015 163 1078 cista
187 1036 306 1097 ponere
328 1016 486 1100 siguificat
506 1016 623 1098 magis,
645 1037 737 1098 quam
760 1017 941 1078 decernere.

169 1112 322 1172 Ceratum
359 1111 544 1192 unicnique
578 1107 741 1170 tabellum
773 1105 851 1170 duri
883 1127 962 1170 cern
994 1107 1164 1194 legitima]
1191 1151 1395 1174 .......

86 1200 256 1261 Terentius
279 1201 409 1274 Varro,
432 1196 641 1262 consobrinus
663 1196 763 1260 irater
781 1196 965 1272 Hortensii,
987 1218 1060 1260 rens
1084 1217 1125 1260 ex
1146 1197 1223 1261 Asia
1245 1203 1328 1280 apud
1349 1202 1393 1264 Ι..
1406 1216 1436 1267 m

86 1291 219 1353 Furium
245 1304 423 1372 praetorem
443 1291 547 1372 primo
569 1291 608 1352 de
630 1289 772 1370 pecuniis
792 1288 993 1371 repetundis,
1016 1290 1128 1353 deinde
1148 1293 1232 1370 apud
1249 1293 1291 1355 P.
1306 1293 1394 1355 Len·

85 1386 183 1446 tulum
213 1387 342 1458 Suram,
380 1396 428 1446 est
455 1394 639 1454 scesssstuss
672 1382 898 1465 absolutusque
927 1392 974 1444 est
999 1402 1018 1444 a
1041 1382 1083 1462 Q.
1107 1383 1299 1457 Hortensio,
1339 1385 1393 1466 qui

86 1479 246 1559 corruptis
279 1477 431 1540 iudicibus
462 1477 545 1540 bunc
573 1485 686 1537 metum
716 1473 857 1536 adiunxit
878 1476 917 1535 ad
940 1473 1090 1558 gratiam,
1128 1486 1162 1536 ut
1183 1477 1392 1541 discoloribus

86 1571 169 1633 ceris
201 1570 364 1654 insignitas
396 1569 513 1633 iudices
545 1568 679 1631 tabellas
713 1569 918 1650 acciperent,
955 1578 989 1630 nt
1025 1567 1149 1631 timeret
1180 1569 1391 1654 unusquisque

86 1686 217 1739 eorsum,
255 1685 293 1727 ne
326 1663 354 1726 si
384 1666 422 1727 de
446 1702 977 1727 ................
999 1661 1133 1725 actionis
1168 1683 1230 1725 non
1262 1684 1432 1732 servaress

86 1757 266 1833 videretur,
290 1757 316 1820 si
337 1778 401 1820 non
423 1756 453 1819 in
476 1755 600 1828 tabula,
625 1773 716 1838 quam
738 1752 905 1836 unicnique
924 1754 1026 1815 datam
1041 1752 1227 1817 meminisset
1244 1756 1396 1839 Horten·²

84 1849 170 1923 sius,
198 1871 237 1912 ex
259 1861 335 1913 nota
354 1870 444 1913 cerae
463 1848 584 1912 scilicet
604 1845 790 1920 discoloris,
821 1845 1000 1909 absolutum
1020 1846 1201 1911 Varronem
1221 1848 1390 1929 reperiret.

164 1942 244 2004 Non
263 1944 329 2005 illu
350 1942 476 2022 infami
492 1959 536 2003 oc
557 1937 706 2019 nesorio]
744 1936 832 2000 Mire
862 1958 902 1999 ex
930 1937 1029 2019 ipsius
1058 1940 1222 2003 Hortensii
1254 1961 1391 2022 persona
1417 1929 1425 1941 ’

83 2036 147 2096 boc
170 2038 302 2112 dicitur;
335 2059 415 2122 quae
437 2056 530 2118 saepe
553 2032 652 2096 virtus
673 2030 807 2095 maxima
830 2029 995 2096 Ciceronis
1016 2031 1046 2121 in
1069 2032 1246 2098 huiusmodi
1269 2033 1389 2096 allocu-

83 2129 225 2192 tionibus
247 2130 415 2193 invenitur.
1032 2162 1037 2171 ·

157 2225 317 2302 Apueris
336 2221 516 2301 nobilibus]
546 2217 654 2302 Appio
680 2217 816 2285 Claudio
834 2219 1031 2284 adolescente
1053 2220 1172 2285 nobili:
1208 2221 1283 2306 qui,
1308 2236 1432 2299 ,crimen

84 2329 247 2380 arcium-et
269 2318 451 2381 Terentium
475 2320 654 2384 Varronem
677 2313 918 2393 repetundarum
941 2333 981 2375 ex
1003 2313 1099 2390 Asia,
1123 2314 1227 2378 rictus
1242 2317 1283 2378 ab
1298 2317 1388 2378 Hor-

103 2454 344 2466 ῳ--ι

178 2537 205 2592 lt.
221 2555 276 2606 pro
296 2537 338 2609 se]
358 2542 422 2603 ,An
438 2536 568 2608 prode?’'
588 2537 642 2593 Οι.
678 2537 736 2591 Pro
749 2526 780 2590 se
798 2543 980 2613 interpretor:
999 2558 1018 2591 e
1034 2502 1147 2592 nemine·
1158 2541 1313 2596 subornati.

177 2616 205 2670 9.
224 2615 363 2681 legitima]
382 2614 400 2649 *
418 2611 572 2665 Terentius
587 2612 620 2666 V
616 2630 701 2676 arro.
720 2615 898 2667 consobrinus
913 2613 1010 2683 freter
1029 2616 1188 2680 Hortensii,
1206 2620 1282 2685 reus]
1311 2617 1387 2685 legi-

84 2693 155 2740 tima
173 2722 610 2743 ................
628 2688 725 2742 Varro
736 2691 916 2741 consobrinum
923 2687 1028 2760 frater
1045 2690 1108 2742 leuis
1126 2696 1274 2742 eensireus
1291 2694 1385 2751 Princ.

85 2763 192 2817 llersid.
212 2760 272 2816 tlt.
292 2759 357 2815 Lod.
377 2763 452 2816 blan.
471 2790 511 2803 -
527 2762 678 2831 legitime]
698 2762 845 2815 Terentius
864 2765 963 2819 Varro
974 2762 1080 2835 frater
1106 2765 1138 2818 C.
1155 2766 1299 2819 Varronis
1318 2784 1396 2819 con·.
1504 2788 1508 2793 ·

84 2837 190 2888 sobrini
206 2838 250 2891 M.
266 2835 366 2902 Tullii,
386 2854 449 2887 reus
466 2836 531 2889 Hot.
544 2838 627 2891 Cren.
658 2864 694 2878 -
726 2837 895 2902 ,Terentius
916 2840 1028 2909 Varro]
1052 2839 1099 2892 Sic
1118 2844 1225 2893 restitui
1245 2841 1334 2893 locunt
1354 2859 1389 2895 ea

83 2912 187 2978 Bruto,
207 2927 234 2965 et
252 2927 322 2965 orat.
341 2909 375 2964 de
394 2928 469 2985 pros.
489 2911 595 2965 camut.
686 2910 782 2965 ebatur
803 2929 899 2981 mres,
919 2914 1018 2968 Varro
1029 2913 1209 2967 consobrinus
1214 2917 1313 2982 frater
1324 2914 1387 2967 haste

83 2994 158 3040 censi
174 2988 245 3041 cet.”
265 2986 351 3042 ttot'.
372 3015 408 3029 —
429 2984 513 3051 ,buc
528 2989 614 3054 censs]
634 2988 673 3037 Va
703 3005 717 3038 e
740 2986 827 3060 probo
846 2992 1033 3042 coniecturam
1053 2988 1144 3041 Caroli
1164 2989 1285 3060 sigonii,
1305 2996 1351 3061 qut
1369 3004 1393 3043 e·

83 3068 223 3119 Ciceronis
235 3061 283 3116 lib.
296 3063 333 3114 li.
348 3058 380 3113 de
393 3060 511 3114 Oratore
529 3059 673 3133 legendnm
691 3077 769 3135 putat
787 3062 955 3117 Ciceronis.”
972 3062 1117 3117 Mettus.
1130 3067 1159 3115 in
1173 3063 1239 3117 edis.
1250 3080 1336 3135 pnssr.
1353 3094 1395 3107 -·

84 3146 235 3212 ,Apertum
251 3152 309 3199 est,
339 3153 396 3188 non
414 3136 574 3202 Cleeronis,
603 3136 651 3189 sed
667 3136 807 3190 Hortensii
825 3143 1006 3212 propinquum
1024 3134 1119 3204 luisse,
1150 3155 1231 3207 quesn
1247 3137 1394 3193 indicibus·

83 3219 218 3286 corruptis
239 3211 274 3264 ab
292 3212 439 3264 Hortensio
458 3228 506 3282 per
524 3225 660 3263 summam
679 3209 818 3265 ininrnlsm
837 3213 962 3284 periculo
983 3227 1104 3284 ereptum
1123 3212 1221 3265 Cicero
1242 3228 1392 3282 queraturr·

84 3304 155 3342 reete
175 3292 257 3359 igitur
276 3302 303 3340 ss
322 3283 356 3336 sd
373 3282 503 3338 editionis
516 3289 619 3358 primae
635 3290 747 3355 vestigia
765 3291 889 3360 proxime
902 3286 1062 3342 secedentes
1074 3285 1247 3340 llolrouelins
1265 3288 1386 3354 (Libit.

82 3362 238 3416 Emendate.
256 3365 283 3420 8.
297 3378 325 3433 p.
337 3361 401 3426 66.)
419 3374 447 3413 es
461 3362 562 3434 Popma
579 3359 691 3429 legunt:
710 3360 857 3414 Terentius
869 3363 903 3417 V
899 3380 970 3413 arro
987 3360 1165 3414 consobrinus
1176 3358 1281 3433 freter
1304 3364 1387 3415 linr-

84 3444 174 3491 tensii.
211 3436 253 3489 De
274 3440 395 3487 varrone
414 3435 554 3487 Hortensii
584 3432 669 3488 irasre
696 3435 887 3504 (consobrino)
916 3441 993 3491 sestis
1017 3440 1103 3489 estana
1120 3439 1213 3491 Acron
1235 3433 1270 3489 sd
1289 3436 1394 3493 Horas..

84 3512 141 3568 su.
165 3512 202 3565 il.
223 3518 256 3576 1,
277 3508 329 3571 493
361 3523 524 3580 quamquam
546 3508 618 3582 spnd
648 3526 709 3562 enm
736 3524 763 3564 et
778 3511 1008 3637 -i’opphyrionens
1030 3511 1132 3564 snnlste
1160 3516 1190 3565 ln
1208 3511 1252 3565 bis
1271 3510 1385 3577 turbae,

84 3591 121 3640 trs
140 3602 232 3640 samen
249 3599 280 3637 us
298 3601 346 3637 eos
362 3583 396 3636 de
411 3584 498 3638 'l'nrtn
516 3588 545 3636 in
562 3599 643 3638 cansa
655 3584 786 3638 Varronis
803 3589 833 3638 tu
862 3602 894 3639 ee
910 3586 1057 3640 liorsenstn
1069 3583 1251 3651 defendente,
1265 3584 1302 3637 ab
1315 3593 1388 3640 anti-

83 3661 222 3734 qntorihns
242 3663 382 3732 accepisse
402 3674 507 3730 paseat:
527 3662 605 3712 euius
624 3675 743 3725 nornen,
761 3675 791 3713 nr
811 3665 839 3712 in
859 3660 967 3714 Horatii
989 3663 1082 3713 muisis
1104 3659 1202 3729 cond„
1226 3664 1268 3714 sle
1285 3664 1314 3714 ln
1331 3661 1387 3715 boo

83 3740 282 3792 commentario
303 3738 333 3786 tn
351 3734 463 3785 Furtum
484 3738 642 3804 corrnpuisn
665 3732 800 3788 atdetnr.”
825 3734 940 3789 manv.
977 3736 1010 3788 ln
1030 3733 1143 3789 eandem
1163 3735 1386 3790 enudationem

82 3808 253 3885 (Hortensi)
272 3805 370 3861 incidis
389 3811 472 3861 ertasn
485 3809 603 3882 -Ptgisins
622 3813 692 3864 nnn.
711 3808 747 3863 Τ.
763 3809 816 3862 ill.
835 3828 863 3882 p.
878 3812 942 3866 299.
980 3809 1099 3863 Omnem
1118 3826 1208 3864 susem
1228 3809 1386 3865 dubitarin-

82 3902 144 3940 nesn
165 3885 239 3941 tollit
258 3884 370 3938 Graevii
389 3882 451 3938 MS.
471 3888 500 3936 ln
518 3900 573 3955 qno
593 3898 652 3936 est:
684 3883 782 3937 Varro
805 3883 985 3936 consobrinus
997 3885 1102 3954 freter
1124 3885 1302 3945 Hortensiis,
1316 3894 1393 3958 qnae·

81 3959 164 4015 lectio
179 3964 263 4013 etiarn
283 3961 312 4011 in
332 3956 417 4029 bugd.
437 3962 583 4029 reperitur.
620 3957 749 4012 Ceterm
776 3957 910 4011 vocabulo
932 3958 1079 4011 Terentius
1102 3959 1224 4015 nondum
1246 3964 1314 4014 satis
1338 3979 1387 4015 es·

81 4035 151 4109 plera
170 4033 277 4090 videtur
297 4032 396 4086 lacuna
414 4031 544 4087 editionis
566 4036 672 4104 prinu,
692 4030 740 4085 sed
759 4030 854 4086 deesse
876 4032 966 4086 adbuc
988 4049 1162 4106 praenomen.
1266 4066 1269 4075 ·

155 4114 198 4170 tls.
218 4113 389 4178 acciperent,
408 4116 440 4159 ut
458 4109 583 4178 timeret]
603 4107 671 4161 Lod.
690 4122 717 4160 et
737 4123 811 4178 seqq.
839 4135 877 4150 -
908 4112 1047 4179 accipiant
1064 4116 1093 4161 et
1114 4112 1327 4166 ts'nseretPslno.
1349 4138 1381 4154 -

79 4190 234 4258 acciperent
255 4191 284 4233 et
302 4187 414 4235 timeret
429 4180 536 4239 Bersld.
554 4210 593 4227 -
611 4187 767 4252 acipiunt,
791 4189 824 4233 us
842 4187 953 4234 tiareret
968 4180 1027 4237 std.
1262 4202 1275 4229 ·.

152 4264 197 4317 15.
216 4276 250 4310 ne
261 4256 329 4308 side
341 4256 358 4293 *
370 4260 501 4327 actionis}
519 4259 611 4311 Prtno.
620 4254 726 4311 Bersld.
741 4253 800 4309 uin
820 4282 857 4299 -
875 4274 910 4308 ne
921 4254 1013 4329 ficiens
1027 4262 1168 4328 pactionis
1179 4255 1247 4314 Lod.
1262 4274 1290 4313 er
1308 4275 1383 4331 seqq.

152 4332 224 4388 ibid.
242 4333 374 4401 servare]
395 4334 485 4388 Princ.
504 4328 612 4386 Benld.
630 4331 692 4385 ild.
710 4330 777 4384 Lod.
794 4358 832 4375 -
850 4347 977 4383 seruam
996 4330 1081 4405 Lugd.
1100 4333 1165 4388 ilat.
1184 4334 1267 4395 nan.
1282 4335 1365 4388 Cren.

152 4415 196 4467 17.
215 4407 372 4479 discqloris]
393 4406 454 4462 ΔΜ.
472 4421 500 4460 et
520 4423 595 4478 seqq.
616 4434 646 4447 -
668 4404 851 4457 discoloribus
869 4407 961 4459 Princ.
980 4407 1086 4461 Bersld.

152 4489 188 4541 20
206 4499 264 4554 sqq.
285 4480 416 4534 Scholion
437 4484 490 4534 hoo
508 4495 536 4534 st
554 4497 669 4550 sequens
695 4484 768 4534 inser
797 4478 878 4532 serim
900 4484 1020 4551 puniant
1045 4482 1232 4551 intellimus
1251 4480 1334 4557 (paq.
1354 4485 1382 4541 9.

78 4556 156 4624 ilos.)
187 4574 214 4610 ec
247 4556 357 4626 Aliquis
384 4565 473 4609 metus
496 4560 576 4630 (pag.
601 4562 645 4613 to.
664 4556 741 4618 Hor.)
767 4558 857 4628 postca
876 4553 1001 4624 leguntur
1020 4559 1050 4608 tn
1070 4558 1147 4611 editu
1166 4560 1257 4615 Princ.
1276 4556 1383 4612 Berald.

79 4631 138 4686 did.
159 4632 223 4687 Lod.
711 4634 756 4686 20.
774 4631 846 4696 cuns]
867 4646 928 4680 eurn
946 4631 1039 4683 Princ.

152 4713 197 4763 21.
215 4702 430 4775 repetundarum
449 4708 497 4773 es]
524 4703 738 4776 repetundarum
765 4720 843 4755 resne
870 4721 907 4754 se
933 4704 998 4757 Hos.
1021 4703 1102 4758 Cren.
1124 4721 1152 4759 es
1175 4722 1252 4780 seqq.
1275 4722 1383 4763 testere.

79 4780 159 4836 Coni.
181 4780 276 4836 Vellei.
295 4781 403 4836 Patere.
421 4779 458 4836 li.
478 4788 505 4841 8.
525 4778 739 4852 repetundarum
755 4795 793 4832 es
810 4776 981 4831 Macedonia
999 4777 1149 4833 damnatus
1165 4788 1217 4835 est.
