3210 5280
384 163 393 189 ²
446 178 497 243 IN
520 175 627 244 AcT.
650 180 681 245 t.
703 181 754 245 IN
778 177 820 246 C.
843 179 1060 246 VERREM.
1350 182 1413 249 393

91 329 158 393 est,
181 317 318 383 tollebat
332 319 539 383 bonestorum
556 319 682 385 nomina
705 331 737 386 et
751 322 892 404 ponebat
908 320 1036 385 levium.
1080 323 1158 387 Hoc
1174 320 1276 387 sciens
1292 321 1411 388 Cicero

95 410 207 494 plures
225 411 352 475 libellos
366 410 443 475 fecit
466 425 497 474 et
518 433 577 494 per
592 416 725 491 multos,
751 415 805 499 quii
819 414 904 477 iuxta
928 414 1066 479 tribunal
1088 428 1224 496 starent,
1241 417 1415 496 distribuit,

90 504 233 581 scilieet,
256 526 296 568 ne
318 505 387 589 quis
413 507 542 568 auderet
564 510 687 590 populo
713 520 793 572 teste
814 529 963 591 peecare.

176 600 287 664 Nulla
317 598 413 681 nota]
451 600 490 663 ld
514 611 581 676 est,
616 603 704 664 varin
735 621 822 663 cera.
874 602 967 665 Facit
997 613 1101 666 autem
1126 604 1272 687 corrupti
1304 602 1410 668 iudicii

92 691 285 755 mentionem
312 694 351 755 ab
377 693 574 769 Hortensio,
598 697 685 778 quod
714 715 811 777 supra
834 697 1035 760 memoravit.
1426 715 1442 765 s
1476 770 1479 776 ,

177 786 287 851 Altini
303 785 421 870 posse]
444 786 575 862 Induci,
599 786 782 863 inhaerere,
807 787 1032 871 conglutinari.
1078 792 1158 856 Mos
1184 804 1253 854 erat
1277 791 1414 854 indicum

92 879 219 942 nomina
245 879 485 944 libellis-scribi
524 893 556 944 et
592 881 661 945 dari
692 903 750 963 per
776 880 916 966 singulas
939 881 1061 960 tribus,
1096 896 1130 946 nt
1155 885 1273 948 scirent
1295 885 1416 948 iudica·

92 984 199 1036 turos.
252 974 329 1037 Hoc
360 985 463 1036 autem
497 977 536 1036 ad
566 972 778 1059 integritatem
806 981 943 1045 iudicum
972 975 1043 1040 fieri
1067 978 1208 1054 solebat,
1243 978 1298 1062 qui
1327 990 1413 1042 metu

92 1066 207 1150 populi
228 1066 393 1148 corrtnupi
416 1067 540 1130 minime
564 1071 732 1136 audebant.

177 1163 238 1226 Ex
258 1162 368 1226 alacri
388 1174 490 1248 atque
514 1165 619 1244 laeto]
641 1169 789 1245 Laetus,
819 1168 944 1242 anim03
974 1168 1111 1239 alacer,
1135 1175 1222 1227 motu
1251 1162 1462 1245 conparium

94 1253 159 1335 Qui
174 1258 364 1320 ambulando
381 1277 488 1319 manus
499 1255 595 1320 iactat
607 1258 724 1322 alarum
737 1261 768 1325 iu
780 1264 927 1337 modum,
944 1261 998 1323 illc
1013 1258 1145 1341 proprie
1155 1261 1271 1321 alacer
1285 1256 1415 1322 dicitnr.

178 1354 292 1433 Atque
316 1350 456 1414 humilis
476 1349 609 1429 animo]
633 1350 717 1432 Quia
739 1357 861 1419 reddita
883 1356 912 1419 ei
936 1352 1069 1437 pecunia
1091 1352 1211 1415 suerat.

176 1442 311 1508 Eadem
331 1442 392 1507 itta
412 1455 529 1507 uetera
546 1442 588 1526 a]
612 1446 662 1508 De
685 1452 920 1532 corrumpendo
943 1447 1076 1511 indicio.

179 1536 329 1602 Pecunia
350 1536 481 1601 maiore
509 1542 726 1622 repetuntur]
759 1542 840 1607 Ideo
866 1541 1015 1618 maiore,
1051 1535 1125 1623 quia
1147 1549 1237 1601 autea
1262 1537 1417 1621 populum

93 1640 305 1711 corruperat,
330 1640 364 1691 ut
389 1630 500 1695 consul
524 1631 716 1698 Hortensius
739 1636 968 1698 declararetur.
1429 1655 1459 1704 ts

179 1723 331 1790 Insidiae
342 1746 407 1807 per
420 1724 558 1787 eosdem
577 1726 745 1809 homines]
768 1726 942 1792 Caecilium
963 1739 995 1790 et
1016 1723 1225 1790 Hortensium
1246 1723 1417 1810 siguificat.

179 1821 277 1900 Quae
298 1839 355 1881 res
375 1817 510 1900 primo,
535 1817 677 1901 iudices]
702 1818 934 1903 Corruptionis
957 1819 1137 1903 apparatio.

180 1909 264 1993 Cap.
287 1912 371 1975 vlt.
397 1911 450 1974 18.
483 1916 580 1995 Quae
602 1912 658 1975 ille
686 1914 717 1978 si
745 1935 1014 1978 commemorare
1051 1912 1231 1992 noluisset]
1270 1910 1419 1979 Ostendit

95 2025 168 2068 eum
191 2004 322 2066 stultum
344 2002 462 2076 fuisse,
487 2002 541 2086 quii
567 2024 622 2079 ea,
647 2028 727 2089 quae
752 2009 879 2070 celanda
904 2018 1010 2086 erant,
1032 2007 1133 2087 palam
1157 2005 1249 2068 dixit.

182 2102 216 2163 A
240 2119 293 2161 me
318 2095 578 2179 pedetemptim]
601 2099 803 2176 summatim,
827 2099 1000 2182 paullatim.
1043 2098 1288 2181 Pedetemptim
1315 2110 1417 2160 autem
1428 2118 1461 2170 nn
1497 2160 1499 2166 ,

94 2189 228 2275 proprie
250 2189 402 2266 dicimus,
427 2191 553 2274 qttando
577 2212 635 2272 per
649 2191 720 2253 loca
741 2192 862 2255 lubrica
878 2193 1058 2256 incedentes
1081 2203 1288 2275 temptamus,
1312 2205 1419 2255 utrum
1450 2266 1456 2273 .

93 2285 137 2349 sit
156 2285 267 2348 firmus
289 2284 449 2357 incessus,
473 2305 629 2366 suspenso
653 2285 746 2364 pede.
1015 2340 1016 2344 ,

178 2375 279 2442 Illius
300 2377 419 2439 habita
439 2376 546 2455 ratio]
579 2378 629 2441 Ne
655 2377 762 2441 ridear
788 2377 880 2462 qumi
900 2377 1058 2441 inimicus.

181 2473 234 2534 19.
258 2469 316 2534 Ad
339 2469 453 2552 ipsum
463 2467 649 2560 fornicem
676 2470 875 2554 Fabianum]
913 2473 1020 2534 Arcus
1047 2483 1097 2534 est
1127 2490 1231 2553 prope
1260 2474 1412 2546 Vestam,

96 2576 151 2630 aut
177 2585 195 2627 a
224 2561 326 2627 Fabio
353 2564 490 2646 quodam
517 2573 669 2644 praetore
691 2563 810 2641 dictus,
845 2563 900 2649 qui
925 2585 996 2627 eum
1023 2565 1166 2642 curarit,
1201 2576 1255 2627 aut
1277 2566 1349 2650 quia
1373 2565 1461 2630 ibits

96 2661 214 2726 multae
236 2667 358 2719 statuae
380 2655 554 2719 Fabiorum
577 2667 673 2720 stant.

181 2749 391 2834 Propinquis
412 2749 691 2835 necessariisque]
724 2749 827 2836 Atqui
855 2750 882 2814 si
913 2771 954 2814 ex
979 2747 1158 2814 Hortensio
1188 2750 1306 2814 airricus
1330 2763 1417 2827 erat,

97 2859 130 2913 et
150 2845 252 2910 Verri
275 2841 376 2924 magis
398 2842 552 2924 gratulari
574 2845 743 2921 debuerat,
767 2844 822 2929 qui
843 2865 994 2906 crimmum
1020 2843 1176 2906 bonorem
1202 2843 1309 2915 suerat
1341 2866 1420 2908 con·

96 2950 238 3005 scamus.
283 2938 347 2998 Sed
372 2933 459 2997 torte
482 2956 546 2998 non
568 2947 715 3016 poterat,
738 2938 813 3021 quia
836 2939 927 2999 turba
954 2948 1022 2998 erat
1048 2936 1131 2999 eirca
1152 2936 1268 3018 ipsuru.
1313 2937 1417 3016 Qtrid,

95 3035 185 3120 quod
207 3052 266 3094 nec
291 3028 480 3091 necessariis
503 3028 571 3092 eius
597 3030 772 3113 gratulatus
797 3028 870 3092 est?
903 3030 989 3111 quod
1017 3041 1063 3092 est
1095 3027 1355 3105 consnetudinis,
1386 3041 1463 3099 ntno

95 3126 149 3190 rel
171 3146 231 3206 per
246 3121 325 3186 alios
341 3133 485 3185 nostrum
507 3133 617 3184 votum
633 3123 821 3186 nuntiemus.
867 3121 1016 3185 Ostendit
1031 3144 1112 3207 ergo
1128 3121 1207 3186 nibil
1230 3125 1271 3185 ab
1293 3124 1355 3186 hoc
1377 3124 1416 3185 dc

95 3218 183 3286 omui
211 3217 327 3281 Verris
354 3214 554 3279 absolutione
577 3217 732 3301 cogitari,
764 3215 818 3300 qui
844 3226 876 3279 et
905 3215 1022 3279 amicos
1048 3216 1079 3278 in
1104 3216 1256 3281 felicitate
1289 3214 1416 3298 positos

95 3314 332 3380 contemnebat.

181 3406 284 3490 Qraod
312 3427 418 3492 quum
446 3417 518 3468 tam
547 3401 646 3465 multi
672 3399 840 3480 homines]
881 3398 962 3465 Dixi
993 3399 1116 3484 signum
1154 3422 1276 3464 rernm.
1323 3399 1422 3485 Signa

96 3494 1465 3584 pmmfflfflmMMmemmmm.Hoemeoemmmfflmu

96 3605 129 3656 et
152 3604 340 3678 argumento
366 3593 418 3654 dat
441 3610 604 3654 rumorem
626 3587 739 3672 populi
763 3587 901 3663 scilicet,
926 3589 1014 3672 quod
1040 3610 1138 3674 quum
1164 3600 1226 3653 tam
1253 3586 1343 3652 inulti
1366 3609 1422 3651 au·

96 3685 234 3762 duent,
259 3685 327 3749 aliis
349 3684 514 3748 ridiculum
537 3682 608 3757 vid;

182 3777 392 3860 Ridiculum]
417 3779 514 3858 Quod
535 3776 614 3840 dixit
636 3774 755 3841 Curio.

181 3873 299 3937 Altius
318 3869 584 3956 perspiciebant]
615 3869 772 3948 interius,
796 3868 937 3946 acutius,
962 3869 1087 3935 melius.

182 3967 236 4031 20.
260 3966 397 4032 Etenim
419 3966 468 4029 sie
490 3963 801 4046 ratiocinabantur]
824 3963 888 4046 Qui
908 3962 1129 4048 intelligebant
1145 3961 1233 4026 illam
1257 3981 1368 4026 vocem
1384 3962 1424 4024 ad
1434 3979 1466 4030 to

96 4058 340 4141 corruptionem
363 4058 537 4141 pertinere.

182 4154 425 4239 Loquebantur
440 4151 573 4235 aperte]
596 4153 766 4234 Apertum
780 4159 845 4226 est,
869 4153 959 4236 quod
973 4171 1038 4214 non
1061 4150 1151 4215 latet.
1180 4147 1422 4232 Perspicuum,

97 4248 186 4332 quod
209 4248 355 4310 omnibus
378 4255 487 4309 notum
511 4255 570 4315 est.

116 4344 1424 4374 —-———-——h—--

153 4412 182 4466 d.
193 4409 289 4480 facil]
301 4406 337 4462 G.
347 4408 398 4463 Gr.
407 4404 528 4477 —sees't
539 4406 603 4460 seh.
626 4410 670 4461 27.
681 4447 695 4475 ,
705 4407 734 4459 1³.
743 4415 771 4458 et
779 4406 836 4459 HJ·
847 4407 938 4461 Gran.
959 4411 1003 4464 28.
1019 4408 1106 4474 Atqrrl
1115 4409 1140 4456 sl
1154 4404 1307 4455 Hortensio
1319 4405 1427 4454 amicus

96 4493 181 4550 erat,
196 4487 223 4534 ei
238 4487 333 4551 magis
349 4500 430 4551 quam
440 4482 527 4534 Verri
539 4500 585 4549 gr.
600 4479 634 4533 de
646 4481 758 4534 Grserll
773 4485 847 4535 coal.
862 4480 927 4535 Seu.
948 4485 993 4539 32.
1011 4479 1047 4532 ab
1054 4479 1104 4532 boe
1114 4485 1170 4531 nisi
1181 4478 1216 4531 de
1225 4477 1256 4532 V
1256 4483 1329 4528 erra's
1338 4474 1426 4530 abso-

95 4562 202 4613 tutione
214 4563 340 4625 cogitari
352 4554 386 4611 de
400 4557 512 4610 Graevii
526 4559 601 4610 conl.
617 4556 681 4610 Seli.
718 4555 760 4611 lb.
773 4559 893 4626 positos]
909 4555 942 4608 de
956 4558 1065 4608 Grserll
1080 4559 1153 4608 conl.
1166 4556 1230 4609 scu.
1246 4570 1295 4625 pro
1305 4556 1426 4622 positus.

96 4640 141 4696 53.
158 4662 195 4676 -
206 4631 410 4687 condemnabat
423 4631 487 4685 Scir.
507 4636 553 4691 35.
567 4631 705 4700 derivare]
722 4631 786 4689 seh.
800 4661 835 4674 -
848 4630 973 4684 dirivari
992 4630 1116 4684 Gronov.
1129 4657 1167 4673 -
1180 4629 1312 4683 derivare
1326 4626 1426 4681 Graes.

95 4713 143 4772 bb.
166 4709 215 4768 blo
233 4706 267 4764 de
288 4709 400 4764 Grserlt
420 4711 496 4765 eant.
518 4706 585 4764 sen.
603 4723 656 4782 pra
675 4705 741 4762 (ξοδ.
761 4707 874 4778 populo.
912 4711 959 4768 b?-
980 4703 1110 4763 stocos.
1123 4733 1159 4750 -
1179 4704 1247 4761 Soli.
1267 4701 1421 4758 videretur.
