3210 5280
426 182 476 246 IN
499 183 642 278 ottat.
665 183 760 250 PRO
783 183 835 249 M.
857 182 1136 251 MARCELLO.
1375 187 1436 250 tta

205 322 259 386 32.
283 323 328 387 Ut
347 323 465 389 omnes
486 345 593 388 unum
614 324 729 408 velint]
764 323 847 405 Quia
873 324 998 389 dicebat
1023 325 1174 390 timendas
1199 348 1269 390 esse
1290 325 1435 405 insidias,

118 417 273 503 purgavit
297 418 542 483 coniecturalem
563 431 705 501 partcm;
738 419 819 482 redit
841 420 879 482 ad
903 418 1041 504 gratias,
1078 423 1159 483 unde
1186 419 1296 501 coepit
1318 421 1436 486 oratio.

138 600 146 615 ι
204 510 288 595 Cap.
311 513 376 576 XI.
400 512 453 576 38.
475 513 660 577 Maximus
683 534 801 578 omnes
822 512 885 578 tibi
905 513 1042 597 gratias
1062 513 1213 598 agimus]
1238 515 1347 596 Quare
1365 517 1438 599 plu·

117 623 248 668 ramum.

202 696 241 762 A
262 720 315 762 me
337 698 408 763 dici
428 698 558 780 uolunt]
582 698 664 782 Quia
685 699 803 764 amicus
817 702 980 767 Marcello
1000 724 1086 780 sum;
1109 725 1208 788 quare
1234 714 1267 768 te
1284 705 1462 790 attiguum

119 789 194 875 qttia
216 793 292 855 nulli
316 795 396 856 cedo
421 792 454 856 in
478 814 586 857 amore
609 793 761 858 Marcelli
783 793 841 858 uisi
862 796 968 860 fratri.

204 887 257 950 st.
280 890 395 970 Quum
417 909 459 950 eo
479 887 722 968 sollicitudine]
756 887 853 968 Quasi
876 887 1031 954 sollicitus
1053 891 1091 953 de
1116 889 1174 955 illo
1198 888 1259 955 fui.

183 984 288 1046 .Non
313 993 514 1046 conservato
536 979 660 1063 solum]
693 979 775 1062 Quia
798 982 928 1047 salutem
952 984 1086 1067 accepit.

205 1074 272 1142 Sed
293 1075 399 1140 etiam
419 1077 557 1157 ornato]
592 1074 675 1155 Quia
701 1074 837 1140 dictator
860 1075 977 1143 Cicero
997 1077 1102 1143 factrus
1125 1090 1172 1144 est
1194 1078 1319 1145 ltaliae.

580 1286 956 1304 Q

263 1499 711 1610 SCHOLlASTA
768 1503 1293 1616 GRONOVIANUS
1448 1564 1479 1615 n

755 1763 805 1822 IN

166 1957 595 2048 oanrtouuu
624 1936 761 2047 ruo
793 1956 976 2044 nunu
1005 1955 1391 2057 uutornuo.
1511 1953 1517 1960 ·

571 2370 985 2436 ARGUMENTUM.

204 2509 376 2576 Deiotarus
399 2511 574 2575 tetrarches
596 2510 669 2576 fuit.
712 2513 834 2577 Postea
858 2509 1083 2595 providentia,
1108 2532 1202 2594 quam
1221 2509 1332 2575 habuit
1353 2506 1438 2574 circa

118 2606 274 2691 populum
294 2606 494 2681 Romanum,
517 2603 640 2688 regium
661 2626 774 2670 nomen
797 2604 920 2687 accepit
941 2604 1008 2686 ipse
1031 2615 1062 2668 et
1084 2604 1179 2669 lilius.
1222 2604 1256 2669 Is
1277 2604 1307 2667 iu
1331 2602 1438 2666 matri·
1450 2624 1482 2675 is

119 2700 229 2765 monio
252 2701 380 2763 dederat
395 2696 502 2763 liliam.
547 2701 600 2762 Ex
616 2720 652 2762 ea
669 2711 850 2781 sussceperat
873 2711 1020 2781 nepotem
1044 2696 1226 2764 Castorem.
1270 2700 1353 2762 Post
1367 2719 1437 2759 cum

120 2813 243 2881 genero
276 2793 360 2856 litem
383 2791 505 2856 habuit.
564 2792 628 2854 Hic
658 2803 770 2856 contra
795 2813 887 2856 arum
911 2814 973 2876 pro
1006 2804 1097 2876 patre
1123 2793 1208 2856 hello
1239 2791 1437 2874 Pompeiano

118 2910 190 2951 cuin
214 2886 371 2969 Pompeio
385 2886 459 2950 fuit.
504 2884 623 2949 Victor
638 2885 760 2951 Caesar
775 2886 963 2949 Pharsalico
985 2885 1109 2968 proelio
1126 2897 1237 2950 contra
1252 2886 1438 2970 Aegyptum

119 2981 228 3066 coepit
256 3003 414 3066 pugnare.
458 2979 570 3044 Statim
602 2981 727 3065 [contra
755 2979 998 3060 Alexandriam]
1035 2978 1209 3044 Deiotarus
1237 2999 1272 3042 se
1296 2975 1437 3040 tradidit.

118 3075 243 3141 Meruit
266 3077 406 3151 veniam,
435 3086 467 3138 et
493 3072 711 3159 tamenregni
736 3085 825 3156 parte
848 3072 995 3137 multatus
1021 3084 1080 3137 est.
1126 3074 1289 3137 Reversus
1318 3069 1482 3142 Caesareo

118 3181 231 3234 contra
260 3169 457 3232 Pharnacem
485 3187 596 3250 regem
631 3166 741 3232 Ponti.
785 3167 931 3250 Suscepit
957 3166 1044 3230 illurn
1078 3165 1219 3248 hospitio
1248 3165 1436 3230 Deiotarus.

118 3266 157 3329 ln
180 3261 247 3327 acie
270 3262 362 3326 etiam
380 3262 466 3325 stetit
488 3283 549 3343 pro
573 3260 725 3326 Caesare.
770 3263 935 3327 Reversus
958 3272 1006 3324 est
1028 3258 1149 3326 Caesar
1164 3261 1312 3325 Romam.
1357 3261 1438 3323 Arn-

117 3357 243 3433 hiebat,
268 3359 430 3438 quomodo
454 3355 626 3421 Deiotarus
652 3354 835 3437 perveniret
863 3357 903 3418 ad
924 3365 1046 3439 partem
1076 3353 1180 3433 regui.
1226 3355 1302 3418 Hoc
1331 3351 1438 3416 audito

120 3472 221 3539 gener
243 3449 343 3525 misit,
368 3449 423 3533 qui
449 3460 634 3514 accusarent
658 3448 866 3525 Deiotarum,
891 3451 978 3535 quod
1000 3446 1126 3512 insidias
1153 3446 1280 3511 fecisset
1306 3444 1439 3513 Caesari

120 3566 159 3609 eo
186 3555 350 3627 ternpore,
375 3564 439 3626 quo
461 3542 547 3606 illum
571 3541 716 3606 inritavit
731 3541 886 3624 hospitio.
931 3542 1052 3607 Audito
1074 3543 1137 3606 hoc
1161 3541 1333 3606 Deiotarus
1357 3539 1440 3604 misit
1450 3569 1482 3619 2⁵

118 3639 266 3725 legatos,
301 3637 356 3723 qui
387 3659 421 3701 se
453 3637 672 3701 defenderent.
726 3636 817 3699 Inter
849 3658 932 3722 quos
965 3638 1090 3721 legatos
1122 3635 1206 3701 misit
1244 3637 1439 3719 Phidippum

118 3732 290 3809 medicum,
326 3753 419 3818 quem
444 3730 504 3794 iste
528 3731 604 3795 dicit
630 3750 777 3805 servum,
811 3750 851 3793 ue
878 3729 923 3794 illi
951 3732 1100 3794 credatur
1120 3728 1153 3792 in
1178 3742 1273 3813 caput
1302 3729 1437 3805 domiui;

118 3847 189 3889 nam
214 3838 296 3888 tanta
324 3824 512 3889 auctoritate
537 3822 598 3887 suit
624 3823 682 3887 iste
708 3822 864 3900 medicus,
888 3835 922 3886 ut
944 3822 1026 3887 iuter
1051 3824 1176 3907 legatos
1202 3821 1440 3886 mittereturad

118 3919 331 3985 defensionem
363 3916 524 3982 Deiotari.
567 3918 633 3981 Iste
670 3926 842 3997 corruptus
876 3937 894 3979 a
933 3928 1050 4000 nepote
1082 3915 1219 3980 Castore
1251 3916 1374 3981 transiit
1397 3928 1438 3980 .et

118 4013 226 4096 coepit
259 4034 409 4077 accusare
438 4010 642 4077 Deiotarum.
695 4009 835 4075 Accusat
868 4030 949 4094 ergo
982 4021 1169 4095 utrumque,
1208 4010 1376 4095 indignitas
1406 4022 1481 4075 etto

117 4107 282 4190 impietas,
306 4128 417 4171 servus
441 4118 473 4170 et
497 4126 610 4189 nepos.
654 4106 761 4169 Status
781 4102 995 4168 coniecturae.
1040 4104 1150 4167 Genus
1170 4125 1283 4168 causae
1304 4103 1439 4168 admira·

192 4297 222 4354 d.
244 4298 308 4349 Pon
328 4315 354 4352 r.
372 4297 523 4368 pristimum
543 4294 664 4351 delectos
684 4300 763 4368 signa
782 4300 875 4370 posuit
901 4295 967 4350 Sch.
1005 4295 1058 4350 Sed
1086 4295 1194 4351 viderur
1213 4303 1254 4352 etc
1273 4303 1439 4354 continuari·

117 4369 197 4424 dom:
227 4389 312 4441 qum
329 4372 514 4441 plrerimumt
541 4388 590 4425 me
617 4370 692 4426 diei
720 4371 860 4425 volunt.
899 4376 925 4428 7.
945 4373 1044 4442 Quasi]
1076 4375 1110 4426 G.
1132 4372 1181 4427 Gr.
1207 4389 1244 4427 ω
1270 4372 1343 4444 Quia
1369 4374 1438 4430 Sola.

116 4447 145 4505 9.
166 4446 253 4513 «lure
273 4451 328 4500 iam
345 4446 468 4506 Wolfius
489 4451 550 4500 risit
570 4447 624 4502 hoc
644 4447 815 4503 scholiastae
833 4446 1002 4500 somnium.”
1022 4448 1156 4502 Scuurra.
1199 4454 1242 4508 15.
1262 4449 1384 4523 rogitem]
1403 4449 1437 4507 de

116 4525 138 4578 l.
158 4523 187 4576 Ρ.
208 4522 343 4575 Grououii
365 4538 483 4576 correct.
504 4523 568 4576 Sela.
594 4551 629 4566 -
657 4540 756 4592 regum
781 4522 817 4580 G.
844 4523 895 4577 Gr.
944 4524 989 4581 16.
1008 4524 1051 4576 Ao
1070 4528 1100 4574 iu
1119 4526 1348 4577 matrimonium?
1380 4528 1435 4581 01.

118 4604 164 4658 18.
184 4599 294 4668 victor]
315 4597 347 4651 de
370 4600 389 4652 l.
410 4598 439 4650 F.
458 4598 593 4652 Grooouii
613 4603 784 4653 correctione
805 4600 869 4654 Sch.
889 4626 924 4655 r-
945 4603 1023 4650 vs'eto
1048 4599 1084 4653 G.
1105 4598 1154 4656 Gr.
1202 4605 1246 4659 19.
1266 4603 1314 4657 Va.
1334 4609 1437 4654 contra

115 4672 325 4726 Alexandriam
345 4671 470 4726 videntur
489 4690 548 4726 esse
567 4679 724 4748 epexegesis
743 4676 785 4727 ael
804 4677 941 4730 correctio
959 4679 1132 4747 superiorum
1149 4684 1252 4730 eontra
1263 4679 1436 4752 Aegyptum,

116 4747 225 4822 hocque
244 4747 306 4803 loeo
326 4746 490 4806 inducenda.
517 4748 570 4804 Oa.
608 4754 655 4811 25.
674 4752 765 4806 Foru:
786 4750 1050 4822 emunctorum,
1070 4769 1160 4824 φωρ.
1187 4752 1239 4808 Oa.
