3210 5280
426 713 1123 822 PSEUDO-ASCONIUS

763 949 796 994 iit

246 1097 310 1187 tu.
364 1096 715 1191 nutari
771 1093 1310 1204 crcuuouts

409 1287 700 1354 PROOEMIUM
721 1288 907 1353 PRIMAE
928 1286 1148 1353 Actionis

760 1459 794 1506 iti

560 1607 604 1682 C.
655 1606 991 1683 VERREM.

600 2001 951 2068 ARGUMENTUM.

123 2116 243 2230 Victo
265 2152 405 2220 Caecilio
426 2166 456 2219 et
475 2154 672 2219 accusatione
695 2158 734 2218 ad
762 2176 795 2217 se
824 2153 924 2216 delata
946 2150 1080 2227 Cicero,
1119 2174 1188 2215 cum
1211 2150 1424 2237 inquisitionis
1439 2173 1487 2231 [ea]

123 2261 248 2331 ternpus
268 2249 300 2311 iu
322 2249 458 2311 Siciliam
480 2248 671 2328 postulasset
700 2247 766 2309 dies
790 2244 865 2337 CX.
889 2255 921 2306 et
942 2265 1011 2306 enm
1038 2243 1103 2309 lilio
1128 2245 1232 2326 patrui
1259 2245 1307 2306 sui
1331 2245 1431 2327 'l'ullii

124 2352 224 2420 totam
246 2339 442 2421 provinciam
463 2338 649 2422 colligendis
666 2338 762 2401 literis
777 2338 808 2400 in
820 2339 955 2399 Verrem
970 2348 1000 2398 et
1012 2337 1230 2399 denunciandis
1243 2336 1428 2401 testimoniis

122 2444 327 2514 peragrasset
339 2431 448 2493 diebus
463 2433 526 2505 L.,
544 2430 616 2514 quia
629 2432 775 2511 pedestre
790 2430 850 2492 iter
865 2449 906 2491 ex
920 2428 1024 2492 Sicilia
1041 2442 1072 2491 et
1086 2443 1218 2512 propter
1230 2429 1383 2512 fugitivos
1398 2438 1431 2492 et

123 2536 258 2605 propter
268 2523 512 2586 Verrisinsidias
522 2521 698 2597 devitabat,
716 2523 870 2586 aVibone
878 2521 1012 2584 transiit.
1036 2522 1456 2604 Tamrcpenteadvcnicnsi

199 2695 231 2747 ln
251 2693 371 2746 editione
391 2696 514 2766 principe
534 2708 560 2745 et
580 2691 688 2745 Berald.
708 2691 790 2746 index
808 2694 854 2747 laio
873 2711 928 2749 est:
961 2696 1206 2750 rutulantum
1226 2695 1333 2748 LIBER
1352 2695 1431 2750 l'Rl·

123 2769 202 2823 MUS
222 2768 332 2821 tinia.
353 2767 491 2822 lNCll'lT
511 2767 713 2822 SECUNDUS.
955 2806 960 2815 .

199 2840 495 2911 ARGUMENTUM]
514 2838 577 2894 add.
597 2841 678 2893 Creu.
773 2845 801 2895 2.
812 2838 896 2913 filio]
911 2840 981 2914 filia
1001 2843 1090 2895 Ptine.
1110 2841 1218 2894 Berald.

196 2921 223 2974 5.
242 2916 399 2982 devitabat]
422 2916 568 2968 Schutalus
588 2931 602 2967 e
621 2915 732 2970 Graevii
752 2920 827 2968 conl.
865 2944 902 2958 -·
939 2915 1084 2966 dubitabat
1103 2921 1217 2988 priores.
1254 2915 1330 2986 ,sed
1360 2914 1431 2972 forte

123 2989 266 3063 legendum
297 2996 380 3043 etiam
410 3005 467 3052 cst,
504 3007 522 3039 a
542 2988 650 3043 Vibone
670 2989 782 3043 Veliam
807 2995 932 3042 transiit.
971 2993 1053 3046 Deest
1078 2995 1168 3056 enim,
1197 3008 1252 3061 qno
1278 2996 1432 3045 transierit:

124 3068 280 3136 vetantque
300 3079 315 3115 a
335 3063 439 3116 Vibone
468 3081 497 3115 se
523 3068 592 3115 mati
616 3067 738 3128 venisse,
772 3067 831 3135 ipse
858 3080 974 3117 testator
999 3067 1097 3117 Cicero
1116 3064 1165 3120 lib.
1184 3066 1221 3119 ll.
1242 3070 1270 3116 in
1289 3068 1365 3119 Vere.
1385 3065 1432 3123 lio.

125 3139 255 3189 Pedestre
274 3144 330 3190 iter
349 3156 385 3189 ex
403 3137 500 3189 Sicilia
520 3136 587 3189 iliud
613 3152 671 3201 est,
702 3136 775 3207 quod
800 3156 833 3190 ex
857 3139 954 3192 Sicilia
981 3141 1095 3193 Romam
1121 3141 1250 3194 euntibus
1270 3154 1285 3190 a
1304 3139 1432 3193 columns

125 3213 246 3283 Rhegion
272 3232 320 3284 per
348 3213 486 3265 Bruttium
516 3228 543 3264 et
570 3212 718 3263 lucaniam
745 3227 802 3266 erat
828 3211 996 3266 faciendum.
1034 3212 1115 3282 Quod
1136 3232 1197 3267 tero
1217 3215 1263 3267 hic
1282 3217 1383 3268 dieitur
1404 3220 1433 3268 in

124 3303 205 3340 cansa
226 3285 326 3349 luisse,
357 3303 408 3339 cur
434 3284 488 3336 boc
508 3289 561 3337 lter
581 3285 688 3337 Tullius
708 3290 822 3352 ritaret,
854 3287 882 3340 id
908 3304 1017 3355 uereor,
1050 3306 1084 3340 ne
1104 3288 1211 3342 Tullius
1238 3293 1296 3361 ipse
1315 3305 1433 3344 recuset.

124 3361 213 3414 Locus
234 3361 279 3413 ille
301 3363 337 3413 ll.
357 3363 402 3417 lto.
422 3359 593 3412 attendatur:
631 3360 662 3412 Si
683 3368 780 3431 posset
802 3378 866 3412 reus
884 3363 1001 3413 absente
1019 3370 1181 3414 necessetate
1199 3361 1345 3429 damnari,
1377 3380 1434 3416 non

123 3454 177 3503 ego
195 3455 213 3487 et
233 3435 341 3489 Vibone
360 3435 392 3488 V
390 3434 471 3484 eiiam
485 3434 608 3504 pervido
632 3440 750 3502 navigio
775 3441 851 3487 inter
868 3434 1063 3507 fugitivorum
1089 3436 1310 3506 repressionem
1328 3455 1362 3489 etc
1382 3446 1433 3488 iun

123 3512 181 3561 teia
198 3515 349 3573 venissem,
385 3525 438 3578 quo
464 3515 586 3577 tempore
610 3514 699 3560 omnis
719 3510 769 3560 itia
788 3528 848 3562 mea
859 3512 1016 3581 festinatio
1027 3509 1094 3580 jinr
1111 3529 1171 3562 curn
1186 3513 1312 3583 periculo
1331 3517 1434 3582 cepitis

124 3586 159 3635 ob
177 3602 238 3635 enen
257 3601 386 3649 ceresam,
414 3601 449 3634 ne
465 3589 498 3632 tn
516 3600 553 3632 es·
570 3588 626 3633 reis
645 3589 817 3649 eximerere,
850 3591 948 3636 sinon
967 3583 1123 3656 adsertorem
1141 3586 1181 3636 ad
1197 3586 1277 3639 diem.
1317 3588 1433 3641 Planum

126 3674 184 3721 est,
211 3663 324 3730 opinor.
358 3672 389 3710 ea
409 3656 531 3729 pericula
551 3661 620 3709 mari
641 3674 695 3709 non
715 3662 822 3723 minus,
848 3678 882 3711 ne
902 3658 992 3711 dicam
1012 3663 1095 3712 etiarn
1118 3664 1221 3731 magis,
1241 3674 1323 3730 qnam
1343 3676 1434 3726 terra,

126 3733 219 3785 Tullio
237 3731 321 3784 fuisse
342 3747 451 3804 parata,
472 3729 545 3801 quod
563 3737 651 3784 virum
672 3732 915 3805 prudentissimum
934 3750 989 3785 non
1010 3747 1117 3805 poterat
1136 3734 1243 3806 lugere,
1269 3749 1433 3807 causamque

127 3807 200 3859 illios
225 3806 335 3859 consilii
361 3803 566 3859 festinationem
591 3803 684 3859 fuisse.
724 3806 748 3860 A
773 3807 899 3859 columns
920 3807 1058 3879 Rhegion,
1089 3826 1142 3879 quo
1162 3827 1194 3860 ea
1214 3809 1308 3861 Sicilia
1327 3809 1434 3862 solebat

127 3881 239 3952 appelli,
271 3883 386 3934 Romam
411 3895 468 3933 erat
494 3895 600 3931 rectam
627 3885 696 3945 iter,
728 3882 800 3950 quod
826 3887 855 3934 in
881 3884 1014 3936 Antonini
1040 3886 1182 3935 itinerario
1207 3881 1372 3937 describitur
1391 3882 1433 3936 ed.

126 3955 248 4010 Wessel.
268 3973 294 4027 p.
315 3958 378 4013 106.
417 3957 493 4007 latta
512 3955 565 4007 boc
584 3959 773 4018 itinerarium,
792 3956 899 4009 Tullius
920 3972 933 4006 a
954 3955 1082 4009 columna
1101 3958 1236 4009 Vibonem
1255 3975 1341 4028 utque
1361 3972 1435 4010 terra

126 4028 246 4083 coniecit
266 4030 307 4082 Μ.
328 4030 358 4082 Ρ.
379 4030 475 4083 xcvi.
514 4027 585 4082 ‘l'um
606 4046 635 4082 se
654 4034 722 4081 mari
742 4030 874 4096 tradidit,
899 4033 1061 4101 Veliamque
1082 4029 1203 4096 delatus,
1227 4035 1340 4085 rectiori
1360 4047 1434 4084 certe

126 4103 297 4175 breviorique
316 4107 414 4155 itinere
434 4102 467 4155 atl
487 4120 626 4157 sunitarum
645 4119 731 4177 paene
749 4108 840 4176 esput'
853 4109 911 4157 viae
932 4106 1055 4175 Aquiliae
1075 4110 1212 4176 pervenit,
1241 4110 1364 4176 quamsi
1385 4124 1436 4178 per

127 4177 241 4231 eandem
259 4181 421 4231 continuum
440 4174 549 4231 iecisset
576 4183 637 4231 iter.
684 4178 766 4248 Quod
792 4185 819 4231 iu
847 4177 946 4232 tabulis
972 4183 1024 4250 ipsi
1051 4176 1131 4231 facile
1160 4178 1232 4231 oculi
1262 4179 1434 4233 iudicabunt.

127 4253 236 4325 Aquilia
256 4267 337 4325 porro
358 4255 386 4303 itt
405 4254 522 4323 Appiam
543 4251 651 4316 ibatur,
670 4252 762 4322 Caput
782 4256 933 4325 petebatur.
974 4253 1105 4305 Convenit
1129 4254 1182 4307 hoc
1202 4254 1285 4323 probe
1305 4270 1368 4306 cum
1390 4270 1433 4319 eo,

126 4328 198 4397 quod
219 4324 245 4380 d.
266 4345 289 4379 c.
304 4333 330 4381 2.
351 4325 458 4379 Tullius
476 4342 586 4392 narrat,
605 4327 708 4377 medios
720 4327 772 4378 sibi
784 4346 802 4377 rs
814 4328 844 4380 C.
859 4328 951 4380 Verre
963 4327 1081 4378 insidias
1092 4336 1170 4379 terra
1182 4327 1434 4399 mnriqnefaetnsr

126 4405 332 4472 maritimasque
352 4400 400 4453 has
420 4406 564 4472 praecipue
601 4400 764 4469 diligentia,
799 4418 878 4472 quant
900 4417 1051 4465 memorat,
1077 4418 1125 4454 sua
1145 4401 1277 4456 devitatae
1297 4402 1433 4468 arbitror,

126 4475 265 4528 celeritate
286 4475 395 4528 scilicet
416 4491 442 4529 et
462 4474 641 4547 parvuloillo
660 4476 797 4546 navigio.”
821 4476 955 4530 Gauii.

126 4624 183 4679 Vb
203 4549 272 4602 lbid.
291 4550 411 4616 Vibone]
432 4549 491 4605 aid.
512 4565 540 4604 et
559 4567 633 4621 seqq.
665 4577 703 4590 -
732 4549 830 4601 inbono
856 4552 946 4604 Ptine.
966 4548 1073 4604 Berald.
1093 4551 1139 4605 hic
1165 4556 1194 4605 ln
1213 4555 1350 4624 margine:
1371 4548 1435 4617 ,sel

156 4630 166 4675 i
184 4626 262 4676 one.’'

201 4697 271 4753 lbld.
294 4697 381 4777 Tam]⁴
397 4699 488 4753 Princ.
509 4697 616 4752 Berald.
637 4688 699 4754 bld.
719 4696 786 4757 Lod.
806 4727 841 4743 -·
862 4707 921 4751 item
939 4698 1038 4753 Ceteri.
