<?xml version="1.0" encoding="UTF-8"?>
<!DOCTYPE html PUBLIC "-//W3C//DTD XHTML 1.0 Transitional//EN"
    "http://www.w3.org/TR/xhtml1/DTD/xhtml1-transitional.dtd">
<html xmlns="http://www.w3.org/1999/xhtml" xml:lang="en" lang="en">
 <head>
  <title>
</title>
<meta http-equiv="Content-Type" content="text/html;charset=utf-8" />
  <meta name='ocr-system' content='tesseract 3.04.00' />
  <meta name='ocr-capabilities' content='ocr_page ocr_carea ocr_par ocr_line ocrx_word'/>
</head>
<body>
  <div class='ocr_page' id='page_1' title='image "./operaquaesupers03halmgoog/operaquaesupers03halmgoog_0314.png"; bbox 0 0 3210 5280; ppageno 0'>
   <div class='ocr_carea' id='block_1_1' title="bbox 499 190 1430 263">
    <p class='ocr_par' dir='ltr' id='par_1_1' title="bbox 499 190 1430 263">
     <span class='ocr_line' id='line_1_1' title="bbox 499 190 1430 263; baseline 0.006 -7"><span class='ocrx_word' id='word_1_1' title='bbox 499 192 548 256; x_wconf 81' lang='lat' dir='ltr'>ill</span> <span class='ocrx_word' id='word_1_2' title='bbox 571 191 714 258; x_wconf 76' lang='lat' dir='ltr'>cunt.</span> <span class='ocrx_word' id='word_1_3' title='bbox 737 191 832 259; x_wconf 81' lang='lat' dir='ltr'>Plio</span> <span class='ocrx_word' id='word_1_4' title='bbox 854 190 1053 259; x_wconf 81' lang='lat' dir='ltr'><strong>MlLONE.</strong></span> <span class='ocrx_word' id='word_1_5' title='bbox 1367 196 1430 263; x_wconf 81' lang='lat' dir='ltr'>iti</span> 
     </span>
    </p>
   </div>
   <div class='ocr_carea' id='block_1_2' title="bbox 194 311 1229 439">
    <p class='ocr_par' dir='ltr' id='par_1_2' title="bbox 194 311 1229 439">
     <span class='ocr_line' id='line_1_2' title="bbox 194 311 1229 439; baseline -0.001 -26"><span class='ocrx_word' id='word_1_6' title='bbox 194 333 231 413; x_wconf 80' lang='lat'>2.</span> <span class='ocrx_word' id='word_1_7' title='bbox 258 335 376 439; x_wconf 82' lang='lat' dir='ltr'>Quum</span> <span class='ocrx_word' id='word_1_8' title='bbox 403 335 448 410; x_wconf 90' lang='lat' dir='ltr'>P.</span> <span class='ocrx_word' id='word_1_9' title='bbox 475 335 652 410; x_wconf 79' lang='lat' dir='ltr'>Africano</span> <span class='ocrx_word' id='word_1_10' title='bbox 678 311 777 410; x_wconf 89' lang='lat' dir='ltr'>domi</span> <span class='ocrx_word' id='word_1_11' title='bbox 803 361 891 411; x_wconf 87' lang='lat' dir='ltr'>suae</span> <span class='ocrx_word' id='word_1_12' title='bbox 917 337 1229 437; x_wconf 83' lang='lat' dir='ltr'>conquiescenti¹.</span> 
     </span>
    </p>
   </div>
   <div class='ocr_carea' id='block_1_3' title="bbox 116 450 1557 1844">
    <p class='ocr_par' dir='ltr' id='par_1_3' title="bbox 116 450 1557 1844">
     <span class='ocr_line' id='line_1_3' title="bbox 203 450 1429 536; baseline 0.004 -17"><span class='ocrx_word' id='word_1_13' title='bbox 203 455 267 520; x_wconf 89' lang='lat' dir='ltr'>Hic</span> <span class='ocrx_word' id='word_1_14' title='bbox 288 457 330 520; x_wconf 87' lang='grc' dir='ltr'>Ρ.</span> <span class='ocrx_word' id='word_1_15' title='bbox 353 450 463 536; x_wconf 78' lang='lat' dir='ltr'>Scipio</span> <span class='ocrx_word' id='word_1_16' title='bbox 485 453 697 528; x_wconf 79' lang='lat' dir='ltr'>Aemilianus,</span> <span class='ocrx_word' id='word_1_17' title='bbox 722 464 756 516; x_wconf 90' lang='lat' dir='ltr'>ut</span> <span class='ocrx_word' id='word_1_18' title='bbox 777 454 808 516; x_wconf 88' lang='lat' dir='ltr'>in</span> <span class='ocrx_word' id='word_1_19' title='bbox 828 474 1004 536; x_wconf 88' lang='lat' dir='ltr'>proxumae</span> <span class='ocrx_word' id='word_1_20' title='bbox 1027 455 1179 520; x_wconf 87' lang='lat' dir='ltr'>orationis</span> <span class='ocrx_word' id='word_1_21' title='bbox 1202 458 1429 525; x_wconf 87' lang='lat' dir='ltr'>commentario</span> 
     </span>
     <span class='ocr_line' id='line_1_4' title="bbox 116 545 1428 628; baseline 0.002 -12"><span class='ocrx_word' id='word_1_22' title='bbox 116 550 180 616; x_wconf 85' lang='lat' dir='ltr'>iana·</span> <span class='ocrx_word' id='word_1_23' title='bbox 207 550 334 615; x_wconf 88' lang='lat' dir='ltr'>locutus</span> <span class='ocrx_word' id='word_1_24' title='bbox 360 568 448 621; x_wconf 84' lang='lat' dir='ltr'>sirm,</span> <span class='ocrx_word' id='word_1_25' title='bbox 480 568 575 628; x_wconf 92' lang='lat' dir='ltr'>quum</span> <span class='ocrx_word' id='word_1_26' title='bbox 602 545 790 610; x_wconf 88' lang='lat' dir='ltr'>Latinorum</span> <span class='ocrx_word' id='word_1_27' title='bbox 819 568 942 611; x_wconf 85' lang='lat' dir='ltr'>causam</span> <span class='ocrx_word' id='word_1_28' title='bbox 975 548 1137 613; x_wconf 88' lang='lat' dir='ltr'>societatis</span> <span class='ocrx_word' id='word_1_29' title='bbox 1160 549 1230 614; x_wconf 89' lang='lat' dir='ltr'>iure</span> <span class='ocrx_word' id='word_1_30' title='bbox 1251 563 1362 616; x_wconf 85' lang='lat' dir='ltr'>contra</span> <span class='ocrx_word' id='word_1_31' title='bbox 1385 551 1428 618; x_wconf 86' lang='lat' dir='ltr'>C.</span> 
     </span>
     <span class='ocr_line' id='line_1_5' title="bbox 119 639 1429 727; baseline 0.001 -18"><span class='ocrx_word' id='word_1_32' title='bbox 119 645 299 710; x_wconf 85' lang='lat' dir='ltr'>Gracchum</span> <span class='ocrx_word' id='word_1_33' title='bbox 322 639 521 706; x_wconf 86' lang='lat' dir='ltr'>triumvirum</span> <span class='ocrx_word' id='word_1_34' title='bbox 546 639 675 722; x_wconf 87' lang='lat' dir='ltr'>eiusque</span> <span class='ocrx_word' id='word_1_35' title='bbox 699 639 840 725; x_wconf 82' lang='lat' dir='ltr'>collegas</span> <span class='ocrx_word' id='word_1_36' title='bbox 862 652 1104 725; x_wconf 82' lang='lat' dir='ltr'>perseveranter</span> <span class='ocrx_word' id='word_1_37' title='bbox 1121 643 1314 727; x_wconf 37' lang='lat' dir='ltr'>,defensurus</span> <span class='ocrx_word' id='word_1_38' title='bbox 1334 659 1429 725; x_wconf 84' lang='lat' dir='ltr'>esset,</span> 
     </span>
     <span class='ocr_line' id='line_1_6' title="bbox 118 732 1503 823; baseline -0.001 -21"><span class='ocrx_word' id='word_1_39' title='bbox 118 758 158 802; x_wconf 89' lang='lat' dir='ltr'>ne</span> <span class='ocrx_word' id='word_1_40' title='bbox 183 758 262 823; x_wconf 83' lang='lat' dir='ltr'>ager</span> <span class='ocrx_word' id='word_1_41' title='bbox 294 735 434 817; x_wconf 89' lang='lat' dir='ltr'>ipsorum</span> <span class='ocrx_word' id='word_1_42' title='bbox 461 733 672 808; x_wconf 82' lang='lat' dir='ltr'>divideretur,</span> <span class='ocrx_word' id='word_1_43' title='bbox 702 733 863 815; x_wconf 83' lang='lat' dir='ltr'>repentina</span> <span class='ocrx_word' id='word_1_44' title='bbox 896 747 998 800; x_wconf 88' lang='lat' dir='ltr'>morte</span> <span class='ocrx_word' id='word_1_45' title='bbox 1029 735 1114 800; x_wconf 86' lang='lat' dir='ltr'>dorni</span> <span class='ocrx_word' id='word_1_46' title='bbox 1138 757 1213 799; x_wconf 90' lang='lat' dir='ltr'>suae</span> <span class='ocrx_word' id='word_1_47' title='bbox 1238 736 1455 821; x_wconf 76' lang='lat' dir='ltr'>interceptuss</span> <span class='ocrx_word' id='word_1_48' title='bbox 1498 732 1503 747; x_wconf 85' lang='lat'>&#39;</span> 
     </span>
     <span class='ocr_line' id='line_1_7' title="bbox 118 824 1428 912; baseline 0.001 -17"><span class='ocrx_word' id='word_1_49' title='bbox 118 842 185 907; x_wconf 88' lang='lat' dir='ltr'>est,</span> <span class='ocrx_word' id='word_1_50' title='bbox 208 851 271 894; x_wconf 90' lang='lat' dir='ltr'>non</span> <span class='ocrx_word' id='word_1_51' title='bbox 293 830 360 892; x_wconf 88' lang='lat' dir='ltr'>siue</span> <span class='ocrx_word' id='word_1_52' title='bbox 382 828 507 890; x_wconf 82' lang='lat' dir='ltr'>iufamia</span> <span class='ocrx_word' id='word_1_53' title='bbox 523 838 554 888; x_wconf 90' lang='lat' dir='ltr'>et</span> <span class='ocrx_word' id='word_1_54' title='bbox 569 824 664 907; x_wconf 89' lang='lat' dir='ltr'>ipsius</span> <span class='ocrx_word' id='word_1_55' title='bbox 686 825 732 890; x_wconf 87' lang='lat' dir='ltr'>C.</span> <span class='ocrx_word' id='word_1_56' title='bbox 750 829 889 893; x_wconf 76' lang='lat' dir='ltr'>Gracchi</span> <span class='ocrx_word' id='word_1_57' title='bbox 904 832 957 893; x_wconf 71' lang='lat' dir='ltr'>ei²</span> <span class='ocrx_word' id='word_1_58' title='bbox 979 829 1090 893; x_wconf 84' lang='lat' dir='ltr'>aaxoris</span> <span class='ocrx_word' id='word_1_59' title='bbox 1111 850 1185 892; x_wconf 90' lang='lat' dir='ltr'>suae</span> <span class='ocrx_word' id='word_1_60' title='bbox 1201 830 1428 912; x_wconf 81' lang='lat' dir='ltr'>Semproniae:</span> 
     </span>
     <span class='ocr_line' id='line_1_8' title="bbox 118 917 1431 1011; baseline 0 -25"><span class='ocrx_word' id='word_1_61' title='bbox 118 925 173 1011; x_wconf 92' lang='lat' dir='ltr'>qui</span> <span class='ocrx_word' id='word_1_62' title='bbox 195 923 331 988; x_wconf 79' lang='lat' dir='ltr'>excessit</span> <span class='ocrx_word' id='word_1_63' title='bbox 353 921 415 985; x_wconf 85' lang='lat' dir='ltr'>vita</span> <span class='ocrx_word' id='word_1_64' title='bbox 438 941 495 985; x_wconf 87' lang='lat' dir='ltr'>sex</span> <span class='ocrx_word' id='word_1_65' title='bbox 519 931 552 984; x_wconf 89' lang='lat' dir='ltr'>ct</span> <span class='ocrx_word' id='word_1_66' title='bbox 577 917 801 1003; x_wconf 70' lang='lat' dir='ltr'>quinquaginta</span> <span class='ocrx_word' id='word_1_67' title='bbox 826 941 925 984; x_wconf 86' lang='lat' dir='ltr'>annos</span> <span class='ocrx_word' id='word_1_68' title='bbox 946 933 1057 996; x_wconf 88' lang='lat' dir='ltr'>natus;</span> <span class='ocrx_word' id='word_1_69' title='bbox 1081 919 1112 984; x_wconf 90' lang='lat' dir='ltr'>iu</span> <span class='ocrx_word' id='word_1_70' title='bbox 1135 922 1265 1005; x_wconf 83' lang='lat' dir='ltr'>eiusque</span> <span class='ocrx_word' id='word_1_71' title='bbox 1286 922 1431 987; x_wconf 86' lang='lat' dir='ltr'>lancibus</span> 
     </span>
     <span class='ocr_line' id='line_1_9' title="bbox 120 1012 1430 1101; baseline -0.003 -20"><span class='ocrx_word' id='word_1_72' title='bbox 120 1016 256 1101; x_wconf 85' lang='lat' dir='ltr'>vestigia</span> <span class='ocrx_word' id='word_1_73' title='bbox 272 1015 384 1079; x_wconf 80' lang='lat' dir='ltr'>livoris</span> <span class='ocrx_word' id='word_1_74' title='bbox 399 1015 525 1078; x_wconf 82' lang='lat' dir='ltr'>inventa</span> <span class='ocrx_word' id='word_1_75' title='bbox 541 1024 624 1076; x_wconf 86' lang='lat' dir='ltr'>sunt.</span> <span class='ocrx_word' id='word_1_76' title='bbox 668 1012 772 1093; x_wconf 81' lang='lat' dir='ltr'>Super</span> <span class='ocrx_word' id='word_1_77' title='bbox 793 1012 860 1077; x_wconf 88' lang='lat' dir='ltr'>cius</span> <span class='ocrx_word' id='word_1_78' title='bbox 880 1014 1024 1078; x_wconf 77' lang='lat' dir='ltr'>laudibus</span> <span class='ocrx_word' id='word_1_79' title='bbox 1045 1025 1131 1077; x_wconf 84' lang='lat' dir='ltr'>extat</span> <span class='ocrx_word' id='word_1_80' title='bbox 1156 1013 1259 1077; x_wconf 87' lang='lat' dir='ltr'>oratio</span> <span class='ocrx_word' id='word_1_81' title='bbox 1279 1013 1321 1079; x_wconf 85' lang='lat' dir='ltr'>C.</span> <span class='ocrx_word' id='word_1_82' title='bbox 1336 1014 1430 1078; x_wconf 87' lang='lat' dir='ltr'>Laeli</span> 
     </span>
     <span class='ocr_line' id='line_1_10' title="bbox 119 1102 1528 1194; baseline -0.005 -18"><span class='ocrx_word' id='word_1_83' title='bbox 119 1111 287 1194; x_wconf 87' lang='lat' dir='ltr'>sapientis,</span> <span class='ocrx_word' id='word_1_84' title='bbox 317 1131 379 1193; x_wconf 93' lang='lat' dir='ltr'>qua</span> <span class='ocrx_word' id='word_1_85' title='bbox 404 1131 479 1172; x_wconf 83' lang='lat' dir='ltr'>aistis</span> <span class='ocrx_word' id='word_1_86' title='bbox 503 1107 627 1169; x_wconf 88' lang='lat' dir='ltr'>videtur</span> <span class='ocrx_word' id='word_1_87' title='bbox 652 1102 692 1184; x_wconf 86' lang='lat' dir='ltr'>Q.</span> <span class='ocrx_word' id='word_1_88' title='bbox 718 1105 837 1170; x_wconf 85' lang='lat' dir='ltr'>Fabius</span> <span class='ocrx_word' id='word_1_89' title='bbox 866 1107 1026 1170; x_wconf 84' lang='lat' dir='ltr'>Maximus</span> <span class='ocrx_word' id='word_1_90' title='bbox 1051 1107 1083 1170; x_wconf 94' lang='lat' dir='ltr'>in</span> <span class='ocrx_word' id='word_1_91' title='bbox 1113 1105 1289 1170; x_wconf 83' lang='lat' dir='ltr'>laudatione</span> <span class='ocrx_word' id='word_1_92' title='bbox 1314 1107 1431 1171; x_wconf 86' lang='lat' dir='ltr'>mortui</span> <span class='ocrx_word' id='word_1_93' title='bbox 1525 1158 1528 1169; x_wconf 92' lang='lat'><strong>.</strong></span> 
     </span>
     <span class='ocr_line' id='line_1_11' title="bbox 121 1201 1474 1286; baseline 0.001 -17"><span class='ocrx_word' id='word_1_94' title='bbox 121 1203 299 1286; x_wconf 69' lang='lat' dir='ltr'>Scipionis,</span> <span class='ocrx_word' id='word_1_95' title='bbox 320 1201 351 1264; x_wconf 91' lang='lat' dir='ltr'>in</span> <span class='ocrx_word' id='word_1_96' title='bbox 367 1202 455 1265; x_wconf 89' lang='lat' dir='ltr'>cuius</span> <span class='ocrx_word' id='word_1_97' title='bbox 471 1211 610 1265; x_wconf 84' lang='lat' dir='ltr'>extrema</span> <span class='ocrx_word' id='word_1_98' title='bbox 625 1208 716 1279; x_wconf 89' lang='lat' dir='ltr'>parte</span> <span class='ocrx_word' id='word_1_99' title='bbox 734 1201 809 1262; x_wconf 90' lang='lat' dir='ltr'>haee</span> <span class='ocrx_word' id='word_1_100' title='bbox 825 1202 922 1264; x_wconf 87' lang='lat' dir='ltr'>verba</span> <span class='ocrx_word' id='word_1_101' title='bbox 939 1212 1030 1264; x_wconf 83' lang='lat' dir='ltr'>saint:</span> <span class='ocrx_word' id='word_1_102' title='bbox 1055 1201 1167 1281; x_wconf 79' lang='lat' dir='ltr'>Quia</span> <span class='ocrx_word' id='word_1_103' title='bbox 1191 1201 1431 1266; x_wconf 81' lang='lat' dir='ltr'><strong>PROPTEE³</strong></span> <span class='ocrx_word' id='word_1_104' title='bbox 1443 1220 1474 1272; x_wconf 87' lang='lat' dir='ltr'>tc</span> 
     </span>
     <span class='ocr_line' id='line_1_12' title="bbox 120 1291 1431 1379; baseline -0.002 -18"><span class='ocrx_word' id='word_1_105' title='bbox 120 1296 278 1378; x_wconf 78' lang='lat' dir='ltr'><strong>NEQUE</strong></span> <span class='ocrx_word' id='word_1_106' title='bbox 318 1297 476 1360; x_wconf 75' lang='lat' dir='ltr'>TAlt&#39;l&#39;u</span> <span class='ocrx_word' id='word_1_107' title='bbox 514 1291 607 1379; x_wconf 72' lang='lat' dir='ltr'>ulls</span> <span class='ocrx_word' id='word_1_108' title='bbox 644 1291 1002 1359; x_wconf 78' lang='lat' dir='ltr'><strong>INMOR&#39;I&#39;ALIBUS</strong></span> <span class='ocrx_word' id='word_1_109' title='bbox 1038 1294 1217 1358; x_wconf 83' lang='lat' dir='ltr'>GRATlA</span> <span class='ocrx_word' id='word_1_110' title='bbox 1253 1293 1431 1359; x_wconf 82' lang='lat' dir='ltr'>HABElll</span> 
     </span>
     <span class='ocr_line' id='line_1_13' title="bbox 118 1384 1557 1469; baseline -0.001 -14"><span class='ocrx_word' id='word_1_111' title='bbox 118 1391 321 1464; x_wconf 84' lang='lat' dir='ltr'><strong>POTEST,</strong></span> <span class='ocrx_word' id='word_1_112' title='bbox 362 1388 557 1469; x_wconf 80' lang='lat' dir='ltr'>QUAN&#39;l&#39;A</span> <span class='ocrx_word' id='word_1_113' title='bbox 582 1384 810 1451; x_wconf 82' lang='lat' dir='ltr'><strong>HABENDA</strong></span> <span class='ocrx_word' id='word_1_114' title='bbox 832 1391 938 1465; x_wconf 85' lang='lat' dir='ltr'><strong>EST,</strong></span> <span class='ocrx_word' id='word_1_115' title='bbox 978 1387 1107 1469; x_wconf 87' lang='lat' dir='ltr'><strong>QUOD</strong></span> <span class='ocrx_word' id='word_1_116' title='bbox 1129 1389 1170 1451; x_wconf 90' lang='lat' dir='ltr'>is</span> <span class='ocrx_word' id='word_1_117' title='bbox 1193 1385 1295 1453; x_wconf 85' lang='lat' dir='ltr'>CUM</span> <span class='ocrx_word' id='word_1_118' title='bbox 1318 1387 1431 1453; x_wconf 88' lang='lat' dir='ltr'>lLLO</span> <span class='ocrx_word' id='word_1_119' title='bbox 1554 1448 1557 1453; x_wconf 89' lang='grc'><em>,</em></span> 
     </span>
     <span class='ocr_line' id='line_1_14' title="bbox 119 1476 1431 1563; baseline -0.002 -14"><span class='ocrx_word' id='word_1_120' title='bbox 119 1484 280 1549; x_wconf 81' lang='lat' dir='ltr'><strong>ANIMO</strong></span> <span class='ocrx_word' id='word_1_121' title='bbox 309 1484 468 1563; x_wconf 84' lang='lat' dir='ltr'><strong>ATQUE</strong></span> <span class='ocrx_word' id='word_1_122' title='bbox 500 1476 696 1549; x_wconf 83' lang='lat' dir='ltr'>lNGENlO</span> <span class='ocrx_word' id='word_1_123' title='bbox 724 1481 842 1546; x_wconf 75' lang='lat' dir='ltr'><strong>HAC⁴</strong></span> <span class='ocrx_word' id='word_1_124' title='bbox 875 1482 1104 1563; x_wconf 74' lang='lat' dir='ltr'>ClVl&#39;l‘ATE</span> <span class='ocrx_word' id='word_1_125' title='bbox 1137 1481 1431 1548; x_wconf 85' lang='lat' dir='ltr'><strong>POTISSlMUM</strong></span> 
     </span>
     <span class='ocr_line' id='line_1_15' title="bbox 119 1575 1428 1657; baseline -0.001 -18"><span class='ocrx_word' id='word_1_126' title='bbox 119 1578 273 1640; x_wconf 73' lang='lat' dir='ltr'>uA&#39;ile</span> <span class='ocrx_word' id='word_1_127' title='bbox 290 1577 396 1638; x_wconf 83' lang='lat' dir='ltr'><strong>EST:</strong></span> <span class='ocrx_word' id='word_1_128' title='bbox 421 1575 578 1654; x_wconf 85' lang='lat' dir='ltr'><strong>NEQUE</strong></span> <span class='ocrx_word' id='word_1_129' title='bbox 596 1575 677 1640; x_wconf 77' lang='lat' dir='ltr'>l&#39;l‘A</span> <span class='ocrx_word' id='word_1_130' title='bbox 693 1576 915 1640; x_wconf 82' lang='lat' dir='ltr'><strong>MOLES&#39;I&#39;E</strong></span> <span class='ocrx_word' id='word_1_131' title='bbox 932 1576 1089 1657; x_wconf 82' lang='lat' dir='ltr'>A&#39;l&#39;QUE</span> <span class='ocrx_word' id='word_1_132' title='bbox 1106 1576 1264 1640; x_wconf 86' lang='lat' dir='ltr'><strong>AEGRE</strong></span> <span class='ocrx_word' id='word_1_133' title='bbox 1286 1576 1428 1641; x_wconf 84' lang='lat' dir='ltr'>FERRl</span> 
     </span>
     <span class='ocr_line' id='line_1_16' title="bbox 119 1667 1476 1750; baseline -0.007 -17"><span class='ocrx_word' id='word_1_134' title='bbox 119 1668 256 1748; x_wconf 79' lang='lat' dir='ltr'><strong>QUAM</strong></span> <span class='ocrx_word' id='word_1_135' title='bbox 300 1670 563 1749; x_wconf 77' lang='lat' dir='ltr'><strong>FEEUNDUM</strong></span> <span class='ocrx_word' id='word_1_136' title='bbox 600 1671 708 1744; x_wconf 89' lang='lat' dir='ltr'><strong>EST,</strong></span> <span class='ocrx_word' id='word_1_137' title='bbox 746 1668 881 1750; x_wconf 85' lang='lat' dir='ltr'><strong>QUUM</strong></span> <span class='ocrx_word' id='word_1_138' title='bbox 917 1668 978 1732; x_wconf 92' lang='lat' dir='ltr'><strong>EO</strong></span> <span class='ocrx_word' id='word_1_139' title='bbox 1015 1667 1182 1733; x_wconf 87' lang='lat' dir='ltr'><strong>MORBO</strong></span> <span class='ocrx_word' id='word_1_140' title='bbox 1221 1668 1476 1733; x_wconf 80' lang='lat' dir='ltr'><strong>MORTEMtt</strong></span> 
     </span>
     <span class='ocr_line' id='line_1_17' title="bbox 122 1761 1433 1844; baseline 0 -18"><span class='ocrx_word' id='word_1_141' title='bbox 122 1762 252 1826; x_wconf 86' lang='lat' dir='ltr'>OBllT</span> <span class='ocrx_word' id='word_1_142' title='bbox 275 1763 337 1826; x_wconf 81' lang='lat' dir='ltr'>Et·</span> <span class='ocrx_word' id='word_1_143' title='bbox 360 1762 407 1825; x_wconf 85' lang='lat' dir='ltr'>lu</span> <span class='ocrx_word' id='word_1_144' title='bbox 431 1763 602 1828; x_wconf 84' lang='lat' dir='ltr'><strong>EODEM</strong></span> <span class='ocrx_word' id='word_1_145' title='bbox 624 1763 855 1829; x_wconf 81' lang='lat' dir='ltr'><strong>TEMPORE</strong></span> <span class='ocrx_word' id='word_1_146' title='bbox 877 1762 1079 1839; x_wconf 67' lang='lat' dir='ltr'>PEull&#39;i&#39;t,</span> <span class='ocrx_word' id='word_1_147' title='bbox 1108 1762 1244 1844; x_wconf 77' lang='lat' dir='ltr'>Quum</span> <span class='ocrx_word' id='word_1_148' title='bbox 1264 1763 1326 1826; x_wconf 83' lang='lat' dir='ltr'><strong>ET</strong></span> <span class='ocrx_word' id='word_1_149' title='bbox 1349 1761 1433 1826; x_wconf 89' lang='lat' dir='ltr'>VO-</span> 
     </span>
    </p>
   </div>
   <div class='ocr_carea' id='block_1_4' title="bbox 192 1963 1437 2581">
    <p class='ocr_par' dir='ltr' id='par_1_4' title="bbox 192 1963 1437 2581">
     <span class='ocr_line' id='line_1_18' title="bbox 192 1963 1434 2028; baseline -0.002 -16"><span class='ocrx_word' id='word_1_150' title='bbox 192 1966 217 2014; x_wconf 88' lang='lat' dir='ltr'>l.</span> <span class='ocrx_word' id='word_1_151' title='bbox 237 1967 297 2012; x_wconf 80' lang='lat' dir='ltr'>eoi.</span> <span class='ocrx_word' id='word_1_152' title='bbox 316 1965 515 2026; x_wconf 80' lang='lat' dir='ltr'>conquiescends&#39;.</span> <span class='ocrx_word' id='word_1_153' title='bbox 550 1966 611 2012; x_wconf 86' lang='lat' dir='ltr'>Edd.</span> <span class='ocrx_word' id='word_1_154' title='bbox 636 1967 783 2027; x_wconf 79' lang='lat' dir='ltr'>quiescenti.</span> <span class='ocrx_word' id='word_1_155' title='bbox 822 1963 847 2011; x_wconf 81' lang='lat' dir='ltr'>i.</span> <span class='ocrx_word' id='word_1_156' title='bbox 872 1966 933 2014; x_wconf 83' lang='lat' dir='ltr'>Coi.</span> <span class='ocrx_word' id='word_1_157' title='bbox 953 1971 988 2011; x_wconf 85' lang='lat' dir='ltr'>at.</span> <span class='ocrx_word' id='word_1_158' title='bbox 1025 1963 1051 2014; x_wconf 81' lang='grc'>3.</span> <span class='ocrx_word' id='word_1_159' title='bbox 1077 1963 1151 2026; x_wconf 65' lang='lat' dir='ltr'>(lag.</span> <span class='ocrx_word' id='word_1_160' title='bbox 1175 1964 1340 2028; x_wconf 73' lang='lat' dir='ltr'>Quapropter.</span> <span class='ocrx_word' id='word_1_161' title='bbox 1372 1963 1434 2023; x_wconf 91' lang='lat' dir='ltr'>Oa.)</span> 
     </span>
     <span class='ocr_line' id='line_1_19' title="bbox 259 2029 1433 2096; baseline -0.002 -16"><span class='ocrx_word' id='word_1_162' title='bbox 259 2034 284 2081; x_wconf 88' lang='lat' dir='ltr'>i.</span> <span class='ocrx_word' id='word_1_163' title='bbox 304 2037 402 2080; x_wconf 85' lang='lat' dir='ltr'>Mallem</span> <span class='ocrx_word' id='word_1_164' title='bbox 419 2037 446 2079; x_wconf 87' lang='lat' dir='ltr'>in</span> <span class='ocrx_word' id='word_1_165' title='bbox 462 2033 525 2091; x_wconf 83' lang='lat' dir='ltr'>hcc,</span> <span class='ocrx_word' id='word_1_166' title='bbox 545 2041 569 2080; x_wconf 89' lang='lat' dir='ltr'>ut</span> <span class='ocrx_word' id='word_1_167' title='bbox 587 2036 670 2081; x_wconf 87' lang='lat' dir='ltr'>scribit</span> <span class='ocrx_word' id='word_1_168' title='bbox 683 2036 769 2080; x_wconf 86' lang='lat' dir='ltr'>Cicero</span> <span class='ocrx_word' id='word_1_169' title='bbox 788 2035 811 2080; x_wconf 86' lang='lat' dir='ltr'>in</span> <span class='ocrx_word' id='word_1_170' title='bbox 824 2034 930 2081; x_wconf 86' lang='lat' dir='ltr'>subiecto</span> <span class='ocrx_word' id='word_1_171' title='bbox 943 2037 1005 2080; x_wconf 87' lang='lat' dir='ltr'>loro.</span> <span class='ocrx_word' id='word_1_172' title='bbox 1043 2033 1068 2080; x_wconf 79' lang='grc'>5.</span> <span class='ocrx_word' id='word_1_173' title='bbox 1086 2029 1163 2096; x_wconf 83' lang='lat' dir='ltr'>(Coi.</span> <span class='ocrx_word' id='word_1_174' title='bbox 1182 2048 1237 2079; x_wconf 85' lang='lat' dir='ltr'>seraa</span> <span class='ocrx_word' id='word_1_175' title='bbox 1249 2049 1278 2080; x_wconf 88' lang='lat' dir='ltr'>eo</span> <span class='ocrx_word' id='word_1_176' title='bbox 1289 2033 1433 2080; x_wconf 83' lang='lat' dir='ltr'>morborum</span> 
     </span>
     <span class='ocr_line' id='line_1_20' title="bbox 259 2103 1432 2164; baseline -0.003 -13"><span class='ocrx_word' id='word_1_177' title='bbox 259 2112 282 2151; x_wconf 87' lang='lat' dir='ltr'>ie</span> <span class='ocrx_word' id='word_1_178' title='bbox 298 2107 385 2160; x_wconf 78' lang='lat' dir='ltr'>morit,</span> <span class='ocrx_word' id='word_1_179' title='bbox 405 2111 429 2150; x_wconf 88' lang='lat' dir='ltr'>et</span> <span class='ocrx_word' id='word_1_180' title='bbox 445 2106 472 2149; x_wconf 87' lang='lat' dir='ltr'>in</span> <span class='ocrx_word' id='word_1_181' title='bbox 489 2103 573 2150; x_wconf 83' lang='lat' dir='ltr'>eodem</span> <span class='ocrx_word' id='word_1_182' title='bbox 591 2112 700 2164; x_wconf 86' lang='lat' dir='ltr'>isaspors</span> <span class='ocrx_word' id='word_1_183' title='bbox 715 2109 805 2164; x_wconf 80' lang='lat' dir='ltr'>petati.</span> <span class='ocrx_word' id='word_1_184' title='bbox 826 2107 885 2149; x_wconf 84' lang='lat' dir='ltr'>ends</span> <span class='ocrx_word' id='word_1_185' title='bbox 899 2106 977 2149; x_wconf 78' lang='lat' dir='ltr'>Malus</span> <span class='ocrx_word' id='word_1_186' title='bbox 992 2105 1062 2150; x_wconf 85' lang='lat' dir='ltr'>laeli:</span> <span class='ocrx_word' id='word_1_187' title='bbox 1081 2117 1111 2148; x_wconf 91' lang='lat' dir='ltr'>so</span> <span class='ocrx_word' id='word_1_188' title='bbox 1127 2103 1211 2149; x_wconf 81' lang='lat' dir='ltr'>aroris</span> <span class='ocrx_word' id='word_1_189' title='bbox 1228 2104 1305 2159; x_wconf 77' lang='lat' dir='ltr'>obllt5</span> <span class='ocrx_word' id='word_1_190' title='bbox 1323 2105 1365 2150; x_wconf 84' lang='lat' dir='ltr'>sed</span> <span class='ocrx_word' id='word_1_191' title='bbox 1377 2105 1432 2162; x_wconf 74' lang='lat' dir='ltr'>qaid</span> 
     </span>
     <span class='ocr_line' id='line_1_21' title="bbox 260 2169 1435 2241; baseline -0.004 -21"><span class='ocrx_word' id='word_1_192' title='bbox 260 2176 375 2220; x_wconf 85' lang='lat' dir='ltr'>lariamus</span> <span class='ocrx_word' id='word_1_193' title='bbox 393 2175 478 2221; x_wconf 87' lang='lat' dir='ltr'>litteris</span> <span class='ocrx_word' id='word_1_194' title='bbox 496 2189 553 2219; x_wconf 86' lang='lat' dir='ltr'>runa</span> <span class='ocrx_word' id='word_1_195' title='bbox 571 2181 593 2218; x_wconf 88' lang='lat' dir='ltr'>ie</span> <span class='ocrx_word' id='word_1_196' title='bbox 612 2174 654 2220; x_wconf 79' lang='lat' dir='ltr'>ml</span> <span class='ocrx_word' id='word_1_197' title='bbox 673 2175 801 2221; x_wconf 80' lang='lat' dir='ltr'>Manifesta</span> <span class='ocrx_word' id='word_1_198' title='bbox 819 2189 862 2231; x_wconf 85' lang='lat' dir='ltr'>per</span> <span class='ocrx_word' id='word_1_199' title='bbox 873 2169 1032 2238; x_wconf 54' lang='grc' dir='ltr'>μετάθεσιν</span> <span class='ocrx_word' id='word_1_200' title='bbox 1043 2179 1221 2241; x_wconf 81' lang='lat' dir='ltr'>eorruplasuct</span> <span class='ocrx_word' id='word_1_201' title='bbox 1239 2189 1252 2219; x_wconf 89' lang='lat' dir='ltr'>s</span> <span class='ocrx_word' id='word_1_202' title='bbox 1270 2187 1293 2218; x_wconf 83' lang='lat' dir='ltr'>t.</span> <span class='ocrx_word' id='word_1_203' title='bbox 1313 2178 1435 2226; x_wconf 68' lang='lat' dir='ltr'>mortem</span> 
     </span>
     <span class='ocr_line' id='line_1_22' title="bbox 259 2242 1435 2304; baseline -0.003 -16"><span class='ocrx_word' id='word_1_204' title='bbox 259 2246 320 2303; x_wconf 91' lang='lat' dir='ltr'>quod</span> <span class='ocrx_word' id='word_1_205' title='bbox 339 2258 384 2304; x_wconf 78' lang='lat' dir='ltr'>ego</span> <span class='ocrx_word' id='word_1_206' title='bbox 404 2246 504 2289; x_wconf 85' lang='lat' dir='ltr'>inserui.</span> <span class='ocrx_word' id='word_1_207' title='bbox 541 2244 652 2299; x_wconf 76' lang='lat' dir='ltr'>Accedit,</span> <span class='ocrx_word' id='word_1_208' title='bbox 681 2246 743 2302; x_wconf 89' lang='lat' dir='ltr'>quod</span> <span class='ocrx_word' id='word_1_209' title='bbox 762 2249 786 2289; x_wconf 87' lang='lat' dir='ltr'>sl</span> <span class='ocrx_word' id='word_1_210' title='bbox 808 2244 846 2289; x_wconf 88' lang='lat' dir='ltr'>isti</span> <span class='ocrx_word' id='word_1_211' title='bbox 867 2243 937 2288; x_wconf 88' lang='lat' dir='ltr'>aelati</span> <span class='ocrx_word' id='word_1_212' title='bbox 963 2245 1039 2303; x_wconf 66' lang='lat' dir='ltr'>magia</span> <span class='ocrx_word' id='word_1_213' title='bbox 1059 2248 1244 2288; x_wconf 88' lang='lat' dir='ltr'>ccusenlausum</span> <span class='ocrx_word' id='word_1_214' title='bbox 1263 2248 1299 2289; x_wconf 86' lang='lat' dir='ltr'>ssi</span> <span class='ocrx_word' id='word_1_215' title='bbox 1317 2242 1435 2301; x_wconf 67' lang='lat' dir='ltr'>integrum</span> 
     </span>
     <span class='ocr_line' id='line_1_23' title="bbox 260 2312 1434 2371; baseline -0.003 -12"><span class='ocrx_word' id='word_1_216' title='bbox 260 2319 363 2359; x_wconf 84' lang='lat' dir='ltr'>mortem</span> <span class='ocrx_word' id='word_1_217' title='bbox 386 2313 468 2369; x_wconf 85' lang='lat' dir='ltr'>obire,</span> <span class='ocrx_word' id='word_1_218' title='bbox 496 2328 566 2371; x_wconf 90' lang='lat' dir='ltr'>quam</span> <span class='ocrx_word' id='word_1_219' title='bbox 587 2315 717 2370; x_wconf 88' lang='lat' dir='ltr'>elliptieum</span> <span class='ocrx_word' id='word_1_220' title='bbox 737 2314 786 2358; x_wconf 83' lang='lat' dir='ltr'>sire</span> <span class='ocrx_word' id='word_1_221' title='bbox 810 2327 918 2358; x_wconf 84' lang='lat' dir='ltr'>maneum</span> <span class='ocrx_word' id='word_1_222' title='bbox 947 2312 1032 2368; x_wconf 86' lang='lat' dir='ltr'>obire,</span> <span class='ocrx_word' id='word_1_223' title='bbox 1059 2318 1083 2359; x_wconf 90' lang='lat' dir='ltr'>st</span> <span class='ocrx_word' id='word_1_224' title='bbox 1106 2313 1195 2357; x_wconf 81' lang='lat' dir='ltr'>vitatur</span> <span class='ocrx_word' id='word_1_225' title='bbox 1224 2314 1330 2371; x_wconf 69' lang='lat' dir='ltr'>ingratus</span> <span class='ocrx_word' id='word_1_226' title='bbox 1358 2312 1434 2355; x_wconf 86' lang='lat' dir='ltr'>hialas</span> 
     </span>
     <span class='ocr_line' id='line_1_24' title="bbox 260 2381 1436 2442; baseline -0.003 -14"><span class='ocrx_word' id='word_1_227' title='bbox 260 2384 345 2428; x_wconf 84' lang='lat' dir='ltr'>morbo</span> <span class='ocrx_word' id='word_1_228' title='bbox 362 2383 430 2428; x_wconf 80' lang='lat' dir='ltr'>cdlii.</span> <span class='ocrx_word' id='word_1_229' title='bbox 468 2384 530 2427; x_wconf 78' lang='lat' dir='ltr'>&#39;ium</span> <span class='ocrx_word' id='word_1_230' title='bbox 553 2385 634 2427; x_wconf 87' lang='lat' dir='ltr'>sualim</span> <span class='ocrx_word' id='word_1_231' title='bbox 654 2397 708 2428; x_wconf 86' lang='lat' dir='ltr'>enan</span> <span class='ocrx_word' id='word_1_232' title='bbox 730 2384 830 2437; x_wconf 70' lang='lat' dir='ltr'>Meyero</span> <span class='ocrx_word' id='word_1_233' title='bbox 847 2384 874 2426; x_wconf 85' lang='lat' dir='ltr'>s&#39;n</span> <span class='ocrx_word' id='word_1_234' title='bbox 896 2395 925 2427; x_wconf 92' lang='lat' dir='ltr'>so</span> <span class='ocrx_word' id='word_1_235' title='bbox 945 2387 1072 2440; x_wconf 86' lang='lat' dir='ltr'>ismpors,·</span> <span class='ocrx_word' id='word_1_236' title='bbox 1097 2383 1153 2436; x_wconf 78' lang='lat' dir='ltr'>aul.</span> <span class='ocrx_word' id='word_1_237' title='bbox 1172 2381 1228 2427; x_wconf 82' lang='lat' dir='ltr'>dsm</span> <span class='ocrx_word' id='word_1_238' title='bbox 1247 2397 1259 2427; x_wconf 87' lang='lat' dir='ltr'>a</span> <span class='ocrx_word' id='word_1_239' title='bbox 1277 2381 1436 2442; x_wconf 65' lang='lat' dir='ltr'>geminatione</span> 
     </span>
     <span class='ocr_line' id='line_1_25' title="bbox 260 2450 1437 2511; baseline -0.003 -13"><span class='ocrx_word' id='word_1_240' title='bbox 260 2454 380 2510; x_wconf 86' lang='lat' dir='ltr'>sequentis</span> <span class='ocrx_word' id='word_1_241' title='bbox 401 2458 450 2497; x_wconf 83' lang='lat' dir='ltr'>tem</span> <span class='ocrx_word' id='word_1_242' title='bbox 469 2455 562 2498; x_wconf 84' lang='lat' dir='ltr'>videtur</span> <span class='ocrx_word' id='word_1_243' title='bbox 581 2457 643 2498; x_wconf 87' lang='lat' dir='ltr'>criu.</span> <span class='ocrx_word' id='word_1_244' title='bbox 680 2453 786 2511; x_wconf 74' lang='lat' dir='ltr'>lienique</span> <span class='ocrx_word' id='word_1_245' title='bbox 806 2452 894 2498; x_wconf 87' lang='lat' dir='ltr'>haereo</span> <span class='ocrx_word' id='word_1_246' title='bbox 915 2453 937 2497; x_wconf 91' lang='lat' dir='ltr'>iu</span> <span class='ocrx_word' id='word_1_247' title='bbox 957 2465 1019 2510; x_wconf 83' lang='lat' dir='ltr'>opus</span> <span class='ocrx_word' id='word_1_248' title='bbox 1038 2457 1090 2507; x_wconf 91' lang='lat' dir='ltr'>est,</span> <span class='ocrx_word' id='word_1_249' title='bbox 1120 2451 1159 2496; x_wconf 92' lang='lat' dir='ltr'>ubi</span> <span class='ocrx_word' id='word_1_250' title='bbox 1181 2451 1272 2509; x_wconf 80' lang='lat' dir='ltr'>requiri</span> <span class='ocrx_word' id='word_1_251' title='bbox 1295 2450 1437 2507; x_wconf 75' lang='lat' dir='ltr'>ridebalur,</span> 
     </span>
     <span class='ocr_line' id='line_1_26' title="bbox 262 2521 862 2581; baseline 0 -15"><span class='ocrx_word' id='word_1_252' title='bbox 262 2536 325 2581; x_wconf 78' lang='lat' dir='ltr'>opus</span> <span class='ocrx_word' id='word_1_253' title='bbox 342 2528 423 2576; x_wconf 84' lang='lat' dir='ltr'>esset,</span> <span class='ocrx_word' id='word_1_254' title='bbox 452 2527 476 2566; x_wconf 91' lang='lat' dir='ltr'>ni</span> <span class='ocrx_word' id='word_1_255' title='bbox 493 2522 553 2567; x_wconf 85' lang='lat' dir='ltr'>vidit</span> <span class='ocrx_word' id='word_1_256' title='bbox 572 2522 635 2566; x_wconf 87' lang='lat' dir='ltr'>idean</span> <span class='ocrx_word' id='word_1_257' title='bbox 652 2522 774 2577; x_wconf 76' lang='lat' dir='ltr'>Meyerna.</span> <span class='ocrx_word' id='word_1_258' title='bbox 803 2521 862 2577; x_wconf 91' lang='lat' dir='ltr'>Oa.)</span> 
     </span>
    </p>
   </div>
   <div class='ocr_carea' id='block_1_5' title="bbox 124 2639 1495 4814">
    <p class='ocr_par' dir='ltr' id='par_1_5' title="bbox 200 2639 1250 2715">
     <span class='ocr_line' id='line_1_27' title="bbox 200 2639 1250 2715; baseline -0.004 -17"><span class='ocrx_word' id='word_1_259' title='bbox 200 2645 228 2698; x_wconf 82' lang='lat'>2.</span> <span class='ocrx_word' id='word_1_260' title='bbox 248 2641 397 2707; x_wconf 82' lang='lat' dir='ltr'>thcmus,</span> <span class='ocrx_word' id='word_1_261' title='bbox 418 2659 472 2712; x_wconf 89' lang='lat' dir='ltr'>quo</span> <span class='ocrx_word' id='word_1_262' title='bbox 491 2646 604 2695; x_wconf 86' lang='lat' dir='ltr'>uomina</span> <span class='ocrx_word' id='word_1_263' title='bbox 625 2639 748 2715; x_wconf 73' lang='lat' dir='ltr'>designet</span> <span class='ocrx_word' id='word_1_264' title='bbox 766 2639 989 2696; x_wconf 66' lang='lat' dir='ltr'>lucubrationem</span> <span class='ocrx_word' id='word_1_265' title='bbox 1008 2655 1086 2694; x_wconf 82' lang='lat' dir='ltr'>seam</span> <span class='ocrx_word' id='word_1_266' title='bbox 1106 2643 1250 2714; x_wconf 84' lang='lat' dir='ltr'>interpres.</span> 
     </span>
    </p>

    <p class='ocr_par' dir='ltr' id='par_1_6' title="bbox 124 2716 1495 4138">
     <span class='ocr_line' id='line_1_28' title="bbox 200 2716 1441 2791; baseline -0.001 -22"><span class='ocrx_word' id='word_1_267' title='bbox 200 2723 229 2778; x_wconf 74' lang='lat'>5.</span> <span class='ocrx_word' id='word_1_268' title='bbox 250 2716 377 2789; x_wconf 67' lang='lat' dir='ltr'>intellige</span> <span class='ocrx_word' id='word_1_269' title='bbox 399 2720 553 2770; x_wconf 84' lang='lat' dir='ltr'>orationem</span> <span class='ocrx_word' id='word_1_270' title='bbox 575 2733 625 2789; x_wconf 89' lang='lat' dir='ltr'>pro</span> <span class='ocrx_word' id='word_1_271' title='bbox 639 2717 758 2772; x_wconf 81' lang='lat' dir='ltr'>Murena</span> <span class='ocrx_word' id='word_1_272' title='bbox 771 2718 839 2791; x_wconf 82' lang='lat' dir='ltr'>Cap.</span> <span class='ocrx_word' id='word_1_273' title='bbox 858 2716 1008 2782; x_wconf 80' lang='lat' dir='ltr'>xxxvi,</span> <span class='ocrx_word' id='word_1_274' title='bbox 1028 2732 1109 2788; x_wconf 85' lang='lat' dir='ltr'>quam</span> <span class='ocrx_word' id='word_1_275' title='bbox 1129 2720 1232 2790; x_wconf 89' lang='lat' dir='ltr'>pariter</span> <span class='ocrx_word' id='word_1_276' title='bbox 1250 2731 1279 2769; x_wconf 87' lang='lat' dir='ltr'>ae</span> <span class='ocrx_word' id='word_1_277' title='bbox 1298 2729 1441 2768; x_wconf 86' lang='lat' dir='ltr'>sommen-</span> 
     </span>
     <span class='ocr_line' id='line_1_29' title="bbox 125 2789 1440 2864; baseline 0 -20"><span class='ocrx_word' id='word_1_278' title='bbox 125 2794 207 2844; x_wconf 90' lang='lat' dir='ltr'>tariie</span> <span class='ocrx_word' id='word_1_279' title='bbox 228 2791 417 2845; x_wconf 83' lang='lat' dir='ltr'>inlustraclsae</span> <span class='ocrx_word' id='word_1_280' title='bbox 438 2795 476 2844; x_wconf 91' lang='lat' dir='ltr'>ait</span> <span class='ocrx_word' id='word_1_281' title='bbox 496 2792 682 2857; x_wconf 74' lang='lat' dir='ltr'>scholiastes,</span> <span class='ocrx_word' id='word_1_282' title='bbox 700 2797 747 2864; x_wconf 91' lang='lat' dir='ltr'>qui</span> <span class='ocrx_word' id='word_1_283' title='bbox 769 2807 861 2846; x_wconf 89' lang='lat' dir='ltr'>tamen</span> <span class='ocrx_word' id='word_1_284' title='bbox 881 2795 909 2845; x_wconf 93' lang='lat' dir='ltr'>in</span> <span class='ocrx_word' id='word_1_285' title='bbox 930 2806 1027 2844; x_wconf 90' lang='lat' dir='ltr'>manca</span> <span class='ocrx_word' id='word_1_286' title='bbox 1041 2808 1147 2845; x_wconf 85' lang='lat' dir='ltr'>nostras</span> <span class='ocrx_word' id='word_1_287' title='bbox 1161 2789 1283 2844; x_wconf 89' lang='lat' dir='ltr'>noudum</span> <span class='ocrx_word' id='word_1_288' title='bbox 1297 2804 1440 2844; x_wconf 86' lang='lat' dir='ltr'>acuerunt.</span> 
     </span>
     <span class='ocr_line' id='line_1_30' title="bbox 125 2864 1441 2938; baseline -0.004 -16"><span class='ocrx_word' id='word_1_289' title='bbox 125 2865 186 2922; x_wconf 89' lang='lat' dir='ltr'>lam</span> <span class='ocrx_word' id='word_1_290' title='bbox 212 2864 285 2938; x_wconf 91' lang='lat' dir='ltr'>quod</span> <span class='ocrx_word' id='word_1_291' title='bbox 311 2870 349 2919; x_wconf 93' lang='lat' dir='ltr'>ait</span> <span class='ocrx_word' id='word_1_292' title='bbox 376 2883 405 2919; x_wconf 90' lang='lat' dir='ltr'>ee</span> <span class='ocrx_word' id='word_1_293' title='bbox 431 2872 488 2920; x_wconf 82' lang='lat' dir='ltr'>iam</span> <span class='ocrx_word' id='word_1_294' title='bbox 513 2868 632 2919; x_wconf 74' lang='lat' dir='ltr'>beurim</span> <span class='ocrx_word' id='word_1_295' title='bbox 658 2865 692 2919; x_wconf 88' lang='lat' dir='ltr'>do</span> <span class='ocrx_word' id='word_1_296' title='bbox 719 2868 768 2921; x_wconf 86' lang='lat' dir='ltr'>tali</span> <span class='ocrx_word' id='word_1_297' title='bbox 794 2885 825 2921; x_wconf 88' lang='lat' dir='ltr'>re</span> <span class='ocrx_word' id='word_1_298' title='bbox 850 2872 878 2920; x_wconf 91' lang='lat' dir='ltr'>in</span> <span class='ocrx_word' id='word_1_299' title='bbox 893 2884 1051 2938; x_wconf 74' lang='lat' dir='ltr'>proxumae</span> <span class='ocrx_word' id='word_1_300' title='bbox 1070 2869 1203 2920; x_wconf 77' lang='lat' dir='ltr'>orationis</span> <span class='ocrx_word' id='word_1_301' title='bbox 1220 2868 1441 2931; x_wconf 87' lang='lat' dir='ltr'>commentario,</span> 
     </span>
     <span class='ocr_line' id='line_1_31' title="bbox 127 2939 1442 3014; baseline -0.003 -19"><span class='ocrx_word' id='word_1_302' title='bbox 127 2944 196 3008; x_wconf 68' lang='lat' dir='ltr'>sutis</span> <span class='ocrx_word' id='word_1_303' title='bbox 222 2956 334 3014; x_wconf 87' lang='lat' dir='ltr'>apparet</span> <span class='ocrx_word' id='word_1_304' title='bbox 353 2941 548 2997; x_wconf 86' lang='lat' dir='ltr'>Murenianana</span> <span class='ocrx_word' id='word_1_305' title='bbox 573 2946 729 2995; x_wconf 81' lang='lat' dir='ltr'>orationem</span> <span class='ocrx_word' id='word_1_306' title='bbox 753 2957 816 2996; x_wconf 89' lang='lat' dir='ltr'>ante</span> <span class='ocrx_word' id='word_1_307' title='bbox 836 2940 1020 2995; x_wconf 87' lang='lat' dir='ltr'>Milonianam</span> <span class='ocrx_word' id='word_1_308' title='bbox 1041 2945 1070 2996; x_wconf 90' lang='lat' dir='ltr'>iu</span> <span class='ocrx_word' id='word_1_309' title='bbox 1091 2940 1261 2995; x_wconf 84' lang='lat' dir='ltr'>Scholiastae</span> <span class='ocrx_word' id='word_1_310' title='bbox 1279 2943 1368 2993; x_wconf 78' lang='lat' dir='ltr'>nostrl</span> <span class='ocrx_word' id='word_1_311' title='bbox 1388 2939 1442 2991; x_wconf 83' lang='lat' dir='ltr'>ad-</span> 
     </span>
     <span class='ocr_line' id='line_1_32' title="bbox 125 3014 1442 3087; baseline -0.002 -18"><span class='ocrx_word' id='word_1_312' title='bbox 125 3020 253 3070; x_wconf 84' lang='lat' dir='ltr'>uersariis</span> <span class='ocrx_word' id='word_1_313' title='bbox 272 3014 356 3070; x_wconf 87' lang='lat' dir='ltr'>luisse</span> <span class='ocrx_word' id='word_1_314' title='bbox 375 3016 551 3070; x_wconf 88' lang='lat' dir='ltr'>ccliocatam.</span> <span class='ocrx_word' id='word_1_315' title='bbox 598 3019 688 3086; x_wconf 90' lang='lat' dir='ltr'>Quam</span> <span class='ocrx_word' id='word_1_316' title='bbox 716 3033 774 3070; x_wconf 92' lang='lat' dir='ltr'>rem</span> <span class='ocrx_word' id='word_1_317' title='bbox 800 3015 987 3070; x_wconf 82' lang='lat' dir='ltr'>consideranti</span> <span class='ocrx_word' id='word_1_318' title='bbox 1008 3021 1113 3071; x_wconf 90' lang='lat' dir='ltr'>inlecta</span> <span class='ocrx_word' id='word_1_319' title='bbox 1132 3019 1201 3071; x_wconf 84' lang='lat' dir='ltr'>rullei</span> <span class='ocrx_word' id='word_1_320' title='bbox 1220 3018 1356 3087; x_wconf 64' lang='lat' dir='ltr'>cogitatio</span> <span class='ocrx_word' id='word_1_321' title='bbox 1383 3028 1442 3081; x_wconf 87' lang='lat' dir='ltr'>est,</span> 
     </span>
     <span class='ocr_line' id='line_1_33' title="bbox 127 3087 1441 3165; baseline -0.001 -22"><span class='ocrx_word' id='word_1_322' title='bbox 127 3109 195 3143; x_wconf 91' lang='lat' dir='ltr'>uum</span> <span class='ocrx_word' id='word_1_323' title='bbox 215 3090 357 3144; x_wconf 80' lang='lat' dir='ltr'>Tullianus</span> <span class='ocrx_word' id='word_1_324' title='bbox 383 3096 521 3144; x_wconf 81' lang='lat' dir='ltr'>crationes</span> <span class='ocrx_word' id='word_1_325' title='bbox 541 3095 694 3165; x_wconf 90' lang='lat' dir='ltr'>antiquitus</span> <span class='ocrx_word' id='word_1_326' title='bbox 713 3109 746 3145; x_wconf 80' lang='lat' dir='ltr'>eu</span> <span class='ocrx_word' id='word_1_327' title='bbox 765 3089 861 3145; x_wconf 89' lang='lat' dir='ltr'>ordine</span> <span class='ocrx_word' id='word_1_328' title='bbox 881 3089 937 3144; x_wconf 87' lang='lat' dir='ltr'>lere</span> <span class='ocrx_word' id='word_1_329' title='bbox 956 3091 1128 3158; x_wconf 87' lang='lat' dir='ltr'>litterarum,</span> <span class='ocrx_word' id='word_1_330' title='bbox 1158 3088 1231 3162; x_wconf 90' lang='lat' dir='ltr'>quod</span> <span class='ocrx_word' id='word_1_331' title='bbox 1251 3087 1441 3163; x_wconf 90' lang='lat' dir='ltr'>suspicabatur</span> 
     </span>
     <span class='ocr_line' id='line_1_34' title="bbox 126 3163 1495 3240; baseline -0.001 -22"><span class='ocrx_word' id='word_1_332' title='bbox 126 3163 167 3218; x_wconf 83' lang='lat' dir='ltr'>rii.</span> <span class='ocrx_word' id='word_1_333' title='bbox 188 3163 353 3219; x_wconf 82' lang='lat' dir='ltr'>Niebuhriua</span> <span class='ocrx_word' id='word_1_334' title='bbox 374 3165 501 3240; x_wconf 71' lang='lat' dir='ltr'>(Fragm.</span> <span class='ocrx_word' id='word_1_335' title='bbox 516 3167 612 3223; x_wconf 81' lang='lat' dir='ltr'>Vatis.</span> <span class='ocrx_word' id='word_1_336' title='bbox 626 3185 652 3240; x_wconf 90' lang='lat' dir='ltr'>p.</span> <span class='ocrx_word' id='word_1_337' title='bbox 671 3168 717 3225; x_wconf 83' lang='lat'>66.</span> <span class='ocrx_word' id='word_1_338' title='bbox 737 3171 823 3239; x_wconf 84' lang='lat' dir='ltr'>seqq.)</span> <span class='ocrx_word' id='word_1_339' title='bbox 843 3165 992 3239; x_wconf 87' lang='lat' dir='ltr'>dispositae</span> <span class='ocrx_word' id='word_1_340' title='bbox 1012 3163 1124 3221; x_wconf 86' lang='lat' dir='ltr'>luerint.</span> <span class='ocrx_word' id='word_1_341' title='bbox 1163 3167 1234 3220; x_wconf 87' lang='lat' dir='ltr'>Sane</span> <span class='ocrx_word' id='word_1_342' title='bbox 1250 3168 1279 3218; x_wconf 89' lang='lat' dir='ltr'>in</span> <span class='ocrx_word' id='word_1_343' title='bbox 1295 3168 1440 3230; x_wconf 82' lang='lat' dir='ltr'>Vaticano,</span> <span class='ocrx_word' id='word_1_344' title='bbox 1493 3170 1495 3174; x_wconf 86' lang='lat'>&#39;</span> 
     </span>
     <span class='ocr_line' id='line_1_35' title="bbox 127 3237 1442 3314; baseline -0.002 -21"><span class='ocrx_word' id='word_1_345' title='bbox 127 3254 209 3313; x_wconf 85' lang='lat' dir='ltr'>quem</span> <span class='ocrx_word' id='word_1_346' title='bbox 230 3257 303 3294; x_wconf 91' lang='lat' dir='ltr'>nuuc</span> <span class='ocrx_word' id='word_1_347' title='bbox 322 3239 390 3307; x_wconf 90' lang='lat' dir='ltr'>edo,</span> <span class='ocrx_word' id='word_1_348' title='bbox 420 3240 597 3314; x_wconf 85' lang='lat' dir='ltr'>palimpsesto</span> <span class='ocrx_word' id='word_1_349' title='bbox 617 3246 655 3294; x_wconf 87' lang='lat' dir='ltr'>ira</span> <span class='ocrx_word' id='word_1_350' title='bbox 674 3238 742 3294; x_wconf 87' lang='lat' dir='ltr'>ordo</span> <span class='ocrx_word' id='word_1_351' title='bbox 762 3258 805 3296; x_wconf 90' lang='lat' dir='ltr'>ees</span> <span class='ocrx_word' id='word_1_352' title='bbox 823 3240 858 3294; x_wconf 89' lang='lat' dir='ltr'>ad</span> <span class='ocrx_word' id='word_1_353' title='bbox 877 3239 1053 3314; x_wconf 83' lang='lat' dir='ltr'>alphabetum</span> <span class='ocrx_word' id='word_1_354' title='bbox 1073 3255 1200 3304; x_wconf 80' lang='lat' dir='ltr'>exactas,</span> <span class='ocrx_word' id='word_1_355' title='bbox 1230 3255 1261 3293; x_wconf 87' lang='lat' dir='ltr'>uc</span> <span class='ocrx_word' id='word_1_356' title='bbox 1288 3237 1374 3292; x_wconf 90' lang='lat' dir='ltr'>semei</span> <span class='ocrx_word' id='word_1_357' title='bbox 1394 3251 1442 3291; x_wconf 89' lang='lat' dir='ltr'>aot</span> 
     </span>
     <span class='ocr_line' id='line_1_36' title="bbox 127 3313 1443 3390; baseline -0.004 -20"><span class='ocrx_word' id='word_1_358' title='bbox 127 3333 163 3371; x_wconf 88' lang='lat' dir='ltr'>ue</span> <span class='ocrx_word' id='word_1_359' title='bbox 184 3314 271 3369; x_wconf 90' lang='lat' dir='ltr'>semei</span> <span class='ocrx_word' id='word_1_360' title='bbox 290 3313 401 3387; x_wconf 87' lang='lat' dir='ltr'>quidem</span> <span class='ocrx_word' id='word_1_361' title='bbox 422 3320 597 3371; x_wconf 80' lang='lat' dir='ltr'>amanuensis</span> <span class='ocrx_word' id='word_1_362' title='bbox 617 3318 652 3371; x_wconf 92' lang='lat' dir='ltr'>ab</span> <span class='ocrx_word' id='word_1_363' title='bbox 670 3333 704 3370; x_wconf 91' lang='lat' dir='ltr'>eo</span> <span class='ocrx_word' id='word_1_364' title='bbox 722 3316 874 3390; x_wconf 75' lang='lat' dir='ltr'>divagetur.</span> <span class='ocrx_word' id='word_1_365' title='bbox 919 3316 1009 3371; x_wconf 86' lang='lat' dir='ltr'>Docet</span> <span class='ocrx_word' id='word_1_366' title='bbox 1033 3320 1108 3370; x_wconf 89' lang='lat' dir='ltr'>euim</span> <span class='ocrx_word' id='word_1_367' title='bbox 1132 3320 1342 3389; x_wconf 79' lang='lat' dir='ltr'>quaternionum</span> <span class='ocrx_word' id='word_1_368' title='bbox 1370 3317 1443 3367; x_wconf 86' lang='lat' dir='ltr'>ratic</span> 
     </span>
     <span class='ocr_line' id='line_1_37' title="bbox 128 3386 1443 3464; baseline -0.004 -20"><span class='ocrx_word' id='word_1_369' title='bbox 128 3395 248 3463; x_wconf 88' lang='lat' dir='ltr'>scriptas</span> <span class='ocrx_word' id='word_1_370' title='bbox 267 3407 327 3444; x_wconf 89' lang='lat' dir='ltr'>esse</span> <span class='ocrx_word' id='word_1_371' title='bbox 345 3388 496 3445; x_wconf 82' lang='lat' dir='ltr'>ordinatim</span> <span class='ocrx_word' id='word_1_372' title='bbox 522 3386 662 3447; x_wconf 70' lang='lat' dir='ltr'>orationbs</span> <span class='ocrx_word' id='word_1_373' title='bbox 684 3409 740 3464; x_wconf 74' lang='lat' dir='ltr'>pro</span> <span class='ocrx_word' id='word_1_374' title='bbox 758 3392 875 3452; x_wconf 67' lang='lat' dir='ltr'>Flaccos</span> <span class='ocrx_word' id='word_1_375' title='bbox 895 3392 1014 3445; x_wconf 82' lang='lat' dir='ltr'>Gratias</span> <span class='ocrx_word' id='word_1_376' title='bbox 1032 3397 1094 3461; x_wconf 68' lang='lat' dir='ltr'>egit</span> <span class='ocrx_word' id='word_1_377' title='bbox 1105 3396 1233 3452; x_wconf 72' lang='lat' dir='ltr'>renuitur</span> <span class='ocrx_word' id='word_1_378' title='bbox 1251 3390 1371 3443; x_wconf 82' lang='lat' dir='ltr'>Gratias</span> <span class='ocrx_word' id='word_1_379' title='bbox 1382 3392 1443 3458; x_wconf 68' lang='lat' dir='ltr'>egit</span> 
     </span>
     <span class='ocr_line' id='line_1_38' title="bbox 124 3463 1443 3540; baseline -0.002 -23"><span class='ocrx_word' id='word_1_380' title='bbox 124 3465 244 3537; x_wconf 82' lang='lat' dir='ltr'>populo,-</span> <span class='ocrx_word' id='word_1_381' title='bbox 260 3484 314 3534; x_wconf 81' lang='lat' dir='ltr'>pro</span> <span class='ocrx_word' id='word_1_382' title='bbox 335 3465 448 3521; x_wconf 83' lang='lat' dir='ltr'>Plancio</span> <span class='ocrx_word' id='word_1_383' title='bbox 455 3486 466 3526; x_wconf 87' lang='lat'>,·</span> <span class='ocrx_word' id='word_1_384' title='bbox 484 3466 611 3527; x_wconf 69' lang='lat' dir='ltr'>Miloner</span> <span class='ocrx_word' id='word_1_385' title='bbox 629 3467 737 3528; x_wconf 73' lang='lat' dir='ltr'>Sestior</span> <span class='ocrx_word' id='word_1_386' title='bbox 756 3472 787 3519; x_wconf 85' lang='lat' dir='ltr'>ira</span> <span class='ocrx_word' id='word_1_387' title='bbox 799 3466 958 3521; x_wconf 81' lang='lat' dir='ltr'>Vatinium.</span> <span class='ocrx_word' id='word_1_388' title='bbox 997 3467 1085 3540; x_wconf 76' lang='lat' dir='ltr'>lgitur</span> <span class='ocrx_word' id='word_1_389' title='bbox 1104 3465 1172 3519; x_wconf 90' lang='lat' dir='ltr'>crdo</span> <span class='ocrx_word' id='word_1_390' title='bbox 1192 3484 1248 3521; x_wconf 91' lang='lat' dir='ltr'>non</span> <span class='ocrx_word' id='word_1_391' title='bbox 1267 3463 1443 3538; x_wconf 85' lang='lat' dir='ltr'>perturbatur</span> 
     </span>
     <span class='ocr_line' id='line_1_39' title="bbox 128 3538 1444 3615; baseline 0 -22"><span class='ocrx_word' id='word_1_392' title='bbox 128 3542 182 3593; x_wconf 90' lang='lat' dir='ltr'>nial</span> <span class='ocrx_word' id='word_1_393' title='bbox 203 3543 233 3592; x_wconf 90' lang='lat' dir='ltr'>in</span> <span class='ocrx_word' id='word_1_394' title='bbox 253 3539 425 3605; x_wconf 81' lang='lat' dir='ltr'>Planciano,</span> <span class='ocrx_word' id='word_1_395' title='bbox 445 3555 513 3613; x_wconf 89' lang='lat' dir='ltr'>quae</span> <span class='ocrx_word' id='word_1_396' title='bbox 527 3540 703 3593; x_wconf 84' lang='lat' dir='ltr'>Milonianoe</span> <span class='ocrx_word' id='word_1_397' title='bbox 722 3546 908 3615; x_wconf 86' lang='lat' dir='ltr'>praeponitur.</span> <span class='ocrx_word' id='word_1_398' title='bbox 946 3540 999 3595; x_wconf 79' lang='lat' dir='ltr'>Sed</span> <span class='ocrx_word' id='word_1_399' title='bbox 1020 3560 1054 3594; x_wconf 91' lang='lat' dir='ltr'>en</span> <span class='ocrx_word' id='word_1_400' title='bbox 1074 3559 1165 3595; x_wconf 86' lang='lat' dir='ltr'>rursus</span> <span class='ocrx_word' id='word_1_401' title='bbox 1184 3538 1354 3613; x_wconf 85' lang='lat' dir='ltr'>perturbatio</span> <span class='ocrx_word' id='word_1_402' title='bbox 1374 3538 1444 3593; x_wconf 84' lang='lat' dir='ltr'>laceo</span> 
     </span>
     <span class='ocr_line' id='line_1_40' title="bbox 129 3611 1443 3688; baseline -0.002 -19"><span class='ocrx_word' id='word_1_403' title='bbox 129 3613 252 3680; x_wconf 85' lang='lat' dir='ltr'>tollitur,</span> <span class='ocrx_word' id='word_1_404' title='bbox 272 3615 495 3687; x_wconf 86' lang='lat' dir='ltr'>qnandoquidem</span> <span class='ocrx_word' id='word_1_405' title='bbox 513 3632 565 3670; x_wconf 89' lang='lat' dir='ltr'>nce</span> <span class='ocrx_word' id='word_1_406' title='bbox 583 3614 726 3670; x_wconf 87' lang='lat' dir='ltr'>docuimus</span> <span class='ocrx_word' id='word_1_407' title='bbox 746 3621 775 3670; x_wconf 91' lang='lat' dir='ltr'>in</span> <span class='ocrx_word' id='word_1_408' title='bbox 794 3617 906 3671; x_wconf 85' lang='lat' dir='ltr'>Monito</span> <span class='ocrx_word' id='word_1_409' title='bbox 921 3614 955 3670; x_wconf 91' lang='lat' dir='ltr'>ad</span> <span class='ocrx_word' id='word_1_410' title='bbox 967 3617 1150 3671; x_wconf 84' lang='lat' dir='ltr'>Miloniauem</span> <span class='ocrx_word' id='word_1_411' title='bbox 1163 3631 1224 3688; x_wconf 74' lang='lat' dir='ltr'>pap.</span> <span class='ocrx_word' id='word_1_412' title='bbox 1237 3619 1283 3675; x_wconf 79' lang='lat'>88.</span> <span class='ocrx_word' id='word_1_413' title='bbox 1295 3611 1345 3666; x_wconf 84' lang='lat' dir='ltr'>iti.</span> <span class='ocrx_word' id='word_1_414' title='bbox 1361 3614 1443 3667; x_wconf 74' lang='lat' dir='ltr'>Rom.</span> 
     </span>
     <span class='ocr_line' id='line_1_41' title="bbox 129 3689 1444 3764; baseline -0.002 -21"><span class='ocrx_word' id='word_1_415' title='bbox 129 3689 215 3743; x_wconf 85' lang='lat' dir='ltr'>videri</span> <span class='ocrx_word' id='word_1_416' title='bbox 236 3690 412 3744; x_wconf 86' lang='lat' dir='ltr'>Plancianum</span> <span class='ocrx_word' id='word_1_417' title='bbox 434 3708 488 3744; x_wconf 93' lang='lat' dir='ltr'>non</span> <span class='ocrx_word' id='word_1_418' title='bbox 509 3708 542 3744; x_wconf 83' lang='lat' dir='ltr'>ex</span> <span class='ocrx_word' id='word_1_419' title='bbox 559 3689 656 3744; x_wconf 90' lang='lat' dir='ltr'>eodem</span> <span class='ocrx_word' id='word_1_420' title='bbox 676 3689 773 3746; x_wconf 90' lang='lat' dir='ltr'>codice</span> <span class='ocrx_word' id='word_1_421' title='bbox 790 3706 942 3764; x_wconf 86' lang='lat' dir='ltr'>sumptam,</span> <span class='ocrx_word' id='word_1_422' title='bbox 963 3689 1035 3747; x_wconf 89' lang='lat' dir='ltr'>unde</span> <span class='ocrx_word' id='word_1_423' title='bbox 1053 3706 1096 3746; x_wconf 89' lang='lat' dir='ltr'>est</span> <span class='ocrx_word' id='word_1_424' title='bbox 1115 3691 1282 3750; x_wconf 72' lang='lat' dir='ltr'>Milonianae</span> <span class='ocrx_word' id='word_1_425' title='bbox 1304 3692 1369 3760; x_wconf 91' lang='lat' dir='ltr'>quia</span> <span class='ocrx_word' id='word_1_426' title='bbox 1389 3692 1444 3742; x_wconf 91' lang='lat' dir='ltr'>sci·</span> 
     </span>
     <span class='ocr_line' id='line_1_42' title="bbox 126 3761 1444 3839; baseline -0.003 -20"><span class='ocrx_word' id='word_1_427' title='bbox 126 3764 195 3819; x_wconf 91' lang='lat' dir='ltr'>licet</span> <span class='ocrx_word' id='word_1_428' title='bbox 221 3770 432 3836; x_wconf 86' lang='lat' dir='ltr'>quaternionum</span> <span class='ocrx_word' id='word_1_429' title='bbox 460 3770 545 3821; x_wconf 88' lang='lat' dir='ltr'>series</span> <span class='ocrx_word' id='word_1_430' title='bbox 570 3781 706 3838; x_wconf 89' lang='lat' dir='ltr'>notaeque</span> <span class='ocrx_word' id='word_1_431' title='bbox 734 3764 762 3820; x_wconf 90' lang='lat' dir='ltr'>id</span> <span class='ocrx_word' id='word_1_432' title='bbox 788 3783 845 3820; x_wconf 90' lang='lat' dir='ltr'>nou</span> <span class='ocrx_word' id='word_1_433' title='bbox 870 3771 1021 3839; x_wconf 81' lang='lat' dir='ltr'>patiuntur.</span> <span class='ocrx_word' id='word_1_434' title='bbox 1072 3769 1173 3819; x_wconf 83' lang='lat' dir='ltr'>ilerum</span> <span class='ocrx_word' id='word_1_435' title='bbox 1191 3769 1215 3818; x_wconf 90' lang='lat' dir='ltr'>ir</span> <span class='ocrx_word' id='word_1_436' title='bbox 1235 3761 1320 3828; x_wconf 85' lang='lat' dir='ltr'>crdo,</span> <span class='ocrx_word' id='word_1_437' title='bbox 1346 3766 1394 3833; x_wconf 87' lang='lat' dir='ltr'>qui</span> <span class='ocrx_word' id='word_1_438' title='bbox 1413 3766 1444 3815; x_wconf 88' lang='lat' dir='ltr'>iu</span> 
     </span>
     <span class='ocr_line' id='line_1_43' title="bbox 130 3836 1442 3914; baseline -0.001 -24"><span class='ocrx_word' id='word_1_439' title='bbox 130 3842 265 3893; x_wconf 83' lang='lat' dir='ltr'>vaticano</span> <span class='ocrx_word' id='word_1_440' title='bbox 286 3838 384 3893; x_wconf 89' lang='lat' dir='ltr'>codice</span> <span class='ocrx_word' id='word_1_441' title='bbox 404 3858 488 3914; x_wconf 90' lang='lat' dir='ltr'>prope</span> <span class='ocrx_word' id='word_1_442' title='bbox 507 3838 541 3892; x_wconf 89' lang='lat' dir='ltr'>ad</span> <span class='ocrx_word' id='word_1_443' title='bbox 561 3858 678 3912; x_wconf 67' lang='lat' dir='ltr'>unguem</span> <span class='ocrx_word' id='word_1_444' title='bbox 699 3839 842 3914; x_wconf 86' lang='lat' dir='ltr'>procedit,</span> <span class='ocrx_word' id='word_1_445' title='bbox 860 3845 889 3894; x_wconf 91' lang='lat' dir='ltr'>in</span> <span class='ocrx_word' id='word_1_446' title='bbox 903 3840 1087 3896; x_wconf 72' lang='lat' dir='ltr'>ambrosiano</span> <span class='ocrx_word' id='word_1_447' title='bbox 1104 3839 1195 3893; x_wconf 91' lang='lat' dir='ltr'>nuilus</span> <span class='ocrx_word' id='word_1_448' title='bbox 1208 3838 1381 3892; x_wconf 83' lang='lat' dir='ltr'>obsecratur:</span> <span class='ocrx_word' id='word_1_449' title='bbox 1401 3836 1442 3890; x_wconf 93' lang='lat' dir='ltr'>ibi</span> 
     </span>
     <span class='ocr_line' id='line_1_44' title="bbox 129 3912 1444 3988; baseline -0.003 -21"><span class='ocrx_word' id='word_1_450' title='bbox 129 3919 205 3967; x_wconf 87' lang='lat' dir='ltr'>enlm</span> <span class='ocrx_word' id='word_1_451' title='bbox 230 3929 293 3988; x_wconf 92' lang='lat' dir='ltr'>post</span> <span class='ocrx_word' id='word_1_452' title='bbox 319 3919 472 3969; x_wconf 88' lang='lat' dir='ltr'>orationem</span> <span class='ocrx_word' id='word_1_453' title='bbox 488 3932 543 3987; x_wconf 83' lang='lat' dir='ltr'>pro</span> <span class='ocrx_word' id='word_1_454' title='bbox 562 3915 639 3968; x_wconf 85' lang='lat' dir='ltr'>Sulla</span> <span class='ocrx_word' id='word_1_455' title='bbox 664 3920 821 3970; x_wconf 86' lang='lat' dir='ltr'>necessario</span> <span class='ocrx_word' id='word_1_456' title='bbox 848 3934 920 3970; x_wconf 83' lang='lat' dir='ltr'>nexu</span> <span class='ocrx_word' id='word_1_457' title='bbox 939 3915 1161 3971; x_wconf 86' lang='lat' dir='ltr'>membranarum</span> <span class='ocrx_word' id='word_1_458' title='bbox 1181 3918 1304 3986; x_wconf 90' lang='lat' dir='ltr'>sequitur</span> <span class='ocrx_word' id='word_1_459' title='bbox 1323 3916 1353 3963; x_wconf 87' lang='lat' dir='ltr'>in</span> <span class='ocrx_word' id='word_1_460' title='bbox 1373 3912 1444 3965; x_wconf 83' lang='lat' dir='ltr'>Clo-</span> 
     </span>
     <span class='ocr_line' id='line_1_45' title="bbox 129 3988 1443 4064; baseline 0 -24"><span class='ocrx_word' id='word_1_461' title='bbox 129 3988 205 4040; x_wconf 80' lang='lat' dir='ltr'>dium</span> <span class='ocrx_word' id='word_1_462' title='bbox 230 3999 259 4042; x_wconf 89' lang='lat' dir='ltr'>et</span> <span class='ocrx_word' id='word_1_463' title='bbox 285 3989 441 4046; x_wconf 79' lang='lat' dir='ltr'>Curionem.</span> <span class='ocrx_word' id='word_1_464' title='bbox 489 3991 560 4045; x_wconf 89' lang='lat' dir='ltr'>item</span> <span class='ocrx_word' id='word_1_465' title='bbox 590 4004 651 4064; x_wconf 88' lang='lat' dir='ltr'>port</span> <span class='ocrx_word' id='word_1_466' title='bbox 677 3994 833 4045; x_wconf 86' lang='lat' dir='ltr'>orationem</span> <span class='ocrx_word' id='word_1_467' title='bbox 854 4009 910 4063; x_wconf 79' lang='lat' dir='ltr'>pro</span> <span class='ocrx_word' id='word_1_468' title='bbox 937 3990 1052 4045; x_wconf 84' lang='lat' dir='ltr'>Plancio</span> <span class='ocrx_word' id='word_1_469' title='bbox 1079 4005 1231 4061; x_wconf 88' lang='lat' dir='ltr'>sequuntur</span> <span class='ocrx_word' id='word_1_470' title='bbox 1256 3992 1285 4041; x_wconf 92' lang='lat' dir='ltr'>iu</span> <span class='ocrx_word' id='word_1_471' title='bbox 1310 3990 1443 4040; x_wconf 82' lang='lat' dir='ltr'>connexis</span> 
     </span>
     <span class='ocr_line' id='line_1_46' title="bbox 126 4061 1273 4138; baseline -0.001 -19"><span class='ocrx_word' id='word_1_472' title='bbox 126 4063 293 4119; x_wconf 88' lang='lat' dir='ltr'>membranis</span> <span class='ocrx_word' id='word_1_473' title='bbox 313 4070 452 4120; x_wconf 85' lang='lat' dir='ltr'>orationes</span> <span class='ocrx_word' id='word_1_474' title='bbox 472 4065 507 4117; x_wconf 79' lang='lat' dir='ltr'>de</span> <span class='ocrx_word' id='word_1_475' title='bbox 524 4082 590 4119; x_wconf 81' lang='lat' dir='ltr'>aare</span> <span class='ocrx_word' id='word_1_476' title='bbox 608 4066 700 4118; x_wconf 81' lang='lat' dir='ltr'>elisam</span> <span class='ocrx_word' id='word_1_477' title='bbox 718 4065 839 4119; x_wconf 84' lang='lat' dir='ltr'>Milonis</span> <span class='ocrx_word' id='word_1_478' title='bbox 855 4080 884 4120; x_wconf 91' lang='lat' dir='ltr'>st</span> <span class='ocrx_word' id='word_1_479' title='bbox 898 4083 955 4138; x_wconf 76' lang='lat' dir='ltr'>pro</span> <span class='ocrx_word' id='word_1_480' title='bbox 974 4067 1010 4119; x_wconf 79' lang='lat' dir='ltr'>A.</span> <span class='ocrx_word' id='word_1_481' title='bbox 1029 4065 1137 4120; x_wconf 81' lang='lat' dir='ltr'>Licinio</span> <span class='ocrx_word' id='word_1_482' title='bbox 1156 4061 1273 4118; x_wconf 76' lang='lat' dir='ltr'>Arsinia.</span> 
     </span>
    </p>

    <p class='ocr_par' dir='ltr' id='par_1_7' title="bbox 127 4135 1446 4814">
     <span class='ocr_line' id='line_1_47' title="bbox 187 4135 1445 4214; baseline -0.006 -19"><span class='ocrx_word' id='word_1_483' title='bbox 187 4147 232 4195; x_wconf 86' lang='lat' dir='ltr'>io.</span> <span class='ocrx_word' id='word_1_484' title='bbox 253 4142 312 4193; x_wconf 90' lang='lat' dir='ltr'>lam</span> <span class='ocrx_word' id='word_1_485' title='bbox 342 4138 398 4193; x_wconf 80' lang='lat' dir='ltr'>dixi</span> <span class='ocrx_word' id='word_1_486' title='bbox 427 4146 456 4194; x_wconf 91' lang='lat' dir='ltr'>in</span> <span class='ocrx_word' id='word_1_487' title='bbox 481 4141 717 4214; x_wconf 72' lang='lat' dir='ltr'>prosopopraphia</span> <span class='ocrx_word' id='word_1_488' title='bbox 734 4139 870 4195; x_wconf 87' lang='lat' dir='ltr'>librorum</span> <span class='ocrx_word' id='word_1_489' title='bbox 890 4142 952 4196; x_wconf 81' lang='lat' dir='ltr'>Cic.</span> <span class='ocrx_word' id='word_1_490' title='bbox 971 4138 1005 4194; x_wconf 91' lang='lat' dir='ltr'>ds</span> <span class='ocrx_word' id='word_1_491' title='bbox 1024 4142 1090 4214; x_wconf 89' lang='lat' dir='ltr'>liep.</span> <span class='ocrx_word' id='word_1_492' title='bbox 1116 4157 1144 4212; x_wconf 85' lang='lat' dir='ltr'>p.</span> <span class='ocrx_word' id='word_1_493' title='bbox 1162 4138 1246 4195; x_wconf 81' lang='lat' dir='ltr'>xiil.</span> <span class='ocrx_word' id='word_1_494' title='bbox 1283 4135 1445 4209; x_wconf 78' lang='lat' dir='ltr'>Scipionem</span> 
     </span>
     <span class='ocr_line' id='line_1_48' title="bbox 130 4212 1445 4284; baseline -0.004 -15"><span class='ocrx_word' id='word_1_495' title='bbox 130 4214 314 4269; x_wconf 75' lang='lat' dir='ltr'>Aemilianum</span> <span class='ocrx_word' id='word_1_496' title='bbox 334 4214 474 4269; x_wconf 85' lang='lat' dir='ltr'>laudarum</span> <span class='ocrx_word' id='word_1_497' title='bbox 495 4220 523 4268; x_wconf 89' lang='lat' dir='ltr'>in</span> <span class='ocrx_word' id='word_1_498' title='bbox 542 4213 640 4273; x_wconf 83' lang='lat' dir='ltr'>iuuere</span> <span class='ocrx_word' id='word_1_499' title='bbox 659 4215 743 4271; x_wconf 88' lang='lat' dir='ltr'>luisse</span> <span class='ocrx_word' id='word_1_500' title='bbox 761 4213 867 4271; x_wconf 88' lang='lat' dir='ltr'>duabus</span> <span class='ocrx_word' id='word_1_501' title='bbox 880 4216 967 4271; x_wconf 79' lang='lat' dir='ltr'>Laelii</span> <span class='ocrx_word' id='word_1_502' title='bbox 986 4213 1175 4279; x_wconf 87' lang='lat' dir='ltr'>orationihus,</span> <span class='ocrx_word' id='word_1_503' title='bbox 1195 4227 1309 4284; x_wconf 88' lang='lat' dir='ltr'>quarum</span> <span class='ocrx_word' id='word_1_504' title='bbox 1330 4212 1445 4264; x_wconf 83' lang='lat' dir='ltr'>alteram</span> 
     </span>
     <span class='ocr_line' id='line_1_49' title="bbox 131 4285 1445 4365; baseline -0.002 -24"><span class='ocrx_word' id='word_1_505' title='bbox 131 4294 259 4343; x_wconf 83' lang='lat' dir='ltr'>recitavit</span> <span class='ocrx_word' id='word_1_506' title='bbox 279 4289 391 4344; x_wconf 83' lang='lat' dir='ltr'>Tubero</span> <span class='ocrx_word' id='word_1_507' title='bbox 410 4296 513 4344; x_wconf 90' lang='lat' dir='ltr'>sororis</span> <span class='ocrx_word' id='word_1_508' title='bbox 533 4290 604 4344; x_wconf 85' lang='lat' dir='ltr'>iilius</span> <span class='ocrx_word' id='word_1_509' title='bbox 623 4291 696 4365; x_wconf 84' lang='lat' dir='ltr'>(Cic.</span> <span class='ocrx_word' id='word_1_510' title='bbox 716 4289 750 4343; x_wconf 86' lang='lat' dir='ltr'>de</span> <span class='ocrx_word' id='word_1_511' title='bbox 769 4290 819 4347; x_wconf 87' lang='lat' dir='ltr'>Or.</span> <span class='ocrx_word' id='word_1_512' title='bbox 843 4290 881 4344; x_wconf 94' lang='lat' dir='ltr'>ll.</span> <span class='ocrx_word' id='word_1_513' title='bbox 900 4291 958 4358; x_wconf 76' lang='lat' dir='ltr'>ai.)</span> <span class='ocrx_word' id='word_1_514' title='bbox 987 4291 1101 4344; x_wconf 85' lang='lat' dir='ltr'>alteram</span> <span class='ocrx_word' id='word_1_515' title='bbox 1130 4291 1166 4358; x_wconf 92' lang='lat' dir='ltr'>Q.</span> <span class='ocrx_word' id='word_1_516' title='bbox 1186 4287 1285 4340; x_wconf 70' lang='lat' dir='ltr'>Fabius</span> <span class='ocrx_word' id='word_1_517' title='bbox 1306 4285 1445 4340; x_wconf 77' lang='lat' dir='ltr'>Maximus</span> 
     </span>
     <span class='ocr_line' id='line_1_50' title="bbox 127 4358 1445 4440; baseline -0.004 -23"><span class='ocrx_word' id='word_1_518' title='bbox 127 4363 223 4428; x_wconf 77' lang='lat' dir='ltr'>irater.</span> <span class='ocrx_word' id='word_1_519' title='bbox 263 4364 338 4418; x_wconf 89' lang='lat' dir='ltr'>lilius</span> <span class='ocrx_word' id='word_1_520' title='bbox 359 4364 466 4419; x_wconf 86' lang='lat' dir='ltr'>nullum</span> <span class='ocrx_word' id='word_1_521' title='bbox 486 4363 575 4418; x_wconf 89' lang='lat' dir='ltr'>adhue</span> <span class='ocrx_word' id='word_1_522' title='bbox 593 4363 777 4439; x_wconf 70' lang='lat' dir='ltr'>fragmentum</span> <span class='ocrx_word' id='word_1_523' title='bbox 798 4370 966 4440; x_wconf 70' lang='lat' dir='ltr'>reperimuee</span> <span class='ocrx_word' id='word_1_524' title='bbox 984 4365 1067 4420; x_wconf 88' lang='lat' dir='ltr'>huius</span> <span class='ocrx_word' id='word_1_525' title='bbox 1086 4378 1177 4417; x_wconf 90' lang='lat' dir='ltr'>autem</span> <span class='ocrx_word' id='word_1_526' title='bbox 1204 4377 1279 4416; x_wconf 88' lang='lat' dir='ltr'>nunc</span> <span class='ocrx_word' id='word_1_527' title='bbox 1305 4358 1445 4434; x_wconf 84' lang='lat' dir='ltr'>praeclara</span> 
     </span>
     <span class='ocr_line' id='line_1_51' title="bbox 128 4437 1444 4514; baseline -0.003 -23"><span class='ocrx_word' id='word_1_528' title='bbox 128 4439 265 4513; x_wconf 89' lang='lat' dir='ltr'>particula</span> <span class='ocrx_word' id='word_1_529' title='bbox 293 4445 423 4513; x_wconf 68' lang='lat' dir='ltr'>emergit,</span> <span class='ocrx_word' id='word_1_530' title='bbox 454 4455 484 4493; x_wconf 91' lang='lat' dir='ltr'>ut</span> <span class='ocrx_word' id='word_1_531' title='bbox 513 4441 672 4494; x_wconf 83' lang='lat' dir='ltr'>Laeliauum</span> <span class='ocrx_word' id='word_1_532' title='bbox 698 4442 793 4495; x_wconf 88' lang='lat' dir='ltr'>stilum</span> <span class='ocrx_word' id='word_1_533' title='bbox 819 4443 990 4512; x_wconf 87' lang='lat' dir='ltr'>aliquatenus</span> <span class='ocrx_word' id='word_1_534' title='bbox 1020 4439 1204 4514; x_wconf 72' lang='lat' dir='ltr'>degustemus.</span> <span class='ocrx_word' id='word_1_535' title='bbox 1242 4437 1285 4490; x_wconf 77' lang='lat' dir='ltr'>Eu</span> <span class='ocrx_word' id='word_1_536' title='bbox 1305 4449 1396 4488; x_wconf 87' lang='lat' dir='ltr'>autern</span> <span class='ocrx_word' id='word_1_537' title='bbox 1416 4450 1444 4508; x_wconf 79' lang='lat' dir='ltr'>et</span> 
     </span>
     <span class='ocr_line' id='line_1_52' title="bbox 129 4507 1446 4590; baseline -0.006 -23"><span class='ocrx_word' id='word_1_538' title='bbox 129 4518 228 4567; x_wconf 80' lang='lat' dir='ltr'>Cicero</span> <span class='ocrx_word' id='word_1_539' title='bbox 248 4532 297 4588; x_wconf 92' lang='lat' dir='ltr'>pro</span> <span class='ocrx_word' id='word_1_540' title='bbox 313 4517 428 4569; x_wconf 87' lang='lat' dir='ltr'>Murena</span> <span class='ocrx_word' id='word_1_541' title='bbox 442 4517 474 4570; x_wconf 90' lang='lat' dir='ltr'>C.</span> <span class='ocrx_word' id='word_1_542' title='bbox 493 4516 624 4570; x_wconf 79' lang='lat' dir='ltr'>XXXVI.</span> <span class='ocrx_word' id='word_1_543' title='bbox 639 4520 805 4570; x_wconf 90' lang='lat' dir='ltr'>senteutiam</span> <span class='ocrx_word' id='word_1_544' title='bbox 820 4521 908 4590; x_wconf 90' lang='lat' dir='ltr'>ipsam</span> <span class='ocrx_word' id='word_1_545' title='bbox 922 4521 1036 4582; x_wconf 90' lang='lat' dir='ltr'>recitat,</span> <span class='ocrx_word' id='word_1_546' title='bbox 1054 4529 1134 4588; x_wconf 91' lang='lat' dir='ltr'>quam</span> <span class='ocrx_word' id='word_1_547' title='bbox 1148 4511 1205 4567; x_wconf 86' lang='lat' dir='ltr'>lero</span> <span class='ocrx_word' id='word_1_548' title='bbox 1219 4517 1247 4566; x_wconf 92' lang='lat' dir='ltr'>in</span> <span class='ocrx_word' id='word_1_549' title='bbox 1267 4509 1354 4564; x_wconf 80' lang='lat' dir='ltr'>Laelii</span> <span class='ocrx_word' id='word_1_550' title='bbox 1367 4507 1446 4580; x_wconf 72' lang='lat' dir='ltr'>leap-</span> 
     </span>
     <span class='ocr_line' id='line_1_53' title="bbox 129 4589 1446 4662; baseline -0.005 -21"><span class='ocrx_word' id='word_1_551' title='bbox 129 4605 225 4642; x_wconf 89' lang='lat' dir='ltr'>mento</span> <span class='ocrx_word' id='word_1_552' title='bbox 245 4592 384 4661; x_wconf 73' lang='lat' dir='ltr'>legimus:</span> <span class='ocrx_word' id='word_1_553' title='bbox 418 4590 590 4661; x_wconf 84' lang='lat' dir='ltr'>Africanum</span> <span class='ocrx_word' id='word_1_554' title='bbox 609 4608 690 4660; x_wconf 80' lang='lat' dir='ltr'>quaerre</span> <span class='ocrx_word' id='word_1_555' title='bbox 708 4608 835 4662; x_wconf 75' lang='lat' dir='ltr'>supremo</span> <span class='ocrx_word' id='word_1_556' title='bbox 854 4596 913 4643; x_wconf 85' lang='lat' dir='ltr'>eires</span> <span class='ocrx_word' id='word_1_557' title='bbox 931 4592 975 4644; x_wconf 80' lang='lat' dir='ltr'>die</span> <span class='ocrx_word' id='word_1_558' title='bbox 994 4595 1144 4646; x_wconf 74' lang='lat' dir='ltr'>Maximus</span> <span class='ocrx_word' id='word_1_559' title='bbox 1160 4589 1311 4653; x_wconf 77' lang='lat' dir='ltr'>insideret,</span> <span class='ocrx_word' id='word_1_560' title='bbox 1330 4589 1446 4654; x_wconf 68' lang='lat' dir='ltr'>gratias</span> 
     </span>
     <span class='ocr_line' id='line_1_54' title="bbox 129 4663 1444 4739; baseline -0.003 -23"><span class='ocrx_word' id='word_1_561' title='bbox 129 4671 189 4733; x_wconf 65' lang='lat' dir='ltr'>egit</span> <span class='ocrx_word' id='word_1_562' title='bbox 208 4665 264 4717; x_wconf 86' lang='lat' dir='ltr'>diis</span> <span class='ocrx_word' id='word_1_563' title='bbox 282 4666 500 4731; x_wconf 67' lang='lat' dir='ltr'>inmortalibus,</span> <span class='ocrx_word' id='word_1_564' title='bbox 518 4663 592 4734; x_wconf 79' lang='lat' dir='ltr'>quod</span> <span class='ocrx_word' id='word_1_565' title='bbox 608 4666 656 4718; x_wconf 88' lang='lat' dir='ltr'>ills</span> <span class='ocrx_word' id='word_1_566' title='bbox 675 4670 722 4718; x_wconf 85' lang='lat' dir='ltr'>uir</span> <span class='ocrx_word' id='word_1_567' title='bbox 740 4670 771 4718; x_wconf 89' lang='lat' dir='ltr'>irs</span> <span class='ocrx_word' id='word_1_568' title='bbox 789 4664 841 4720; x_wconf 87' lang='lat' dir='ltr'>leae</span> <span class='ocrx_word' id='word_1_569' title='bbox 861 4684 919 4737; x_wconf 79' lang='lat' dir='ltr'>rep.</span> <span class='ocrx_word' id='word_1_570' title='bbox 935 4669 1112 4739; x_wconf 81' lang='lat' dir='ltr'>potissimum</span> <span class='ocrx_word' id='word_1_571' title='bbox 1130 4672 1215 4719; x_wconf 82' lang='lat' dir='ltr'>unius</span> <span class='ocrx_word' id='word_1_572' title='bbox 1227 4669 1317 4716; x_wconf 80' lang='lat' dir='ltr'>erret.-</span> <span class='ocrx_word' id='word_1_573' title='bbox 1335 4676 1444 4714; x_wconf 84' lang='lat' dir='ltr'>necesse</span> 
     </span>
     <span class='ocr_line' id='line_1_55' title="bbox 129 4739 1040 4814; baseline 0.007 -22"><span class='ocrx_word' id='word_1_574' title='bbox 129 4746 201 4794; x_wconf 85' lang='lat' dir='ltr'>sulm</span> <span class='ocrx_word' id='word_1_575' title='bbox 213 4739 331 4813; x_wconf 82' lang='lat' dir='ltr'>fuisse,</span> <span class='ocrx_word' id='word_1_576' title='bbox 351 4740 389 4795; x_wconf 84' lang='lat' dir='ltr'>ibi</span> <span class='ocrx_word' id='word_1_577' title='bbox 407 4759 465 4796; x_wconf 83' lang='lat' dir='ltr'>esse</span> <span class='ocrx_word' id='word_1_578' title='bbox 484 4747 628 4795; x_wconf 80' lang='lat' dir='ltr'>terrarum</span> <span class='ocrx_word' id='word_1_579' title='bbox 645 4746 809 4814; x_wconf 73' lang='lat' dir='ltr'>imperitans,</span> <span class='ocrx_word' id='word_1_580' title='bbox 827 4741 874 4797; x_wconf 81' lang='lat' dir='ltr'>sii</span> <span class='ocrx_word' id='word_1_581' title='bbox 892 4743 940 4797; x_wconf 82' lang='lat' dir='ltr'>ills</span> <span class='ocrx_word' id='word_1_582' title='bbox 958 4750 1040 4798; x_wconf 80' lang='lat' dir='ltr'>esset.</span> 
     </span>
    </p>
   </div>
   <div class='ocr_carea' id='block_1_6' title="bbox 0 0 1623 5280">
    <p class='ocr_par' dir='ltr' id='par_1_8' title="bbox 0 0 1623 5280">
     <span class='ocr_line' id='line_1_56' title="bbox 0 0 1623 5280; baseline 0 0"><span class='ocrx_word' id='word_1_583' title='bbox 0 0 1623 5280; x_wconf 95' lang='lat' dir='ltr'> </span> 
     </span>
    </p>
   </div>
  </div>
 </body>
</html>
