3210 5280
164 194 226 258 asa
300 160 305 173 '
580 191 785 260 scuonru
807 193 1056 260 rosiensis

163 337 220 418 [P.
237 335 326 418 ild]
349 332 488 399 ordinem
509 334 808 415 quaereretur;lsed
825 355 843 397 e
860 332 987 396 diverso
1005 331 1146 396 extitisse
1161 332 1272 407 elisum,
1290 332 1346 416 qui
1361 344 1478 397 contra

163 429 283 493 diceret
317 428 399 507 (sive
435 429 557 492 Fufium
591 425 800 501 caeternum,
834 427 902 489 sive
932 426 1010 489 alius
1041 426 1095 488 ille
1132 427 1248 502 luerit,
1285 427 1478 507 ridebimus)

162 522 416 604 postulantque,
440 523 479 583 ut'
495 520 666 584 sententiae
688 519 802 584 divisio
817 521 919 583 lieret.
963 521 1039 583 Hoc
1055 531 1157 582 etitem
1173 522 1297 583 solebat
1312 520 1476 594 accidere,

163 636 258 700 qrtum
285 614 449 678 videbatur
471 613 583 696 aliquis
609 635 667 696 per
687 626 824 677 saturam
855 617 893 676 de
919 613 1022 675 rotrltis
1049 616 1144 674 rebus
1168 634 1258 674 tinam
1286 611 1474 674 sententiam

137 708 296 771 edixisse:
321 720 352 771 et
379 707 514 771 habebat
540 729 762 790 nonnunquam
788 706 923 771 conexio
947 705 1144 769 huiusmodl²
1170 727 1274 769 rerum
1306 706 1473 769 rnnltartmr

161 799 373 864 fraudulentas
388 800 572 884 captiones,
590 812 624 862 ut
642 803 738 862 rebus
759 800 868 884 aequis
883 822 933 863 res
949 799 1113 881 improbae
1132 799 1352 874 miscerentnr3
1378 813 1473 887 atque

160 893 203 957 ita
229 893 445 957 blandimentis
474 893 661 978 quibusdam
686 895 858 975 obreperet
885 896 925 956 ad
953 892 1123 956 obtinenda
1146 894 1220 965 ea³,
1253 914 1333 976 quae
1360 893 1387 957 si
1413 894 1473 974 per

160 1008 200 1050 ae
217 986 419 1072 singulariter
440 998 716 1069 proponerentur,
739 985 904 1068 displicere
927 989 1091 1049 deberent.
1136 985 1385 1049 Desiderabatur
1411 987 1471 1049 ita·

161 1101 241 1163 que,
272 1090 306 1142 nt
327 1080 418 1143 lieret
439 1078 610 1143 sententiae
634 1079 765 1154 divisio,
789 1081 851 1143 hoc
870 1092 936 1155 est,
961 1092 993 1142 ut
1015 1082 1053 1142 de
1078 1080 1227 1164 singulis,
1251 1102 1313 1143 non
1337 1082 1376 1142 de
1399 1081 1471 1161 plu-

120 1173 250 1238 toribus
273 1175 333 1234 und
355 1171 510 1236 sententia
535 1172 708 1236 diceretur.
751 1174 795 1236 Et
816 1171 868 1235 illa
888 1193 968 1258 ergo
993 1172 1162 1245 sententia,
1187 1196 1265 1257 quae
1286 1196 1379 1235 causa
1404 1174 1471 1237 Mi·

134 1260 244 1331 ¹lonis
269 1263 448 1341 ferebatur,
473 1266 561 1350 quasi
583 1286 647 1329 non
673 1276 741 1328 erat
766 1264 919 1348 simplex;
943 1288 1011 1327 nam
1035 1269 1097 1328 duo
1122 1268 1404 1347 conplectebsttir3
1436 1276 1471 1327 ut

161 1372 194 1424 et
218 1361 379 1425 veteribus
408 1361 531 1446 legibus
559 1373 590 1424 et
623 1371 712 1423 extra
744 1359 883 1422 ordinem
911 1372 1128 1443 quaereremur.
1184 1360 1267 1422 Huic
1295 1359 1469 1423 sententiae

161 1453 236 1516 dicit
258 1455 310 1518 Μ.
332 1454 454 1517 Trallius
471 1454 697 1526 intercessum
720 1465 815 1534 atque
837 1451 879 1515 ita
901 1453 1037 1529 lactum,
1061 1466 1095 1515 ut
1120 1466 1209 1515 extra
1232 1452 1374 1515 ordinem
1402 1452 1473 1534 qui·

161 1549 232 1609 dem
261 1559 487 1631 quaereretur,
511 1568 573 1610 non
597 1547 718 1608 tamen-l
748 1557 888 1618 vetusta,
910 1550 964 1609 sed
988 1569 1070 1610 nova
1097 1549 1166 1629 lege
1190 1545 1357 1627 Pompeia.
1401 1546 1474 1609 Pro

121 1655 151 1703 ts
162 1639 286 1704 Milone
308 1652 412 1702 autem
437 1639 575 1704 obnixe⁵
597 1641 760 1704 laborasse
783 1639 826 1718 Q.
850 1641 1045 1702 Hortensius
1068 1640 1248 1703 videbatur.

237 1753 302 1827 vt.
332 1747 365 1828 l.
408 1755 458 1828 At
484 1756 578 1827 enim
606 1753 673 1828 Cn.
702 1755 901 1852 Pompeius
927 1757 1119 1854 rogatione
1153 1780 1218 1829 sua
1245 1752 1315 1827 de⁶
1355 1780 1397 1827 re
1435 1764 1472 1828 et

162 1866 207 1940 de
233 1890 342 1939 causa
369 1867 555 1941 iudicavit.

244 1983 301 2064 [Ρ.
325 1983 416 2065 tls]
439 1984 584 2049 Alterum
609 1981 833 2066 praeiudicium
858 1983 983 2047 discutit
1007 1986 1047 2047 ad
1068 1983 1349 2054 utilitatemtsuum
1374 2004 1468 2046 revo-

161 2087 288 2141 caturus
310 2076 446 2159 eipsam²
465 2074 655 2162 'rogationis
676 2077 891 2160 Pompeianae
920 2076 1086 2151 lationem,
1120 2099 1181 2163 qua
1208 2079 1321 2160 quum8
1353 2077 1468 2140 vellent

119 2181 151 2231 tt
160 2181 361 2235 accusatores
394 2169 495 2234 videri
527 2175 779 2253 praedamnatum
813 2170 988 2247 Milonem,
1025 2173 1053 2234 'l'
1058 2171 1149 2234 ullius
1182 2171 1213 2234 in
1246 2173 1468 2252 respondendo

128 2331 130 2335 ,
160 2264 236 2328 satis
258 2264 412 2327 vivaciter
434 2277 688 2349 argumentatur,
712 2285 807 2349 quum
831 2267 942 2328 caedes
963 2265 994 2327 in
1014 2266 1163 2329 confesso
1187 2278 1364 2338 teneretur,
1390 2286 1469 2325 nun-

160 2377 253 2442 quam
276 2358 410 2421 laturum
434 2357 533 2421 sitisse
556 2340 619 2423 Cn.
644 2357 834 2439 Pompeium
859 2359 1021 2421 coosstlern
1042 2360 1064 2422 b
1088 2359 1095 2371 ’
1137 2359 1221 2421 modi
1247 2356 1465 2440 rogationem,

160 2460 195 2514 ut
224 2452 261 2514 de
298 2454 408 2516 eodem
441 2451 584 2516 facinore
613 2444 840 2536 quaereretur,
872 2451 931 2515 nis'i
966 2380 1247 2517 artissimum
1280 2450 1468 2536 aequitatem

160 2544 290 2609 subesse
301 2546 343 2621 ¹⁰,
375 2567 455 2631 quae
475 2545 568 2608 facile
589 2566 651 2628 pro
673 2565 732 2608 reo
753 2555 863 2626 posset
884 2556 960 2627 apot
980 2545 1098 2609 iudices
1120 2547 1276 2628 optinere.

118 2667 150 2714 ²⁵
235 2653 272 2732 2.
312 2659 407 2760 Quid
439 2686 557 2761 porro
582 2661 831 2760 quaerendum
857 2660 1078 2735 factumve¹¹
1117 2657 1196 2735 sit?
1235 2671 1273 2734 at
1309 2670 1465 2735 constat.

159 2770 193 2844 Α
220 2767 321 2869 quo?
358 2783 396 2845 at
420 2784 538 2870 paret.

243 2890 319 2932 ·-¹²
341 2890 430 2954 Haec
453 2890 512 2954 sibi
537 2888 701 2954 familiaria
729 2891 968 2968 concateoavit,
1006 2889 1207 2974 inquisitione
1237 2889 1408 2971 praemissa
1437 2901 1466 2952 et

159 2981 281 3046 subdita
314 2982 543 3066 responsione:
578 3005 658 3067 quae
681 2983 883 3048 ratiocinatio
904 2987 969 3048 hoo
992 2986 1145 3068 explicat,
1169 2984 1245 3048 nihil
1266 2995 1379 3049 contra
1400 2983 1465 3048 Mi·

160 3075 264 3141 lonem
285 3077 430 3141 statuisse
451 3078 654 3160 Pompeium.

118 3205 149 3255 ³⁰
236 3191 320 3264 Vll.
348 3184 383 3265 l.
412 3192 600 3266 Tribunus
626 3193 676 3292 pl.
704 3194 753 3268 Μ.
780 3194 1095 3269 Drususoccisns
1124 3202 1192 3266 est.

243 3309 368 3372 Et=hac
388 3311 597 3393 responsione
619 3323 730 3375 contra
755 3309 981 3394 praeiudicium
997 3309 1100 3372 miultis
1114 3321 1146 3373 et
1160 3309 1465 3397 fortibusqexesoplis

158 3401 348 3468 inmoratur.
391 3405 442 3468 Ac
473 3403 725 3488 primoquidem
749 3404 823 3468 dicit
848 3406 886 3467 de
916 3405 1045 3479 Druso,
1077 3403 1132 3486 qui
1159 3404 1341 3468 consulibus
1366 3407 1471 3469 Sexto

160 3493 296 3559 Caesare
312 3506 344 3558 et
366 3494 519 3579 Philippo
540 3520 633 3582 quum
650 3511 756 3579 partes
771 3510 897 3561 senatus
913 3498 944 3559 in
961 3497 1119 3560 tribunatu
1141 3518 1201 3561 suo
1216 3509 1327 3560 contra
1343 3499 1465 3580 plebem

158 3588 366 3670 suscepisset3
389 3590 469 3653 idem
486 3614 565 3656 vcro
587 3604 697 3674 postea
721 3592 828 3655 volens
850 3592 1021 3676 gratificari
1042 3591 1137 3656 soriis
1159 3603 1190 3655 et
1213 3590 1335 3654 Latinis
1354 3590 1466 3653 civita·

117 3703 147 3752 3⁵
158 3682 213 3765 [Ρ.
237 3683 326 3765 9111]
349 3685 444 3746 tcrn¹³
488 3685 663 3748 Romanam
686 3683 902 3768 promisisset,
937 3687 975 3747 ad
999 3698 1172 3748 extremum
1195 3683 1464 3767 eiusdemlpolli·

157 3773 316 3840 citationis
339 3775 512 3859 implendae
534 3777 753 3860 desperatione
776 3789 984 3861 praeventus,
1018 3777 1049 3841 in
1072 3775 1154 3842 atrio
1180 3782 1290 3842 donnus
1314 3798 1390 3840 suae
1418 3773 1464 3839 in·

157 3881 247 3933 certo
257 3869 282 3909 ¹⁴
304 3891 369 3955 quo
391 3891 582 3952 percussore
604 3867 806 3937 confossus*
828 3884 888 3937 est.
980 3917 985 3922 -

226 4005 252 4054 1.
271 4008 306 4052 lta
324 4008 384 4055 coe.
403 4010 428 4055 ir
446 4015 531 4069 quarto
555 4025 620 4059 essu.
658 4011 784 4066 (Ceterum
810 4015 876 4073 legs:
896 4010 992 4076 Fufium
1011 4009 1136 4059 Colonum.
1161 4013 1221 4068 tls.)
1257 4011 1282 4058 2.
1303 4015 1363 4059 Cod.
1383 4011 1461 4058 ruodo.

295 4073 319 4122 ³.
340 4077 400 4124 ese.
419 4085 469 4126 ent.
514 4076 539 4126 l.
559 4079 700 4128 Comitem.
742 4079 767 4127 5.
787 4081 848 4129 cod.
868 4081 988 4128 ebusus.
1032 4080 1056 4128 6.
1075 4082 1135 4127 Edd·
1154 4081 1233 4128 stris.
1273 4080 1297 4130 7.
1317 4084 1422 4129 ltseotl.
1441 4081 1464 4125 es'

292 4149 379 4204 proi,
399 4151 656 4208 qoiestsrcltsismns.
693 4147 717 4195 d.
738 4151 799 4199 Cod.
813 4165 922 4212 ermque.
960 4150 984 4198 9.
1004 4151 1063 4197 Cod.
1084 4151 1304 4197 animadvertet-er.
1343 4152 1384 4198 10.
1403 4154 1461 4197 cod.

294 4215 415 4265 subesset.
454 4217 495 4265 tt.
515 4216 550 4264 lts
568 4220 628 4265 Cod.
647 4233 674 4264 rs
691 4234 735 4276 pro
752 4234 800 4276 rre,·
817 4235 887 4279 qoam
903 4223 1043 4279 scriptoram
1061 4221 1117 4266 alibi
1132 4236 1224 4279 quoque
1243 4223 1266 4266 iu
1284 4224 1386 4280 suliqois
1401 4222 1463 4268 eodi-

295 4286 363 4332 eibns
381 4289 477 4334 memini
498 4302 536 4334 rus
557 4290 646 4336 ridere.
684 4286 725 4335 12.
745 4291 832 4346 supple
850 4291 947 4337 rsrlmm
970 4291 1015 4339 Gr.
1055 4288 1094 4338 ¹3.
1114 4291 1251 4346 (fortassn
1278 4294 1362 4336 rolens
1385 4292 1463 4354 groti·

289 4354 372 4418 fleon*
387 4359 466 4403 sociis
484 4365 509 4403 st
528 4357 642 4415 Latinis,
661 4359 695 4404 t'r'e
712 4359 835 4406 civitatens
853 4366 898 4406 eet.
929 4359 995 4420 Or.)
1028 4357 1067 4407 ll.
1087 4361 1123 4406 lta
1142 4362 1202 4407 Cod.
1241 4360 1305 4419 (larg
1332 4363 1461 4406 incertam.

295 4426 354 4481 Or.)
392 4426 432 4474 ts.
452 4427 513 4482 Cod,
533 4425 662 4489 confiteris.

230 4514 275 4569 57.
295 4509 367 4579 Lege
388 4511 543 4581 Appianum
562 4511 634 4566 oett.
655 4519 711 4566 cio.
730 4515 752 4568 l.
771 4519 816 4575 35.
835 4533 912 4586 seqq.
953 4515 1011 4587 ligo
1038 4534 1100 4569 seso
1127 4533 1212 4587 nuper
1233 4520 1263 4568 io
1283 4514 1398 4570 Diodori
1419 4514 1462 4566 st-

156 4583 211 4635 culi
233 4583 355 4655 reliquiis
374 4603 389 4636 e
410 4586 588 4658 pelirnpsesro
608 4591 741 4643 Vaticano
761 4592 843 4644 editis
864 4611 889 4662 p.
912 4595 974 4650 116.
1000 4597 1171 4663 lncognlram
1197 4591 1340 4644 lorinolam
1369 4605 1462 4644 sacra-

157 4660 244 4709 menti
263 4659 400 4730 evolgsvl,
425 4678 479 4730 qno
507 4663 649 4736 Philippus
675 4667 775 4722 consol
793 4671 913 4720 civitatis
936 4670 1072 4733 ltonranae
1093 4665 1208 4741 cupidos
1228 4666 1263 4720 ad
1282 4663 1461 4722 exhibendam

155 4729 245 4786 Druso
265 4731 452 4790 obedientium
470 4739 607 4812 exigebat.
646 4737 710 4807 (sd.
729 4739 856 4796 Diodori.
877 4761 904 4816 p.
929 4747 1002 4811 mo)
