3210 5280
175 213 235 278 136
582 274 586 280 ,
605 202 1046 283 PSEUDO·ASCONIUS

258 357 478 424 Comitiorttm
498 377 650 420 meorum
668 352 813 435 nomine]
857 354 903 418 Ut
924 373 987 437 ego
1009 347 1165 414 aedilitate
1191 347 1363 422 deiicerer,
1388 369 1482 429 qnam

172 450 331 531 petebam.
363 448 442 510 Poet
459 447 636 510 consularia
652 447 731 509 enim
747 459 777 509 et
792 446 950 529 praetoria
967 445 1091 508 comitia
1108 442 1240 505 aedilitia
1257 445 1481 524 sequebantur.

175 542 393 604 Comitiorum
415 551 516 600 autem
546 560 696 603 meorum
725 541 857 605 nornine
888 537 1020 612 addidit,
1058 547 1091 599 ut
1113 537 1311 606 ostenderet,
1349 543 1481 615 excepta

174 631 233 692 hac
254 631 384 712 proemia
407 642 504 696 totam
528 635 566 693 ad
588 630 824 713 corruptionem
847 631 982 694 iudicum
1006 631 1185 693 destinatam
1209 648 1290 689 esee.

149 729 164 780 5
257 721 422 792 Divitem
443 726 591 787 omnium
612 723 774 806 tribuum]
818 725 931 788 Utrum
948 724 1102 807 legitimos
1116 723 1235 785 habent
1259 739 1366 782 ornnes
1382 718 1479 781 tribue

175 816 329 879 divisores
359 835 451 892 enos,
485 836 566 900 quos
595 816 727 878 Plautue
759 817 927 900 magistrae
957 817 1112 879 curiarum
1142 813 1172 875 in
1202 812 1365 876 Aulularia
1389 820 1480 875 vocat

174 910 222 973 hia
246 909 370 972 verbine

332 999 424 1065 Nom
444 1011 573 1078 noster,
592 1012 727 1067 nostroe
747 1008 810 1087 qui
828 1014 876 1069 eet
896 1003 1057 1084 magister
1078 1003 1215 1076 cariae,

118 1094 165 1156 [³²]
333 1090 484 1155 Dividere
504 1093 640 1173 argenti
657 1114 810 1157 nummoe
831 1094 915 1157 dicit
935 1095 970 1153 in
992 1093 1092 1153 virne.

133 1195 164 1242 to
177 1201 213 1243 an
236 1180 392 1251 divisores
414 1180 551 1243 criminis
573 1202 687 1244 nonten
703 1183 773 1246 eet?
795 1186 858 1248 Sed
872 1185 898 1248 ai
919 1186 982 1247 hoc
1003 1194 1103 1260 eeeet,
1127 1203 1198 1247 non·
1211 1180 1272 1245 sibi
1296 1177 1413 1262 [annun]
1438 1201 1478 1243 ex

174 1274 212 1338 iit
234 1295 340 1336 carum
364 1294 432 1336 eree
454 1274 596 1336 dixisset.
956 1279 960 1285 '

259 1371 304 1449 (ς.
328 1367 395 1446 23.)
420 1369 540 1446 Ouiae
560 1369 674 1430 omnia
695 1389 771 1432 mea
790 1388 899 1431 cnuto
920 1367 1034 1433 debere
1053 1366 1296 1449 arbitrabatur]
1340 1364 1476 1431 Locutio

174 1479 236 1542 pro
262 1460 352 1543 plena
375 1461 526 1531 habetur3
548 1459 604 1519 aed
626 1457 650 1519 si
673 1479 828 1542 quaeras,
856 1462 941 1542 quod
969 1457 1123 1541 integrum
1150 1468 1215 1533 eat,
1240 1460 1326 1521 deeet
1335 1459 1478 1538 faeere,

177 1563 210 1615 ut
231 1552 291 1614 eit:
326 1555 441 1615 omnia
461 1552 595 1629 faeere.
639 1551 683 1613 Et
711 1553 792 1614 bene
827 1552 941 1614 omnin
966 1551 1135 1632 praetulit,
1169 1560 1204 1612 ut
1235 1553 1313 1614 haec
1338 1549 1477 1634 proditio

133 1655 301 1710 tieecreto
323 1656 410 1707 actae
432 1644 479 1707 rei
501 1655 633 1726 propter
655 1643 816 1706 amicitiam
838 1643 985 1717 ‚videatur
1007 1665 1074 1705 ease
1097 1655 1254 1725 streeepta.

263 1737 343 1802 Cum
364 1739 432 1817 ipre
452 1745 649 1816 praeturum
669 1734 815 1817 petisset]
860 1735 1005 1798 Ostendit
1021 1738 1156 1800 Verrem
1172 1758 1235 1799 non
1252 1735 1346 1822 gratis
1360 1736 1478 1798 facturn

177 1826 274 1890 suisne
295 1839 474 1908 praetorem
497 1829 668 1901 urbanum,
705 1840 736 1890 et
758 1829 888 1889 alterum
913 1829 1098 1907 Metellum,
1131 1841 1308 1913 praetorem
1332 1829 1478 1908 Siciliae,

179 1920 310 2003 pecunia
333 1919 448 1983 Verria
469 1919 610 1982 similiter
633 1920 780 1984 meruisse
801 1932 992 2002 praeturam.
1089 1949 1092 1957 ·

264 2015 303 2096 O.
324 2014 453 2082 Verrem
473 2011 631 2091 llomiliu]
676 2014 714 2091 Q.
736 2015 865 2078 Verrem
893 2034 1005 2076 nomen
1036 2023 1083 2076 eei
1111 2016 1286 2095 proprium.
1329 2013 1478 2077 Romilia

270 2157 297 2212 11.
316 2162 406 2208 totam
430 2153 470 2205 ad
493 2161 616 2222 corrupt.
636 2153 754 2206 iudicum
772 2154 954 2224 destinatam]
990 2160 1053 2209 iiot.
1074 2158 1154 2210 Creu.
1186 2185 1221 2198 -
1248 2166 1339 2208 totam
1357 2164 1481 2224 corrupt.

176 2228 294 2285 melleum
320 2228 491 2280 destinatam
516 2227 608 2296 Ptine,
635 2228 741 2282 iterate.
768 2257 806 2270 -
833 2238 923 2281 totam
948 2240 1072 2303 corrupt.
1097 2231 1216 2284 iudicum
1234 2231 1399 2283 destitutam
1419 2228 1480 2284 did.

176 2304 246 2360 ted.
267 2304 346 2358 Man.
366 2329 400 2345 -
419 2310 510 2354 totam
529 2311 651 2373 corrupt.
671 2303 767 2355 iudicii
786 2303 949 2356 destitutam
969 2305 1054 2377 lugd.

268 2382 352 2439 5-9.
372 2377 432 2430 Hoc
451 2377 575 2430 echoiion
594 2382 718 2449 aequenti
738 2394 950 2452 poetpoenernnt
969 2398 1064 2433 omnee
1085 2398 1148 2435 ante
1168 2381 1248 2434 Cren.

269 2457 295 2510 5,
316 2452 414 2504 Utrum
432 2453 577 2521 legitimos
594 2451 695 2504 tatem
713 2455 779 2521 cen]
818 2453 947 2523 „Mirum
968 2470 1008 2507 eet
1023 2458 1170 2509 Aeconinnt
1186 2461 1324 2528 ignoratae
1344 2451 1483 2504 divisores

177 2532 286 2602 proprie
311 2544 370 2580 eree
396 2526 553 2580 diribitoree
579 2525 740 2580 tabellarum
760 2532 789 2579 in
808 2533 948 2592 comitiis,
977 2547 1092 2600 quornm
1120 2528 1214 2584 delude
1235 2544 1316 2603 opera
1335 2530 1482 2583 utebantur

177 2608 214 2668 ii,
242 2606 288 2677 qni
316 2606 430 2673 pecunia
450 2617 624 2675 eorrumpere
643 2606 715 2655 civee
735 2601 833 2654 velient
853 2603 894 2655 vel
914 2600 947 2653 ad
967 2603 1114 2658 obtinenda
1132 2605 1259 2678 eutii-agia
1279 2603 1326 2671 vel,
1340 2602 1373 2655 ad
1393 2618 1483 2656 certae

176 2676 336 2735 candidatae
356 2681 517 2748 magietratu
536 2693 617 2747 quem
638 2692 761 2749 peterent
780 2675 980 2731 deiiciendoe.”
1010 2679 1180 2733 sctttttt‘rz.

268 2753 296 2809 6.
315 2758 346 2803 iu
366 2751 526 2817 Aulularia]
565 2752 667 2805 detti.
688 2751 735 2808 Sc.
756 2759 781 2805 2.
802 2769 839 2805 ve.
860 2756 902 2809 29.
925 2769 964 2823 tq.

242 2845 248 2857 ·
268 2828 297 2883 9.
315 2823 451 2879 Dividere
469 2830 585 2894 argenti
602 2843 726 2877 ntunmoe
744 2825 824 2894 dicit]
846 2825 985 2879 divideret
1004 2832 1189 2896 argentinum.
1209 2843 1275 2879 mox
1294 2825 1363 2877 dicit
1382 2826 1478 2879 Ptine.

179 2929 211 2950 .-
225 2899 364 2955 divideret
376 2905 490 2967 argenti
508 2916 605 2952 numm
622 2900 691 2952 dicit
710 2898 769 2954 ttd.
790 2900 915 2953 dividere
934 2908 1049 2969 argenti
1066 2903 1140 2953 dieat
1152 2918 1276 2954 eremmoe
1287 2899 1367 2953 editt.
1380 2899 1479 2952 Plauti.

253 2972 322 3029 ibid.
341 2974 422 3046 dicit]
455 2975 545 3030 Ptine.
564 2973 672 3029 Bereld.
691 2973 754 3029 did.
774 2974 843 3031 Lod.
872 3003 908 3017 -
934 2975 1010 3029 dieu
1030 2975 1113 3049 Lugd.
1134 2977 1198 3029 Hot.
1219 2979 1296 3032 Mna.
1315 2976 1396 3028 Creu.
1418 2989 1483 3026 cum

177 3052 257 3107 editt.
276 3049 376 3103 Plauti.

253 3130 296 3180 to.
316 3141 354 3178 aa
378 3122 515 3175 divisores
539 3126 666 3175 ertminie
683 3153 702 3167 -
722 3153 742 3166 -
760 3155 778 3166 -
798 3140 856 3176 eree
879 3123 1013 3196 dixirim]
1043 3124 1117 3176 ilaec
1143 3125 1314 3179 Hotomanus
1342 3136 1485 3194 tamqnam

176 3212 331 3273 reparatum
350 3197 475 3251 echolion
495 3202 602 3272 poenit,
622 3202 694 3252 inter
713 3197 793 3251 rerba
811 3214 871 3250 esse
888 3207 1016 3270 suscepta
1033 3214 1059 3251 et
1080 3200 1147 3251 Cum
1165 3205 1239 3270 ipse,
1261 3203 1320 3251 eice
1338 3201 1387 3249 Aa
1405 3196 1485 3248 divi-

177 3277 267 3342 sores]
290 3275 318 3325 A
335 3276 462 3325 criminis
480 3287 533 3326 cet.
553 3277 653 3346 inepta.

253 3358 296 3406 11.
315 3364 398 3401 tauram
417 3365 454 3397 aa
471 3346 520 3418 iis]
554 3345 639 3420 Lugd.
658 3347 725 3402 liat.
742 3346 821 3402 Men.
841 3347 925 3402 Creu.
954 3377 990 3391 —
1013 3365 1050 3399 ee
1068 3345 1112 3398 ltie
1129 3365 1211 3398 unum
1235 3344 1303 3399 Lod.
1327 3373 1365 3388 -
1389 3363 1426 3397 ea
1450 3349 1487 3398 lie

114 3468 117 3477 i
177 3427 248 3490 (ont.
268 3419 363 3495 mm)
384 3424 497 3493 prioree.

100 3486 114 3505 ⁹
254 3501 299 3553 12.
318 3494 523 3567 arbitrabatur]
543 3495 621 3552 Men.
641 3523 676 3539 ι-
696 3495 910 3549 arbitrabantur
930 3498 1022 3550 Princ.
1043 3493 1322 3550 medullatae.
1343 3492 1431 3567 Lngd.
1448 3522 1486 3538 -

177 3571 356 3628 arbitraretur
374 3572 456 3624 Creu.

254 3645 299 3703 tlt.
315 3644 467 3718 praetulit]
494 3644 584 3698 Princ.
605 3641 666 3698 ild.
684 3671 721 3689 ·-
736 3645 858 3715 protulit
876 3647 969 3698 ceteri.

252 3728 298 3780 te.
316 3728 345 3771 et
362 3721 480 3771 alterum
499 3718 659 3786 Metellum,
674 3728 835 3789 praetorem
853 3719 965 3771 Siciliae
980 3719 1116 3789 pecunia]
1136 3723 1165 3769 et
1183 3716 1303 3769 alterum
1322 3715 1486 3789 Metellum,

173 3803 335 3870 praetorem
358 3793 509 3856 urbanum,
529 3794 648 3846 attemm
662 3801 822 3865 praetorem
840 3794 950 3849 Siciliae
966 3810 1029 3862 pec.
1052 3793 1116 3847 Hot.
1136 3794 1217 3846 cren.
1266 3789 1485 3860 „Deciderantnr

179 3876 209 3929 in
233 3869 294 3926 aliie
323 3873 420 3939 [imma
447 3873 476 3923 in
501 3871 611 3940 ceteris]
640 3871 708 3921 haec
728 3867 807 3919 rerba
827 3867 995 3946 [praetorem
1014 3866 1164 3932 tabanum,
1185 3867 1335 3936 alterum],
1365 3881 1433 3937 quae
1454 3883 1486 3919 ex

179 3959 340 4015 argumento
355 3944 538 3999 Divinatianie
558 3957 666 4014 tumpta
685 3957 764 4008 eunt,
784 3958 811 3995 et
831 3957 846 3993 a
866 3941 947 3994 nobit
968 3942 1020 3995 hoe
1039 3942 1101 3994 ioco
1123 3941 1275 3997 reatitntt.''
1296 3940 1384 3995 ΗΟΤ.
1402 3969 1440 3986 -
1459 3947 1488 3993 et

178 4028 298 4073 atterum
319 4018 463 4074 Metellum
481 4017 586 4073 scilicet
600 4025 781 4092 praetorem,
797 4035 857 4086 pec.
879 4017 978 4071 Graev.
992 4017 1106 4071 Scirttta.
1144 4018 1210 4087 ¹,Sic
1223 4012 1362 4068 emendavi
1377 4032 1410 4067 ex
1423 4014 1485 4070 Ms.

179 4110 242 4148 curu
262 4109 389 4166 corrupte
409 4092 513 4165 legatur
533 4097 562 4145 in
582 4090 679 4144 edittae
700 4100 727 4143 et
740 4092 858 4143 alterum
870 4091 1014 4142 Metellum
1025 4099 1186 4156 praetorem
1199 4091 1347 4149 urbanum,
1367 4091 1487 4141 alterum

176 4177 337 4246 praetorem
356 4168 483 4231 Siciliae,
508 4171 635 4237 pertenta.
655 4185 686 4221 ex
705 4167 812 4218 seilicet
830 4181 923 4218 natum
944 4167 1068 4233 Siciliae,
1101 4180 1190 4221 cetera
1210 4174 1274 4223 eunt
1293 4181 1434 4239 perperam
1455 4181 1488 4217 ex

179 4242 357 4324 praecedente
376 4260 454 4297 veren
474 4241 619 4315 repetita.‘'
645 4241 776 4295 Gaetu

253 4318 323 4377 lbid,
343 4320 484 4385 merut'eee]
506 4335 547 4369 me
558 4314 655 4385 siaiere
674 4316 766 4368 Ptine.

253 4392 324 4450 ibid.
343 4393 472 4445 similiter
491 4396 622 4442 meruisse
637 4393 812 4459 praeturam]
851 4390 1010 4456 „Nimirum
1038 4404 1071 4440 eo
1090 4392 1206 4460 pertinet
1223 4391 1377 4458 praetoriis
1396 4391 1486 4437 eomi-

181 4471 245 4525 tilr,·
270 4467 342 4540 quod
363 4484 453 4520 autem
473 4471 557 4519 etiam
578 4470 615 4517 ait
635 4483 663 4517 se
681 4469 819 4532 proximis
838 4464 1028 4517 cortsularilmt
1047 4467 1169 4516 comitiis
1187 4480 1235 4516 eos
1253 4462 1407 4512 liberaliter
1426 4471 1487 4512 tra-

180 4550 287 4606 ctasse,
315 4542 477 4615 intelligitur
496 4545 613 4613 pecunia
634 4538 711 4601 dara,
732 4555 761 4592 ιιι
781 4540 928 4592 Horteneio
947 4543 1037 4593 amico
1057 4555 1106 4590 ene
1126 4552 1157 4590 ac
1177 4552 1293 4611 patrono
1313 4539 1487 4588 contutatum

180 4619 358 4675 conciliarent
380 4622 407 4671 in
428 4621 578 4688 proximum
597 4615 725 4672 annum.”
745 4613 926 4666 sutttJEtz..

258 4696 300 4749 ¹9.
321 4693 354 4762 Q.
374 4692 493 4749 Verrem
512 4689 638 4746 liorrtilia.
658 4690 692 4759 Q.
712 4689 841 4754 Verrem]
875 4689 949 4742 Man.
969 4712 1005 4726 -
1025 4688 1057 4740 C.
1078 4703 1194 4739 uerrem.
1214 4683 1358 4738 Romiliuci
1377 4703 1486 4735 uerrem

182 4768 274 4827 Ptine.
303 4794 335 4815 a·
365 4766 395 4822 C.
415 4766 545 4823 Verrem.
564 4763 680 4821 Romilia
700 4763 819 4819 Verrem
837 4763 944 4821 Berald.
975 4791 1011 4807 ι-
1038 4761 1068 4818 C.
1089 4761 1209 4818 Verrem
1228 4757 1350 4835 (omittit
1372 4763 1484 4824 arteria)
