3210 5280
342 170 390 236 ΙΝ
415 168 556 236 ORAT.
579 172 676 237 PRO
699 172 801 238 SEX.
825 173 998 241 Roscio
1024 175 1279 270 autumna
1388 182 1447 245 tii

217 309 302 393 Cap.
325 311 393 375 IV.
417 311 449 376 9.
476 314 572 378 Nam
595 314 843 396 commoditati]
867 314 1103 380 Proantidosis.
1148 317 1268 384 Tribus
1291 319 1371 385 enim
1395 343 1450 384 su·

128 403 315 487 perioribus
340 405 471 470 totidem
504 406 584 470 iulra
613 409 733 474 retulit.
788 410 972 474 Commode
1000 420 1106 473 autem
1138 411 1244 477 dicere
1277 436 1359 478 utine
1386 416 1450 480 hoc

128 500 307 585 significat,
332 500 548 582 pertinenter,
573 501 708 578 utiliter,
734 515 859 566 ornate.

212 598 374 660 Summas
394 595 513 676 timor]
536 596 702 674 Ostendit,
727 610 876 680 qnantum
900 595 942 660 sit
961 595 1070 661 timor.
1114 597 1245 679 Pudor]
1269 623 1405 667 morum.

216 687 342 771 Venia]
371 691 529 773 Prompta
554 690 766 776 benignitate,
790 690 929 768 auxilio,
961 703 996 756 nt
1024 692 1200 778 Virgiliuss
1233 708 1374 761 orantes
1396 713 1474 762 are-⁵

127 803 236 846 nram.
1357 844 1361 852 .

187 881 289 942 ·Hoc
310 879 412 960 onus]
441 879 620 944 Permansit
644 879 677 943 iu
703 877 908 944 translatione
942 889 1077 961 propter
1115 879 1276 942 Sullanum
1312 891 1447 964 ternpus.

127 971 172 1034 Et
198 975 286 1053 quod
311 973 512 1038 subaudimus
535 977 559 1049 †
581 972 765 1064 perferam
793 997 846 1037 me
872 995 976 1038 onere
1005 975 1108 1037 mato.
1168 974 1288 1038 Melius
1315 986 1381 1052 cst,
1414 989 1450 1041 ut

128 1065 288 1147 opprimat
311 1088 359 1130 me
385 1067 501 1130 invidia
524 1068 645 1131 Sullani
665 1069 836 1151 temporis,
860 1089 952 1154 quarn
980 1078 1111 1137 taceam.

215 1162 267 1222 11.
292 1164 342 1225 Te
356 1183 490 1245 quoque
505 1162 660 1226 maximo
674 1184 795 1244 opere,
818 1160 942 1241 Fanni]
963 1159 1102 1225 Fannius
1119 1159 1257 1242 praefuit
1277 1161 1448 1246 aliquando
1461 1180 1494 1230 tt

126 1252 202 1316 huic
228 1253 406 1337 quaestioni
435 1257 473 1318 de
496 1253 632 1319 sicariis.
661 1254 807 1319 Excitat
832 1255 926 1320 etiam
954 1254 986 1318 in
1010 1257 1072 1318 bac
1094 1253 1280 1339 quaestione
1303 1258 1341 1318 ad
1364 1256 1449 1320 anti·

127 1369 223 1431 quum
247 1348 391 1411 severius
412 1349 606 1429 exemplum.

213 1439 296 1523 Cap.
321 1443 366 1505 V.
400 1446 542 1525 Quanta
571 1443 767 1524 multitado]
810 1445 856 1507 Et
883 1443 946 1508 hoc
974 1442 1004 1507 in
1033 1442 1201 1507 rhetoricis
1229 1456 1447 1528 praeceptum.

125 1537 170 1599 Et
193 1536 257 1598 boc
283 1537 324 1597 ad
349 1533 498 1601 virtutem
517 1535 682 1619 principii
703 1535 861 1618 pertinet,
892 1539 979 1624 quod
1002 1536 1194 1620 appellatur.

210 1633 336 1712 Longo
356 1628 439 1692 item
459 1628 651 1712 intervallo]
676 1629 835 1711 Quoniam
858 1643 933 1713 post
952 1644 1097 1715 tempora
1119 1632 1194 1696 belli
1209 1631 1331 1710 civilis,
1353 1632 1447 1697 resti·
1460 1653 1490 1702 tt

122 1720 201 1785 tutis
224 1720 348 1784 iudiciis
374 1722 453 1784 haec
475 1722 577 1804 prima
603 1743 696 1785 causa
721 1736 790 1786 acta
817 1735 877 1788 est.

211 1819 326 1899 Quum
347 1814 481 1879 interea
499 1816 618 1879 caedes
640 1815 916 1901 indignissimae]
938 1819 1032 1902 Ergo
1048 1818 1132 1881 nulla
1151 1818 1282 1882 suerunt
1295 1819 1449 1902 peccata?

208 1914 337 1975 Omnes
364 1914 452 1974 hanc
472 1909 718 1996 qaaestionem]
749 1912 824 1974 Hoc
849 1912 919 1974 vult
940 1911 1065 1975 dicere:
1101 1910 1208 1976 sicarii
1229 1912 1283 1977 isti
1305 1913 1447 1977 homines

124 2003 313 2070 occidebant
335 2005 470 2082 runltos;
495 2017 529 2068 ut
551 2004 689 2067 vitarent
709 2002 873 2083 invidiam,
897 2006 961 2068 boc
985 2004 1047 2069 sibi
1069 2018 1238 2070 suaserunt
1261 2007 1447 2074 continuare

123 2098 259 2163 scelera.
1457 2131 1490 2182 20
1575 2119 1577 2123 ’

206 2195 231 2267 †
254 2190 425 2274 Dimisso]
453 2193 492 2257 Id
512 2203 579 2266 est,
602 2212 679 2273 prae
701 2205 904 2275 contempto,
927 2190 1040 2257 relicto
1062 2192 1255 2258 habitorum.

210 2288 263 2350 12.
287 2291 344 2352 M.
367 2286 493 2363 Fanni,
516 2285 717 2368 antepedes
739 2290 885 2368 nestros]
909 2286 1167 2370 Anticategoria.
1211 2288 1275 2351 Hic
1294 2286 1447 2353 illuminat

122 2403 223 2466 genus
253 2402 383 2458 causac,
418 2383 506 2464 quod
532 2392 563 2443 ct
588 2379 802 2445 defensionem
833 2382 949 2443 babeat
974 2400 1037 2462 pro
1067 2402 1126 2445 reo
1154 2392 1186 2445 et
1212 2381 1445 2447 accusationem

122 2480 155 2543 in
177 2478 393 2544 adversarios.
1432 2464 1438 2475 ’

208 2573 291 2655 Cap.
316 2572 381 2636 v1.
407 2572 459 2634 tt.
481 2573 594 2636 Erant
612 2568 645 2634 ei
665 2567 807 2652 ueteres]
832 2569 941 2652 Usque
956 2571 995 2632 ad
1010 2568 1100 2632 istam
1116 2570 1308 2636 narrationis
1322 2586 1444 2657 partem
1456 2596 1487 2647 2⁵

121 2665 183 2730 init
212 2666 354 2731 narratio
385 2662 545 2749 pertinens
575 2665 615 2726 ad
645 2665 747 2740 bona,
783 2661 856 2747 quia
885 2684 949 2727 non
976 2663 1084 2734 debuit
1108 2664 1282 2747 proscribi.
1338 2669 1444 2735 Modo

123 2762 163 2823 ad
186 2764 326 2824 caedem.

206 2851 380 2933 Alterum]
402 2853 558 2936 Magnum
582 2848 669 2914 dicit.

205 2947 372 3012 Homines
393 2945 576 3026 eiusmodi]
609 2944 783 3024 Novimus,
815 2943 887 3030 quia
921 2943 1113 3027 gladiatores
1135 2968 1176 3009 ex
1204 2945 1299 3010 factis
1328 2969 1445 3013 nomen

121 3039 291 3123 accipiunt.
337 3040 372 3104 si
395 3039 482 3103 facili
504 3039 568 3102 ictu
594 3051 689 3122 caput
710 3037 922 3124 percusserit,
957 3040 1079 3122 Capito
1105 3040 1239 3116 dicitnr;
1274 3040 1302 3104 si
1328 3043 1487 3117 multasse

120 3133 250 3212 vicerit,
274 3139 444 3220 Magnas.
485 3212 487 3217 y

206 3230 264 3294 Art
285 3252 363 3293 enm
384 3229 557 3309 lanistam]
590 3226 770 3306 Describit,
802 3227 875 3312 quia
900 3227 1112 3312 gladiatorum
1139 3228 1264 3294 nomina
1287 3227 1379 3293 dixit.

207 3329 300 3390 Ante
332 3327 419 3388 banc
441 3323 612 3409 pugnam]
652 3321 728 3386 Sive
761 3334 832 3387 ante
861 3325 988 3386 caedem
1017 3325 1096 3387 Sex.
1126 3323 1238 3388 Roscii
1275 3322 1342 3387 sive
1371 3335 1444 3388 ante

120 3419 238 3484 bellum
260 3419 366 3482 civile.

205 3512 289 3594 Cap.
313 3513 398 3576 Vll.
423 3513 475 3576 18.
497 3514 594 3578 Nam
612 3533 717 3596 qaum
735 3510 788 3574 nic
810 3514 894 3576 Sex.
918 3510 1077 3594 Rosciae]
1102 3511 1312 3595 Praeparatio
1331 3535 1348 3577 a
1368 3514 1486 3586 locots

119 3609 169 3673 rel
198 3620 419 3692 argumentum
440 3618 471 3670 et
492 3605 673 3670 facultatem
694 3626 758 3669 non
781 3606 937 3688 potuisse.

195 3913 222 3968 li.
244 3913 285 3964 An
304 3909 447 3980 precatus?
475 3907 528 3962 Oa.
567 3913 594 3966 8.
613 3916 641 3959 et
659 3905 734 3978 quod
750 3910 817 3976 eea]
840 3907 876 3963 G.
901 3936 940 3951 -
963 3915 994 3959 et
1012 3906 1079 3978 qnid
1097 3906 1146 3961 Gr.
1169 3936 1206 3951 -
1224 3907 1264 3960 Et
1284 3908 1442 3982 [eiusmodi]

119 3986 188 4059 qaid
204 3984 382 4037 srebaads'mns
402 3985 447 4054 [in
465 3983 570 4055 verbis]
588 3981 734 4052 perferam
760 4013 779 4026 -
799 4014 817 4025 -
837 4001 879 4035 me
909 4001 991 4035 onere
1020 4001 1045 4038 o.
1072 3984 1155 4037 malo.
1192 3983 1297 4034 Melias
1316 3993 1358 4036 est
1377 3982 1442 4037 Sela.

120 4070 167 4121 12.
196 4062 335 4130 severim]
363 4061 451 4113 Foru:
499 4064 670 4111 severitatis.
701 4058 754 4112 On.
784 4062 826 4118 13.
847 4058 897 4126 Et]
924 4060 959 4114 G.
985 4085 1021 4099 -
1047 4066 1101 4114 Est
1122 4060 1172 4112 Gr.
1193 4058 1259 4112 Sch.
1312 4063 1356 4117 16.
1375 4068 1442 4111 acta

119 4141 174 4206 est]
196 4139 232 4191 G.
254 4139 303 4189 Gr.
323 4163 360 4177 -
380 4133 476 4186 habita
496 4143 538 4188 est
558 4134 623 4188 Scla.
644 4137 728 4187 tarltc
768 4130 812 4192 17.
832 4132 912 4202 Ergo
925 4133 1133 4205 mdlajrserant
1149 4133 1302 4204 precatui]
1324 4135 1358 4190 G.
1380 4135 1441 4201 Gn,

118 4211 167 4267 sed
193 4218 253 4266 sine
279 4216 411 4277 interrog.
437 4214 458 4265 1.
485 4210 516 4264 F.
545 4209 700 4263 Gronovius
721 4207 882 4282 adscripsit:
908 4210 937 4263 F.
951 4215 1062 4279 penita.
1102 4210 1173 4261 tltne
1193 4208 1275 4263 Scb.:
1295 4237 1331 4252 -
1350 4210 1442 4262 mallee

110 4285 145 4359 f.
160 4292 288 4356 punitae·
327 4291 374 4343 21.
396 4274 522 4353 dimisso]
544 4285 611 4357 Leg.
632 4285 818 4338 dimissorum.
857 4283 924 4338 sctt.
949 4301 1013 4338 eum
1040 4283 1222 4337 Steinmetsio
1246 4283 1325 4336 locus
1355 4285 1442 4338 Cice·

117 4367 195 4416 roais
215 4367 257 4416 sic
277 4359 485 4415 constituendus
505 4375 562 4415 est:
596 4360 697 4414 Omnes
722 4358 794 4411 tanc
819 4364 1023 4429 quaestionem,
1052 4368 1079 4411 te
1095 4368 1249 4430 praetore,
1279 4357 1442 4428 mamsestie
1526 4355 1528 4359 ’

117 4436 267 4508 maleficiis
286 4436 501 4506 qesnts'dtanoqrse
519 4441 658 4502 sanguine
676 4435 853 4487 dimissorum
871 4444 988 4507 sperant
999 4436 1151 4503 frstrsram.
1189 4432 1246 4489 ctr.
1259 4439 1341 4488 etiam
1356 4434 1441 4487 Mad-

117 4516 184 4583 vigit
205 4509 319 4584 praelat.
346 4510 379 4563 sd
406 4511 480 4565 Edit.
509 4510 600 4565 Orau.
626 4527 687 4583 pag.
716 4511 767 4564 tx.
827 4514 873 4568 25.
902 4514 961 4578 rso]
989 4511 1051 4563 Scb.
1079 4513 1175 4564 tacite.
1204 4538 1240 4553 -
1268 4527 1302 4561 eo
1328 4511 1363 4563 G.
1389 4510 1440 4566 Gr.

117 4592 165 4646 32.
186 4589 327 4654 lanistam]
348 4585 503 4653 Describit]
524 4586 589 4658 ch.
603 4585 726 4642 ridetur:
747 4584 888 4654 lanistam]
909 4586 1054 4639 Lanistem
1073 4583 1205 4636 describit
1224 4599 1277 4639 cet.
1316 4589 1360 4643 33.
1373 4593 1441 4637 ante

118 4662 203 4731 banc]
234 4663 268 4717 de
294 4663 406 4715 Graevii
432 4665 568 4716 sententia
595 4661 660 4714 Scb.
690 4688 729 4703 -
756 4668 842 4712 antea
860 4667 890 4715 in
916 4662 950 4717 G.
972 4661 1022 4717 Gr.
1060 4663 1107 4722 56.
1125 4660 1174 4713 vet
1189 4662 1255 4731 cen]
1277 4658 1312 4716 G·
1333 4659 1384 4716 Gr.
1402 4689 1441 4707 ι-

118 4737 158 4797 ad
175 4756 240 4814 erg.
261 4756 322 4792 snm
331 4735 400 4814 fac.
418 4754 474 4792 aon
493 4735 621 4790 habram
640 4736 705 4793 Scb.
727 4739 804 4793 conl.
