3210 5280
227 215 267 280 aa
662 209 1084 311 rsauoouscomos

227 351 537 436 uignepromisissei.
561 350 703 414 Accessit
713 352 758 413 ltis
768 350 986 434 nonignobilis
996 349 1101 412 sutura
1115 348 1187 412 idco
1204 351 1242 412 de
1257 350 1364 413 Verre
1380 349 1528 426 victoria,

227 447 299 530 quia
323 469 338 507 a
363 445 524 518 Metellis,
562 444 780 525 Scipionibus,
816 454 847 508 et
870 444 973 505 utultis
995 442 1061 504 aliis
1086 441 1242 503 nobilibus
1266 441 1360 516 viris,
1384 453 1414 504 et
1436 465 1532 525 prae-

227 540 317 620 cipue
347 541 386 599 ab
419 536 593 600 Hortensio
627 537 697 617 ipso
731 537 971 611 defenderetur,
1009 534 1101 596 facile
1132 545 1163 595 et
1196 533 1338 614 principe
1367 533 1398 594 in
1427 548 1536 597 senatu

226 645 360 714 propter
376 631 586 702 nobilitatem,
611 641 640 690 et
656 629 686 692 iu
701 629 777 692 soro
794 631 836 691 ob
852 627 1061 712 eloquentiam
1078 647 1155 709 rege
1170 647 1352 700 cattsarutu,
1377 638 1407 688 et
1422 631 1534 689 eodem

200 726 355 805 iconsule
370 723 534 803 designato
550 742 618 782 cum
636 721 678 800 Q.
697 722 848 793 Metello,
873 722 971 784 fratre
986 720 1210 792 Metellorum,
1235 718 1362 780 alterius
1377 718 1536 798 praetoris

182 826 215 880 [at
226 818 341 891 Simili,
366 815 492 878 alterius
514 815 673 894 praetoris
686 814 810 879 urbani.
856 814 916 881 His
930 813 973 877 ita
989 811 1167 873 constitutis
1181 809 1300 896 eaqtitit
1317 811 1359 890 Q.
1377 810 1536 875 Caecilius

225 910 345 987 Niger,
371 911 466 971 domo
489 906 631 978 Siculus,
655 919 686 968 et
709 919 858 991 quaestor
879 903 991 967 Verris
1014 902 1223 976 eteiusdem,
1238 902 1280 965 'ut
1306 902 1373 983 ipsc
1388 904 1533 978 dicebat,

225 1001 385 1073 inimicus,
423 999 476 1083 qui
506 1020 539 1060 se
569 999 674 1080 potius
707 1009 919 1060 accusatorem
952 999 1155 1059 contenderet
1184 995 1332 1056 constitui
1362 1010 1533 1078 oportere,

224 1095 280 1154 has
302 1094 437 1156 afferens
459 1113 585 1152 cattsas:
622 1113 728 1166 ttnatn,
766 1093 852 1174 quod
881 1092 920 1151 ab
951 1111 991 1152 eo
1017 1090 1116 1151 laesus
1139 1097 1168 1148 et
1187 1087 1233 1174 ¹ob
1255 1089 1317 1150 hoc
1339 1087 1407 1150 iure
1428 1087 1474 1150 illi
1495 1088 1535 1149 sit
1567 1154 1569 1156 ,

183 1184 384 1257 tuinimicus,
420 1204 517 1267 quare
538 1184 775 1266 praevaricator
797 1204 867 1244 esse
889 1204 952 1244 non
974 1183 1093 1263 possit;
1130 1181 1283 1256 alteram,
1321 1183 1424 1263 quod,
1464 1202 1534 1242 cum

224 1288 377 1360 quaestor
397 1275 427 1338 ei
451 1288 513 1338 tum
536 1277 651 1350 inerit,
675 1277 768 1339 etiam
791 1274 858 1355 ipse
879 1274 911 1336 in
931 1287 1099 1358 quaestura
1113 1273 1240 1359 putarint
1262 1274 1386 1359 noverit
1401 1272 1534 1346 Verris;
1568 1340 1571 1345 ,

223 1371 366 1443 tertiam,
405 1372 491 1451 quod
514 1369 635 1432 Siculus
662 1390 723 1449 pro
746 1367 856 1429 Siculis
877 1379 961 1450 agat.
1006 1365 1233 1429 Huiuscemodi
1257 1365 1531 1447 propositionibus

224 1460 342 1524 Cicero
364 1460 541 1544 designatus
563 1460 671 1524 aedilis
692 1460 738 1522 his
758 1458 909 1541 capitibus
929 1464 1120 1541 respondet:
1142 1471 1354 1538 accusatorem
1370 1479 1438 1520 etun
1462 1477 1532 1521 esse

224 1566 394 1634 oportere,
434 1553 487 1637 qui
518 1553 634 1615 invitus
665 1553 791 1642 cogitur
819 1551 983 1633 religionis
1011 1552 1139 1628 ollicio,
1174 1564 1305 1636 rogatus
1327 1554 1367 1612 ab
1386 1551 1531 1614 omnibus

182 1645 355 1719 ¹⁵Siculis3
392 1643 445 1728 qui
468 1655 528 1726 pro
551 1644 734 1725 republica
764 1644 848 1728 agit;
887 1666 977 1728 quem
1001 1646 1130 1719 volunt,
1165 1642 1399 1727 qttiaceusant;
1437 1665 1531 1728 quem

224 1737 349 1811 metuit,
374 1737 426 1820 qui
448 1749 630 1810 accusatur;
654 1734 708 1819 qui
729 1736 859 1798 idoneus
881 1748 928 1798 est
949 1735 1093 1799 facundia
1114 1736 1372 1821 innocentioque;
1396 1736 1450 1820 qui
1467 1737 1532 1798 boc

222 1829 296 1890 lacu
320 1829 492 1892 undatione
520 1829 685 1891 maiorum.
729 1829 852 1892 Divisio
874 1829 1074 1912 principalis:
1111 1853 1170 1894 una
1192 1833 1231 1894 de
1251 1851 1285 1893 se
1303 1830 1393 1913 ipso,
1430 1829 1531 1891 altera

223 1923 261 1980 de
284 1921 484 1985 contentione
507 1922 554 1983 sui
577 1934 609 1984 et
631 1919 772 1985 Caecilii.
1143 1928 1146 1935 '

316 2086 342 2133 1.
362 2077 415 2146 leis]
438 2077 504 2133 Lod.
523 2095 550 2132 et
570 2099 643 2152 seqq.
663 2108 696 2123 -
715 2087 753 2134 eit
773 2085 865 2138 Ptine.
884 2082 992 2153 Bernld.
1010 2083 1071 2138 ild.

297 2153 368 2206 thid.
386 2153 487 2220 littura
507 2153 568 2205 ideo
584 2155 631 2224 eie]
654 2157 783 2211 Orellint.
803 2187 839 2201 -
848 2159 956 2229 jactura
974 2159 1005 2210 td
1022 2159 1055 2210 de
1074 2161 1165 2212 Prior.
1185 2187 1222 2198 -
1232 2156 1341 2228 sutura
1354 2155 1494 2209 deceteri.

314 2232 340 2286 5.
360 2231 395 2278 ab
415 2230 566 2280 Hortensio
586 2235 645 2300 ipso
665 2230 876 2302 defenderetur]
896 2234 1058 2300 ⁰,Hortensii
1078 2239 1167 2286 oratio
1187 2251 1236 2305 pro
1252 2237 1332 2285 llerre
1351 2231 1531 2284 circumiere-

222 2301 302 2355 batur
314 2303 478 2370 Quintiliani
495 2320 630 2374 tempore;
652 2307 710 2358 eide
725 2310 814 2362 luerit.
830 2308 908 2362 Orat.
922 2311 960 2364 X.
974 2306 1066 2374 hiis.
1104 2307 1156 2362 Sed
1170 2307 1259 2361 lictant
1273 2306 1366 2380 puto.’'
1387 2305 1529 2360 zuttetx

311 2381 338 2433 6.
358 2379 475 2428 alterius
490 2385 633 2448 praetoris
651 2381 761 2449 teriam]
781 2383 899 2434 alterius
917 2382 1017 2435 carboni
1036 2380 1110 2456 (om.
1125 2387 1286 2455 praetoris)
1306 2379 1373 2433 Lod.
1504 2442 1507 2447 ⁸

317 2459 342 2511 7.
362 2453 442 2503 domo
462 2453 583 2522 Siculus]
604 2451 684 2507 horno
702 2457 811 2508 St'cuiue
832 2457 898 2510 Lod.
919 2459 983 2519 flat.
1003 2458 1086 2513 Creu.
1114 2488 1149 2500 -
1176 2460 1272 2527 ¹,Quia
1291 2453 1369 2508 video
1388 2471 1462 2520 eote,
1482 2456 1532 2526 qni

219 2525 363 2598 legeoddtn
384 2543 478 2599 potent
501 2526 581 2599 noym
599 2530 723 2594 Sicinius,
755 2549 811 2583 non
837 2532 954 2584 alienum
981 2529 1033 2586 init
1059 2549 1177 2585 veterem
1202 2528 1370 2584 locotiooein
1396 2527 1530 2602 exemplis

221 2601 389 2654 oooiirmarc.
414 2601 482 2653 dixit
503 2601 630 2662 Plautus,
663 2605 743 2656 domo
762 2604 1024 2674 Carthaginiensis.-
1050 2608 1202 2680 Virgilius,
1232 2608 1279 2680 qui
1297 2605 1412 2656 Caerete
1430 2602 1540 2655 domoc·

222 2675 369 2741 Horatius,
387 2675 457 2727 tende
477 2677 576 2728 sicano:
592 2692 621 2728 et
642 2682 670 2730 io
691 2684 810 2749 antiquit
826 2680 977 2752 lapidibus,
997 2681 1079 2734 domo
1098 2683 1229 2745 Parrasia,
1247 2680 1328 2732 dorne
1349 2681 1461 2742 Aricia,
1474 2693 1529 2732 cet·

222 2747 255 2801 dc
275 2768 329 2822 quo
349 2749 475 2820 loquendi
494 2769 591 2823 genere
611 2751 671 2805 vide
691 2769 756 2825 quae
775 2753 884 2826 collegit
904 2755 1026 2828 lepidum
1046 2761 1225 2830 incriptiones
1239 2753 1321 2809 iidoc
1341 2751 1459 2807 iltuto
1479 2767 1541 2813 etto·¹

222 2825 254 2876 de
275 2827 469 2897 orthographia
489 2824 584 2878 libello
604 2830 632 2878 in
646 2826 742 2894 verbo,
765 2829 935 2883 Arretium.”
955 2830 1096 2887 Manet.
1125 2859 1163 2874 -
1186 2829 1394 2900 ,Homoetiato
1407 2828 1530 2901 Popora,

221 2915 273 2951 nec
300 2916 364 2952 eane
383 2915 540 2972 'torperem
573 2917 633 2952 com
654 2901 784 2956 MSornm
810 2908 843 2957 iit
871 2909 1061 2958 auctoritatem
1089 2921 1145 2958 non
1170 2903 1287 2957 defuisse
1307 2900 1473 2954 eredendum
1491 2905 1529 2955 att

224 2977 300 3042 [aare
319 2973 434 3038 credet,
451 2973 579 3042 laetor!];
600 2975 821 3043 monent'entor,
840 2994 902 3032 com
920 2977 1074 3033 emendant.
1112 2982 1181 3032 tide
1200 2979 1322 3033 Gronov.
1335 2977 1373 3030 11.
1393 2974 1461 3030 obe.
1483 2971 1542 3034 18·Γ

222 3052 269 3118 qtti
289 3051 343 3102 boe
363 3048 459 3120 probat
479 3065 506 3103 et
526 3050 670 3104 illustrat.¹¹
690 3050 822 3106 GARA'l'.
1290 3065 1293 3071 '

314 3131 340 3184 8.
359 3122 538 3176 contenderet
555 3125 701 3197 constitui]
719 3126 897 3179 contenderet
913 3145 949 3179 ee
963 3133 1096 3180 comitiui
1114 3129 1207 3192 Prion.
1227 3123 1337 3182 Beteltb

298 3207 342 3276 io.
363 3198 465 3269 possit]
488 3197 546 3250 ati.
565 3215 591 3252 et
612 3217 686 3271 seqq.
708 3230 736 3242 -
758 3209 853 3272 posset
871 3203 961 3257 Ptine.
981 3201 1089 3257 Berald.

297 3279 342 3328 tt.
361 3276 445 3323 etiam
465 3277 522 3342 ipse
541 3277 571 3323 in
589 3276 748 3344 quaestura]
770 3276 901 3330 Graecini
922 3295 936 3328 e
955 3275 1052 3331 codice
1071 3293 1130 3330 too.
1148 3303 1184 3318 -
1212 3267 1297 3328 etiam
1315 3278 1372 3344 ipse
1391 3277 1422 3324 in
1440 3291 1529 3344 quae-

221 3350 313 3400 stione
332 3350 445 3418 priores.
463 3374 502 3389 -
528 3350 772 3416 ,internectere
790 3349 950 3422 legendnm,
969 3365 1021 3405 ant.
1034 3367 1084 3424 pro
1103 3364 1245 3422 quaestura
1265 3353 1452 3420 quaestionem
1472 3365 1528 3422 po-

222 3421 305 3475 suit.”
327 3420 413 3479 not.
432 3447 468 3474 -e
488 3421 609 3487 ,Oratio
627 3423 745 3493 languet.
784 3425 879 3496 ltaque
896 3426 945 3479 alit
967 3426 1146 3494 [Gronovius]
1166 3424 1233 3476 olltn
1252 3428 1337 3476 etiarn
1354 3429 1414 3474 sitae
1430 3427 1540 3492 inqui·-

222 3501 339 3557 sitione,
359 3499 415 3567 ipre
437 3500 465 3548 in
486 3511 573 3549 textus
593 3495 777 3570 descriptione
796 3505 880 3551 ettam
898 3507 957 3552 sine
975 3505 1134 3572 priuatione
1153 3497 1327 3550 scribendum
1347 3514 1405 3550 erte
1425 3500 1546 3572 putavi(

225 3572 296 3637 [lioc
316 3567 387 3620 idean
408 3573 477 3622 milti
496 3587 602 3642 quoque
621 3577 649 3624 in
670 3588 789 3626 mentem
808 3574 938 3642 venerea]
985 3573 1037 3627 Sed
1062 3593 1118 3627 non
1136 3589 1204 3647 opus
1224 3588 1264 3626 est
1283 3571 1445 3645 elegantiam
1465 3587 1531 3624 ore-

224 3649 308 3721 tioait
328 3648 480 3721 requirere,
498 3644 545 3698 obi
564 3663 622 3701 aon
640 3647 747 3711 videtur
765 3645 877 3705 intare.n
897 3650 1035 3706 zunta.

298 3720 343 3775 15.
362 3717 527 3786 designatae
545 3719 657 3790 aedilis]
686 3721 772 3794 ,lpse
791 3723 908 3786 Cicero,
933 3742 987 3796 quo
1013 3737 1217 3794 temporetam
1236 3719 1358 3775 Caecilio
1384 3718 1527 3775 contendit

223 3788 344 3850 nondum
353 3810 380 3871 ee
390 3791 787 3866 aedilemdceigoatntoiuiate,
805 3803 870 3851 satit
884 3798 962 3871 plone
975 3796 1348 3864 tnntvtnutonuxtttntti
1357 3793 1527 3851 demonum

222 3864 375 3919 bitterbis:
397 3867 685 3922 Nemomiraiaturia
694 3870 907 3940 Africanoiiio,
927 3873 1002 3943 quoti
1018 3879 1047 3926 in
1066 3892 1108 3925 me
1127 3891 1214 3939 nmio,
1235 3871 1341 3925 ianam
1356 3875 1458 3944 parab
1469 3875 1528 3940 opi·

223 3942 273 3993 ius
292 3959 325 3991 ac
340 3939 529 4012 securitatibus
542 3947 694 4017 praedita,
724 3948 857 4001 einauiant
873 3965 933 4000 sese
951 3953 1067 4013 mirari,
1099 3965 1160 4001 cunt
1183 3948 1296 3999 moleste
1313 3942 1429 4012 i'erantt
1461 3943 1528 4014 quid

223 4017 276 4066 sibi
294 4020 348 4066 iste
366 4018 448 4067 nteit?
478 4027 702 4070 accusatoremne
728 4039 758 4071 ee
786 4027 945 4082 edetimeri
972 4029 1019 4093 qui
1043 4032 1128 4076 antea
1154 4021 1303 4091 defendero
1322 4019 1527 4071 emarcuerat?

224 4108 296 4142 nrtnc
307 4097 477 4159 praesertim
497 4112 530 4147 ea
549 4099 604 4145 iam
625 4102 736 4160 aetate,
756 4114 816 4147 crem
835 4097 1004 4153 oeeiiiitatatn
1020 4098 1127 4168 petat.'¹
1160 4094 1303 4151 MANUT.
1318 4098 1346 4147 lo
1359 4091 1425 4146 edit.
1438 4109 1526 4166 poter.

299 4162 371 4217 ibid.
393 4163 435 4215 iis
454 4168 600 4236 capitibus]
619 4166 663 4220 itis
680 4175 736 4220 ,ποκ’
750 4172 887 4240 capitibus
904 4173 968 4225 Hot.
990 4173 1071 4226 Creta.
1091 4188 1117 4225 et
1136 4189 1212 4242 seqq.

299 4237 344 4293 ili.
364 4241 509 4307 religionis
527 4241 640 4314 officio]
663 4234 752 4299 Pritic.
778 4246 885 4301 Beroe.
911 4245 973 4302 aii.
998 4246 1064 4301 toi.
1101 4275 1140 4297 -.
1175 4245 1310 4312 reiigione
1328 4239 1423 4313 officii
1443 4241 1528 4315 iugi.

224 4314 289 4366 ilat.
311 4314 389 4367 Man.
411 4317 490 4367 Creo.
671 4324 715 4375 15.
737 4323 811 4387 agit]
832 4324 879 4377 ste
898 4326 997 4396 scripti
1017 4336 1128 4375 anctore
1141 4320 1254 4374 Oreliio.
1275 4318 1428 4389 Legebtttte
1446 4325 1529 4385 agai.

298 4391 342 4447 16.
354 4389 498 4458 jactantiia
517 4396 724 4463 innocentioque
731 4414 741 4454 ,·
760 4398 816 4464 qui]
837 4395 905 4451 Lod.
944 4423 982 4455 -,
1009 4394 1154 4467 facundia
1170 4400 1345 4451 innocentiae
1371 4397 1418 4463 qui
1436 4393 1527 4445 errae.

224 4459 287 4588 ald.
309 4491 343 4590 ᾖ
359 4460 496 4527 succendio
516 4471 704 4534 innocentiae,
724 4474 771 4539 qui
788 4469 895 4526 Berald.
915 4495 951 4511 -
970 4469 1115 4542 facundia
1133 4479 1162 4522 et
1179 4474 1357 4526 innocentiae
1376 4470 1422 4537 qui
1441 4465 1528 4539 Lngd.

252 4552 290 4589 ot.
346 4550 389 4590 an.
409 4542 487 4591 Creu.

300 4616 343 4668 17.
363 4631 433 4678 tana,
453 4612 487 4664 tie
505 4631 534 4665 ee
552 4620 626 4686 ipso,
648 4616 741 4669 altera
760 4617 808 4688 de]
829 4616 895 4672 Lod.
916 4633 942 4672 et
962 4634 1036 4691 seqq.
1056 4646 1094 4661 -
1117 4635 1196 4670 autern
1214 4617 1312 4671 deese
1328 4621 1389 4686 ipso
1408 4615 1528 4669 aucam

223 4681 259 4807 ἐξ
277 4685 369 4810 mac.
391 4716 421 4728 -
442 4704 498 4738 una
516 4687 550 4740 tie
568 4706 597 4740 ee
615 4697 690 4760 ipso,
709 4692 830 4744 niteram
849 4694 883 4744 de
901 4692 1009 4748 Berald.
1044 4723 1081 4738 -
1111 4711 1195 4745 anam
1213 4692 1296 4755 deu
1313 4697 1390 4762 ipro,
1409 4690 1527 4743 aunam
