3210 5280
399 175 449 240 m
473 175 619 241 ouur.
643 176 738 243 ruo
764 177 807 257 o.
835 174 1048 242 Licinio.
1115 120 1120 127 ’
1324 174 1384 236 ur

149 316 363 383 commoveri
385 316 532 400 videtur]
566 316 705 381 Erubuit
727 319 871 383 Tubero.

151 409 233 493 Cap.
257 412 323 474 lv.
348 411 400 473 10.
424 415 536 496 Atque
562 413 598 475 iu
626 415 689 475 lrac
711 433 816 475 causa
844 410 1001 475 uouuilu‘l
1021 409 1197 507 equidem,
1233 408 1385 489 Tubero]

62 504 162 586 Quod
184 525 247 568 non
270 504 426 567 intellexit
447 527 511 568 non
534 517 619 569 stare
643 506 908 575 controversiam.

36 604 46 614 '
147 600 261 675 Nam,
288 598 317 662 si
341 598 494 681 vidisset]
517 600 556 664 Id
579 611 644 676 est,
669 599 695 663 si
717 599 923 664 intellexisset
945 620 1043 686 genus
1065 621 1190 665 causae.

148 693 284 776 Arguis
293 690 489 783 fatentem]
512 695 598 757 Ecce
616 715 828 758 monomeres.
1361 755 1364 767 ,
1395 702 1409 748 ⁵

146 791 236 864 Aut,
261 798 300 850 ut
322 799 362 850 tu
382 788 450 864 uis,
470 789 608 871 parem]
637 788 724 852 Ecce
746 810 763 851 a
787 789 869 871 pari.

148 884 201 945 11.
224 884 319 946 Haec
340 903 408 946 nou
432 883 534 948 modo
556 880 741 963 mirabilia]
769 883 845 947 Hoc
870 882 1054 948 incredibile
1080 895 1128 948 est
1151 895 1262 947 contra
1291 894 1383 946 natu·

60 997 150 1054 ram,
176 973 249 1061 quia
273 973 457 1059 sauguinem
480 976 574 1060 petit.

146 1069 299 1136 Externa·
318 1069 378 1133 isti
392 1092 506 1134 morea
527 1081 608 1135 suut
622 1083 683 1135 aut
706 1075 918 1136 Graecorum
931 1082 992 1134 aru
1007 1071 1248 1154 barbarorum]
1272 1072 1383 1135 Gallos

61 1167 215 1250 quosdam
239 1175 270 1226 el
294 1163 439 1230 Graecos
463 1186 570 1230 secum
592 1165 747 1243 habebat,
778 1165 834 1250 qui
858 1166 947 1228 illum
972 1169 1012 1230 ad
1039 1164 1216 1229 inimicitias
1248 1165 1426 1247 inpelle-to

60 1259 150 1322 bant.
195 1259 267 1321 Hos
291 1256 405 1341 tangit.

148 1352 200 1415 12.
223 1353 279 1416 Ne
289 1351 385 1433 apud
397 1372 476 1414 eum
491 1351 627 1436 quidem
645 1352 863 1434 dictatorem]
887 1354 986 1435 Apud
1002 1353 1119 1417 Sullam
1135 1353 1222 1419 dicit.
1247 1352 1383 1420 Constat

61 1444 144 1509 enim
168 1445 340 1511 Caesarem
358 1456 470 1508 contra
485 1446 604 1510 Sullam
618 1445 730 1510 fuisse.
773 1447 970 1531 Nampaene
990 1449 1114 1513 occisus
1133 1461 1193 1513 est.
1237 1448 1383 1534 Denique

59 1550 136 1622 post
158 1539 296 1604 occisum
319 1537 438 1602 Sullam
463 1540 579 1605 multos
605 1538 767 1603 accusarit
793 1550 825 1602 et
850 1542 1007 1604 damnavit
1030 1542 1192 1606 Sullanos.

148 1630 232 1715 Cap.
255 1633 303 1696 V.
329 1633 380 1696 13.
415 1632 557 1717 Aliquot
576 1634 695 1711 aunis,
720 1635 854 1720 quodue
879 1656 944 1700 uos
965 1636 1060 1700 domi
1083 1635 1248 1719 petimus]
1285 1634 1426 1700 Peiusts

59 1736 127 1804 est,
151 1725 271 1810 inquit:
296 1726 397 1810 petis,
420 1748 460 1789 ne
485 1726 644 1812 ignoscat.
690 1729 772 1792 Nam
793 1727 853 1791 iam
868 1752 933 1794 non
958 1729 1068 1805 unius,
1091 1733 1147 1793 sed
1170 1730 1308 1796 omnium
1327 1751 1383 1793 ex·

56 1819 157 1883 cludis
180 1820 379 1902 petitionem.

147 1915 200 1975 ll.
222 1917 270 1978 Et
294 1915 331 1978 iu
356 1914 420 1978 tali
446 1910 603 1994 miseria]
637 1918 724 1988 Ecce
746 1936 844 2000 quare
867 1914 943 1978 dicit
966 1915 999 1979 in
1023 1916 1165 2000 publico.

149 2011 203 2074 15.
225 2014 292 2076 Per
321 2021 373 2087 te,
405 2008 563 2094 iuquam,
598 2009 742 2093 obtines]
778 2010 850 2091 Qua
883 2020 948 2072 tum
977 2011 1064 2073 dedit
1093 2010 1288 2075 clementiam
1322 2011 1385 2078 soli

60 2099 142 2186 ipsi,
164 2125 204 2168 ne
225 2105 370 2168 videatur
392 2105 539 2168 suasione
566 2104 703 2169 aliorum
726 2104 908 2189 ignoscere.
1395 2109 1428 2158 20

149 2198 201 2261 16.
224 2197 374 2281 Quodsi
397 2198 546 2282 probare
563 2197 705 2264 Caesari
722 2194 912 2281 possimus]
936 2193 971 2261 Si
986 2196 1138 2261 vellemus
1160 2199 1283 2276 dicere,
1311 2201 1385 2284 quia

59 2290 215 2374 Ligarius
244 2292 276 2355 in
298 2291 411 2357 Alrica
433 2313 496 2357 non
519 2291 593 2356 suit.
654 2294 736 2355 Nam
769 2312 895 2374 semper
925 2292 1093 2355 honestum
1121 2305 1169 2356 est
1197 2315 1258 2376 pro
1280 2295 1385 2357 salute

63 2386 273 2449 mendacium.

142 2477 226 2562 Cap.
250 2479 317 2543 vt.
342 2482 394 2543 17.
418 2481 470 2545 Aa
485 2479 623 2564 primus
648 2478 766 2543 allitus
789 2491 821 2542 et
842 2478 1049 2562 postulatio]
1074 2479 1128 2543 Sic
1152 2481 1259 2563 coepit
1279 2481 1385 2547 oratio

65 2571 272 2638 Tuberonis:
306 2574 419 2648 „Volo
443 2576 481 2635 de
506 2574 627 2636 scelere
652 2572 779 2656 Ligarii
801 2572 941 2636 dicere.'’
985 2573 1037 2638 De
1065 2575 1168 2637 verbo
1198 2577 1260 2638 hoc
1288 2578 1384 2639 modo
1396 2580 1428 2627 2⁵

61 2666 243 2730 contendit:
267 2667 401 2748 „Quare
423 2665 531 2731 dixisti
552 2679 674 2750 partem
696 2668 942 2749 Pompeianam,
966 2666 998 2730 in
1020 2689 1083 2754 qua
1105 2667 1197 2732 etiam
1221 2681 1255 2733 tu
1275 2668 1385 2733 fuisti?

63 2755 187 2822 Caesar
209 2759 284 2823 dicit
307 2782 453 2825 errorem
474 2761 575 2825 luisse
596 2759 701 2842 reips,
726 2770 760 2822 tu
783 2761 921 2823 scelus.'’

146 2855 199 2917 Aa
219 2855 304 2918 milri
324 2856 462 2941 quidem
482 2856 513 2921 si
533 2853 731 2940 proprium]
755 2852 821 2917 Per
846 2854 1065 2919 necessitatem
1092 2854 1245 2920 venialem
1268 2855 1382 2941 tangit.

149 2947 201 3012 18.
225 2950 373 3033 Quando
400 2952 463 3013 hoc
494 2972 539 3014 ex
571 2960 605 3012 le
625 2947 821 3034 quisquam]
858 2949 936 3012 Hoc
960 2949 1064 3013 scelus
1088 2960 1211 3033 partem
1235 2949 1384 3034 Pompeii

61 3037 162 3104 luisse
184 3043 359 3108 contendit.
1396 3061 1428 3110 ³o

149 3138 401 3201 Contumeliam
417 3135 640 3222 propulsare]
671 3132 754 3216 Quia
779 3135 837 3198 tibi
859 3139 1037 3221 negabatur
1059 3136 1249 3221 triumphus.

152 3231 204 3295 19.
227 3233 310 3296 Nou
329 3253 398 3315 par
412 3229 581 3322 sortasse
602 3228 736 3308 eorum]
771 3229 854 3310 Quia
880 3243 1006 3294 senatus
1032 3254 1102 3295 cum
1129 3232 1288 3325 Pompeio
1309 3233 1383 3298 suit.

149 3323 234 3408 Cap.
257 3327 341 3390 Vll.
366 3327 418 3388 20.
442 3326 509 3390 Sed
529 3336 568 3388 ut
588 3323 745 3390 omittam
766 3345 978 3387 communem
1002 3325 1158 3408 causam]
1203 3327 1323 3409 Coepit
1344 3330 1383 3391 de

63 3417 152 3482 civili
167 3420 253 3484 bello
268 3431 405 3483 tractare
421 3432 452 3482 et
467 3418 574 3484 omisit
589 3438 723 3484 causam.
765 3418 871 3482 Modo
893 3419 976 3481 redit
990 3423 1031 3481 ad
1046 3421 1208 3503 negotium
1224 3434 1254 3484 et
1269 3443 1383 3485 causae

62 3513 315 3578 contentionem.
368 3513 456 3579 Dicit
481 3513 582 3588 euim,
617 3513 706 3595 quod
733 3512 857 3576 facilius
890 3511 994 3593 potuit
1024 3515 1157 3579 Tubero
1185 3536 1249 3580 non
1276 3515 1323 3579 ire
1344 3518 1425 3580 adas

61 3607 229 3683 Africam,
261 3629 355 3691 quam
377 3607 529 3690 Ligarius
550 3617 769 3670 reverteretur
790 3627 830 3669 ex
856 3604 983 3669 Africa.
1028 3607 1190 3681 „Facilius
1224 3622 1313 3687 erat,
1349 3621 1385 3673 ut

62 3712 98 3764 tu
120 3723 184 3766 non
206 3701 289 3778 ires,
313 3705 396 3782 (nam
417 3702 554 3764 liberum
581 3711 649 3764 erat
672 3699 856 3780 arbitrium)
878 3720 972 3783 quam
997 3699 1084 3763 illum
1110 3701 1233 3780 exim?
1256 3735 1296 3747 -
1320 3704 1384 3767 Sed

62 3794 180 3859 obiecit
196 3797 330 3859 Tubero
354 3795 483 3858 dicens:
513 3795 670 3867 „Senatus
690 3815 738 3856 me
762 3791 869 3868 misit;
893 3814 956 3856 non
978 3793 1072 3876 potui
1094 3794 1152 3857 nisi
1176 3797 1311 3881 obsequi
1333 3818 1384 3860 se·

63 3889 187 3952 natsri.'’
233 3889 296 3953 Sed
321 3901 352 3954 et
379 3888 498 3953 Cicero
521 3887 615 3950 dicit:
653 3886 843 3972 „Ligarium
868 3898 996 3951 senatus
1020 3887 1167 3962 miseran
1200 3900 1231 3952 et
1257 3890 1385 3954 miserat

63 3982 95 4047 io
118 4003 216 4065 pace:
240 3995 274 4046 tu
299 3982 329 4047 in
355 3983 442 4047 bello
465 3981 552 4045 isli.''
1395 4002 1427 4051 tt

150 4077 203 4140 21.
226 4081 309 4143 Post
330 4076 482 4158 wlfinus]
506 4073 589 4157 Quia
610 4096 756 4140 sororem
781 4072 946 4140 Ciceronis
968 4074 1089 4140 babuit.

152 4173 344 4236 Verborum
368 4173 521 4256 pondus]
558 4170 691 4235 Pondus
720 4174 893 4236 verborum
924 4182 992 4249 est,
1027 4169 1101 4256 qiua
1131 4171 1294 4236 dicebatur
1320 4171 1384 4235 illi:

66 4263 190 4340 „Solus
212 4275 246 4327 tu
267 4285 330 4348 pro
353 4264 511 4348 Pompeio
534 4285 598 4328 non
621 4263 757 4328 sentis.''

150 4359 203 4424 22.
225 4358 444 4444 Amplissimi
464 4358 543 4442 viri]
577 4359 738 4442 Pompeii.

140 4579 186 4638 ld.
205 4585 337 4651 ecclsiam]
360 4583 395 4636 G.
416 4583 466 4637 Gr.
482 4609 517 4623 -
531 4590 669 4636 mortium
689 4583 754 4638 Scb.
793 4531 838 4640 20:
859 4583 958 4649 «Fors.
978 4601 1059 4653 quam
1079 4591 1138 4634 term
1158 4581 1247 4634 edidit
1266 4584 1389 4634 clemen-

64 4661 136 4710 tiam
150 4656 227 4710 sulm
240 4658 329 4729 lpse.”
350 4659 457 4713 (isaar.
495 4663 542 4717 27.
562 4658 650 4732 relps]
669 4657 754 4712 -ds
769 4659 793 4713 l.
810 4660 839 4712 F.
853 4658 989 4714 Gronovli
1010 4663 1101 4713 conl:
1120 4663 1162 4710 ret
1177 4659 1304 4730 psalticae
1324 4658 1388 4713 Sch.

64 4730 186 4795 Malim:
212 4731 310 4805 sulm
330 4739 372 4786 ret
392 4739 513 4788 secuml
530 4739 635 4808 pallus.
668 4733 722 4792 Oa.
769 4735 814 4796 56.
833 4734 929 4809 queam]
950 4735 986 4791 G.
1004 4734 1055 4790 Gr.
1078 4763 1109 4778 ·-
1130 4752 1213 4805 quum
1232 4733 1298 4790 Sch.

150 4834 508 4882 manseramus.
1097 4811 1137 4874 27
1207 4855 1211 4862 -
