3210 5280
220 202 280 263 us
439 166 443 173 ’
563 260 565 265 ,
652 195 1094 266 esuuno-ascoums

220 337 347 401 vinciali
368 339 433 418 [aut
462 359 562 420 nuper
588 360 606 402 e
634 337 798 420 provincia
819 335 1058 416 revertissent,]
1091 346 1143 399 aut
1167 337 1303 400 nonduin
1325 332 1358 398 in
1378 336 1518 418 provin-

219 432 297 495 ciam
320 431 457 512 proiecti
478 443 594 494 essent.
646 430 817 512 Pompeius
845 441 946 492 attunt
975 450 1034 510 pro
1057 430 1186 492 consule
1207 431 1244 491 tle
1267 428 1421 510 Hispania
1443 433 1518 494 Ser-

220 523 306 586 torio
323 525 406 586 victo
429 545 528 605 nuper
550 536 691 599 venerat,
715 536 746 587 et
767 522 870 586 statiut
891 523 1041 583 habuerat
1062 520 1246 585 concionem
1268 524 1305 583 de
1327 522 1520 587 restituenda

219 616 384 679 tribunicia
408 618 561 698 potestate
584 617 732 680 Palicano
754 616 882 678 tribuno
904 613 1017 695 plebis.

194 722 208 770 s
298 712 342 789 (§.
366 709 434 786 16.)
454 712 617 774 Homines
637 712 670 775 in
692 710 837 792 speculis
858 704 948 783 sunt]
992 703 1118 768 Scilicet
1139 718 1284 789 equester
1306 706 1388 770 ordo
1409 717 1441 769 ct
1463 729 1519 770 ur·

219 800 298 863 bana
316 804 409 882 plebs
431 815 461 864 ot
482 823 609 878 ornnes,
636 803 690 884 qni
710 801 817 863 favent
840 797 1023 890 tribuniciae
1044 798 1207 878 potestati.
1314 872 1320 884 .

303 894 493 973 Observant]
536 897 640 959 Modo
662 894 883 976 speculantur,
907 890 982 953 alias
1005 901 1204 954 venerantur.
1247 890 1424 976 Virgilius:

410 987 587 1052 Praeterea
611 1008 721 1069 regem
741 1007 807 1048 non
830 987 878 1046 sic
898 979 1068 1064 Aegyptus
1090 992 1122 1045 et
1147 985 1261 1066 ingens

412 1076 521 1158 Lydia
545 1097 606 1139 neo
627 1075 755 1157 populi
772 1074 1059 1163 Parthorum-aut
1081 1069 1198 1134 Metius
1220 1072 1401 1154 Hydaspes

176 1178 208 1228 ω
301 1252 375 1315 Post
397 1165 757 1337 tgiriiillintcinm]
800 1252 852 1314 Ex
880 1269 945 1335 quo
973 1248 1027 1310 lex
1054 1247 1156 1312 ierint·
1177 1251 1216 1313 de
1237 1248 1402 1314 tribunicia
1423 1259 1517 1331 pote·

217 1352 296 1404 state
316 1342 518 1408 restituenda.
1162 1410 1169 1426 .

304 1436 412 1501 Unum
432 1439 597 1500 nominem
617 1435 668 1500 vel
686 1435 928 1515 tenuissimum]
976 1433 1170 1513 Pauperesn,
1207 1432 1262 1518 qui
1286 1434 1367 1496 unde
1394 1432 1514 1497 indices

160 1539 455 1608 [ttlcorrutnperet‚
479 1547 541 1590 non
564 1529 666 1594 habet.
707 1525 903 1590 Dolabellam
926 1535 1027 1587 autem
1049 1525 1216 1608 significat.

175 1611 234 1692 ss¹
302 1620 405 1700 Ouod
422 1625 556 1707 tametsi
573 1642 639 1684 nnn
659 1617 911 1702 reprehendunt]
954 1618 1067 1681 Potuit
1087 1618 1168 1682 enirn
1189 1617 1270 1682 dicis
1303 1619 1388 1700 Quid
1408 1617 1515 1705 ergo?

217 1712 350 1786 noxius,
374 1715 401 1775 si
422 1735 541 1794 pauper
562 1713 619 1788 sit,
644 1733 706 1775 non
728 1722 774 1773 est
796 1708 1008 1772 damnandus?
1057 1773 1067 1793 ν

302 1808 346 1885 (§.
370 1808 436 1884 ti.)
457 1806 535 1868 Non
554 1805 684 1889 gratia]
727 1802 806 1865 Vult
827 1801 957 1864 atuicum
981 1802 1081 1866 videri
1099 1804 1263 1868 Hortensii
1277 1808 1434 1882 Verrem,
1457 1806 1516 1868 sed

216 1900 430 1962 tantummodo
453 1899 585 1979 praedae
607 1895 847 1978 participatione
866 1892 1030 1957 sociatum.

298 1992 377 2056 Non
398 1991 615 2073 cognatione]
659 1989 733 2054 Hoc
756 1991 794 2050 ad
815 1988 980 2052 Metellum
1002 1988 1156 2074 collegato
1178 1989 1342 2054 Hortensii
1362 1988 1513 2073 pertinet,

172 2083 272 2168 toqui
292 2082 399 2156 illum,
423 2094 577 2166 taanuasn
598 2081 626 2144 si
648 2081 687 2145 sit
707 2095 886 2165 cognatus,
910 2077 1060 2145 defendit.

297 2175 470 2240 Mediocri
488 2173 583 2252 vitio]
626 2175 710 2238 Vitia
733 2172 915 2248 sustinebit,
945 2169 1061 2260 siquis
1089 2175 1182 2239 nintia
1202 2175 1352 2239 servitute
1372 2173 1514 2258 patroci-

214 2267 297 2332 uiurn
320 2269 485 2343 meruerit,
510 2281 562 2332 aut
584 2268 791 2332 assentatione
814 2269 915 2351 aliqua
938 2267 1061 2334 defendi
1082 2267 1242 2333 meruerit.

299 2362 342 2439 (§.
366 2362 435 2439 18.)
475 2362 690 2443 investigare]
734 2360 887 2438 Ratione,
919 2359 996 2428 via.⁴
1025 2365 1099 2427 Hoc
1126 2375 1227 2427 toturn
1248 2365 1287 2427 ad
1307 2364 1513 2426 terrendosa
1596 2364 1601 2374 '

213 2452 419 2535 corruptione
440 2453 555 2517 iudices
577 2454 703 2518 dicitur.
1177 2475 1181 2482 ·

307 2656 333 2703 1.
350 2655 400 2699 ant
417 2665 504 2717 nuper
521 2668 536 2699 e
551 2655 699 2718 provincia
717 2656 910 2720 revertissent]
949 2650 1034 2723 Lupd.
1054 2653 1118 2708 llos.
1136 2652 1213 2707 Man.
1231 2653 1312 2707 Creta.
1339 2679 1377 2694 ·-
1403 2655 1512 2704 reversi

213 2719 283 2775 Lod.
304 2748 339 2761 -
360 2739 414 2774 om.
434 2724 525 2776 Ptine.
545 2721 652 2780 Beraid.
671 2723 731 2778 ald.
759 2753 795 2767 -
821 2727 941 2799 ,Ntiper
959 2745 983 2781 e.
999 2747 1029 2799 p.
1049 2730 1087 2795 η]
1107 2725 1236 2780 Eiusdem
1256 2727 1402 2795 [Danesii]
1427 2741 1513 2799 quum

212 2812 282 2849 esset
304 2801 331 2849 in
351 2812 431 2848 manu
450 2802 554 2869 scripto
572 2798 697 2852 tseunass‘
723 2799 811 2857 ΗΟΤ.
1029 2811 1035 2826 ·

286 2868 356 2923 thid.
376 2871 507 2938 nondinis]
527 2872 648 2924 arandum
666 2875 757 2928 Ptine.
891 2881 918 2931 2.
933 2891 988 2946 pra
1005 2875 1130 2944 consule]
1147 2874 1298 2943 proconsul
1315 2872 1393 2928 Men.

304 2943 331 3001 lt.
352 2945 499 3016 Palicano]
522 2946 580 3001 aid.
600 2963 627 3000 et
646 2964 720 3019 seqq.
740 2949 938 3018 -publicano
957 2951 1049 3003 Ptine.
1067 2948 1176 3004 Berald.

161 3068 175 3082 .,
303 3023 330 3077 5.
350 3020 470 3088 Scilicet]
499 3020 582 3093 lugd.
604 3021 668 3075 lios.
689 3023 765 3076 Min.
785 3025 867 3078 Creu.
886 3052 922 3067 -
940 3024 1005 3074 Nisi
1025 3026 1068 3078 Pr.
1088 3024 1150 3078 Ber.
1168 3020 1229 3078 Διά.
1248 3047 1283 3065 -
1302 3021 1341 3074 Hi
1357 3027 1424 3074 sunl
1442 3017 1511 3076 [totl-

118 3118 123 3145 :
306 3097 332 3150 7.
352 3094 504 3163 Virgilius]
525 3096 625 3169 Georg.
638 3095 684 3148 iv.
698 3102 761 3153 210.
774 3114 833 3170 sqq.
889 3100 917 3155 9.
935 3097 1094 3170 Hydaspes]
1116 3095 1250 3167 lsielaspes
1269 3097 1360 3150 Prino.

113 3164 155 3244 'g
285 3172 329 3225 12.
348 3168 395 3218 lea
410 3165 508 3237 feriter
532 3169 566 3223 de
590 3170 656 3223 trib.
671 3179 774 3240 potest.
793 3175 896 3239 restit]
933 3173 1049 3241 ,licerer
1084 3172 1248 3225 Menardum
1267 3174 1341 3223 enirn
1370 3167 1511 3223 Sullanam

210 3238 298 3312 legem
318 3241 513 3314 intelligentem
533 3243 638 3297 Tullius
664 3249 721 3316 ipse
748 3239 846 3300 relellit
871 3263 897 3301 c.
918 3252 962 3306 15.
981 3262 1119 3301 senatores
1139 3245 1242 3318 aliquot
1260 3260 1322 3318 post
1341 3259 1403 3297 earn
1420 3244 1510 3314 legem

211 3313 354 3369 damnatos
375 3317 508 3384 referens,
527 3335 578 3372 nec
597 3334 689 3373 tanuen
709 3322 830 3375 omncs.’'
858 3320 988 3376 catti.

287 3394 330 3448 13.
350 3388 495 3459 hominem]
515 3403 670 3446 enatarent
690 3393 758 3449 Lod.
777 3392 862 3466 Lugd.
883 3397 959 3449 Man.
972 3410 1033 3447 enm
1047 3392 1125 3447 editt.
1139 3394 1280 3447 Ciceronis
1293 3405 1400 3465 praeter
1411 3389 1509 3457 μηδ.

286 3464 328 3522 ili.
349 3462 442 3533 labet]
469 3468 559 3520 Ptine.
579 3466 685 3522 Beraltl.
704 3467 765 3522 sid.
784 3470 852 3523 Lod.
872 3497 909 3513 -
926 3468 1040 3521 haberet
1059 3468 1141 3541 Lupd.
1161 3469 1224 3522 llos.
1244 3467 1322 3522 Man.
1340 3466 1422 3520 Creu.

209 3564 212 3569 ·
284 3536 355 3593 llsid.
373 3539 548 3592 Dolabellam
566 3551 657 3596 autent
675 3542 837 3617 significat]
862 3542 947 3614 ,Vici
967 3547 1074 3597 Manet.
1094 3542 1137 3610 [ad
1151 3542 1337 3611 Ciceronem]
1376 3540 1509 3596 Naurltlc

208 3613 344 3742 gqcpqips
358 3611 462 3667 fallitur
474 3620 642 3671 certissime:
661 3635 749 3688 neque
761 3617 905 3672 Dolabella
919 3622 1092 3673 tenuissimus
1105 3619 1327 3686 nonnumquam
1339 3615 1509 3689 putabitur.”

284 3764 328 3820 16.
349 3762 533 3831 damnandus]
563 3763 629 3819 Lod.
648 3779 675 3819 et
694 3780 769 3838 seqq.
788 3794 825 3809 ·-
843 3764 993 3818 damnatus
1011 3767 1187 3835 antiquiores.

284 3843 328 3895 17.
350 3838 434 3906 Vult]
463 3839 529 3890 Nan
552 3841 616 3890 oatt
639 3841 703 3894 iios.
728 3844 808 3894 Crcn.
827 3856 854 3895 et
873 3858 947 3912 seqq.
988 3845 1021 3893 tt
1041 3842 1204 3892 snarrataris
1223 3841 1357 3891 amussis
1377 3836 1446 3894 liaeo
1465 3841 1509 3890 si-

208 3907 303 3964 letur:
340 3912 405 3964 Vult
423 3912 529 3967 Tollius
548 3918 668 3968 amicum
688 3912 798 3985 quidem
818 3914 901 3968 sideri
922 3914 1060 3967 Hortensii
1081 3915 1208 3979 Verrem,
1234 3929 1328 3967 serum
1341 3925 1402 3967 'non
1420 3918 1508 3986 grstia

209 3983 249 4037 ilii
269 3990 463 4051 coniunctum,
489 3986 535 4041 sed
555 3987 744 4042 tantummodo
764 3984 877 4063 praedae
897 3992 1104 4062 participatione
1122 3992 1268 4041 sociatam.

283 4059 354 4115 thid.
376 4063 532 4131 Hortensii]
560 4061 684 4115 lrortensi
703 4067 792 4118 l’rine.

282 4141 326 4190 20.
348 4146 490 4207 tamqnam*
505 4143 531 4188 st·
548 4142 587 4189 sss
605 4141 755 4207 cognatus]
792 4140 935 4209 ,ltespioit
962 4135 1038 4189 locos
1057 4136 1096 4190 ll.
1117 4140 1214 4191 Aecus.
1233 4136 1278 4194 26.
1297 4137 1343 4194 56.
1380 4137 1424 4191 an
1444 4133 1509 4188 illac

207 4211 288 4261 ctiam
308 4209 414 4264 Tullius
435 4206 598 4283 respex'crit,
617 4211 693 4265 valde
713 4211 841 4268 dubito.’'
869 4210 999 4266 Galli'l'.

281 4286 580 4343 taruanninsae.
619 4286 700 4340 Vitia
718 4287 885 4351 sustinebit,
909 4289 947 4354 si]
981 4288 1072 4339 Ptine.
1092 4282 1199 4338 Berald.
1219 4281 1279 4337 lid.
1304 4312 1341 4325 -
1365 4282 1526 4335 Mediocri·

204 4363 276 4409 vitio
303 4368 347 4412 tot
374 4368 507 4432 tantaque
530 4365 588 4412 eius
612 4367 688 4413 aritia
712 4362 858 4413 sublevata
882 4376 940 4412 esse
958 4358 1211 4424 existimabuntur]
1251 4359 1291 4410 Ut
1316 4363 1342 4409 st'
1369 4357 1439 4411 Lod.
1471 4385 1506 4401 ·-

205 4434 342 4488 Mcsls‘oeri
359 4436 445 4509 uitia]
465 4434 625 4487 Mediocria
642 4441 715 4488 vitia
732 4437 891 4503 sustinebit,
912 4440 939 4486 sl
958 4436 1021 4488 llot.
1039 4434 1120 4488 Creu.
1140 4460 1176 4473 -
1195 4431 1333 4498 Mediocri
1350 4436 1435 4500 vitio]
1468 4432 1506 4484 Ut

202 4511 229 4559 si
249 4507 287 4561 Lu
308 4507 334 4564 d.
356 4510 432 4565 Man.
1052 4538 1054 4542 .

277 4528 322 4644 2⁸2².
342 4583 457 4654 defendi
476 4585 622 4652 meruerit]
652 4582 716 4637 Lod.
736 4600 764 4637 et
783 4599 857 4655 seqq.
880 4612 917 4625 -
935 4581 1103 4653 defendendi
1122 4586 1253 4633 meruerit
1271 4584 1449 4652 antiquiores.

277 4667 311 4721 23
340 4659 528 4726 Investigare.
568 4656 701 4724 Ratione,
720 4664 776 4710 uia.
816 4659 889 4724 Hoc]
921 4660 1011 4712 Ptine.
1030 4655 1090 4710 att.
1109 4684 1147 4697 -
1163 4661 1336 4722 inuestigare
1356 4661 1502 4718 rationem,

200 4735 251 4788 tar
270 4732 379 4789 Besaltl.
406 4757 442 4774 -
470 4733 566 4785 Hales
590 4742 682 4783 atsrssss
708 4740 814 4785 certans
832 4737 909 4784 viam
929 4738 1012 4800 atque
1030 4735 1183 4796 rationem,
1210 4748 1263 4800 qua
1283 4746 1378 4782 omnes
1395 4730 1503 4783 illorm
