3210 5280
579 250 626 312 IN
653 248 984 314 MILONIANAM.
1393 246 1434 308 53

126 389 249 471 populo
271 388 422 453 Romano
451 388 559 451 fiebat.
604 389 700 470 Qtiod
721 388 839 452 iactum
862 400 1002 453 notatum
1030 399 1098 452 erat
1120 408 1138 451 a
1159 393 1287 464 senatu,
1324 387 1434 451 deere-

122 493 268 566 tamque,
293 481 359 562 [ut]
379 489 471 543 extra
493 481 635 545 ordinem
657 481 803 545 indicium
826 484 930 546 beret.

519 621 654 685 vnns
677 621 710 686 A
731 623 911 688 novus.
933 621 1042 711 nnn.

204 743 281 824 Quo
298 741 375 805 looo
397 740 515 805 inducit
535 742 714 825 loquentem
734 743 889 808 Milonem
909 766 979 808 enm
996 747 1152 808 bonarum
1173 743 1307 826 partium
1332 740 1435 806 bomi-

123 836 213 899 nibus
234 837 275 897 de
297 833 419 897 meritis
439 834 522 898 suis:
1463 853 1479 902 5

204 933 259 1010 (5.
281 928 358 1008 95.)
400 927 530 992 Plebem
549 938 581 992 et
607 927 758 1003 infimam
783 929 1049 1005 multitudinem,
1069 931 1203 1012 qnael'.
1217 928 1335 992 Clodio
1347 929 1433 994 daea

78 1024 82 1029 ’
116 1023 273 1103 fortunis
300 1022 412 1083 restris
436 1017 647 1093 imminebat,
679 1039 774 1096 enm,
811 1040 878 1102 quo
901 1022 1007 1082 tutior
1033 1029 1116 1084 esset
1146 1029 1253 1083 vestra
1276 1023 1362 1094 vita,
1399 1039 1434 1082 se
1467 1032 1472 1041 '

117 1113 246 1193 secisse
268 1115 530 1182 commemorat,
552 1115 589 1167 nt
610 1127 678 1168 non
695 1108 795 1170 modo
816 1110 934 1172 sainte
947 1110 1120 1191 flecteret,
1143 1108 1312 1173 sedetiam
1326 1107 1434 1170 tribas

122 1203 193 1265 sais
215 1198 433 1281 patrimoniis
453 1195 623 1260 deleniret.

166 1312 171 1321 ·
205 1291 293 1353 Puto
322 1287 383 1351 ism
412 1305 505 1368 supra
537 1306 605 1347 esse
632 1284 768 1358 dictim,
805 1285 960 1350 Milonem
984 1308 1025 1350 ex
1049 1287 1164 1350 familia
1190 1287 1287 1352 fuisse
1314 1285 1432 1367 Papia,
1446 1302 1477 1351 tu

122 1384 235 1447 deinde
263 1383 446 1462 adoptatum
468 1399 537 1444 esse
559 1380 599 1440 ab
621 1377 662 1442 C.
685 1379 810 1455 Annio,
844 1400 906 1443 avo
929 1402 988 1445 sno
1015 1393 1168 1444 materno.
1212 1381 1356 1446 'Iastium
1379 1401 1435 1460 pa·

122 1474 305 1539 trimoaium
340 1472 464 1538 videtur
495 1470 675 1556 significare
707 1472 832 1546 matt-ist
869 1472 953 1535 alind
987 1474 1069 1537 enim
1101 1477 1188 1559 quod
1222 1472 1336 1550 inerit,
1371 1492 1435 1535 non

123 1590 267 1633 invenio.

208 1664 348 1727 Peracta
370 1660 514 1743 utrinque
534 1681 626 1722 causa
649 1659 764 1743 singuli
784 1660 897 1742 quinos
918 1674 1086 1726 accusator
1106 1673 1138 1724 et
1159 1682 1232 1725 reus
1254 1672 1433 1732 senatores,

122 1757 254 1819 totidem
275 1755 398 1838 equites
413 1765 446 1816 et
465 1754 609 1817 tribunos
628 1754 767 1816 aerarios
786 1755 979 1830 reiecerunt,
1003 1754 1045 1817 ita
1063 1768 1095 1818 nt
1111 1777 1188 1817 unm
1204 1767 1235 1816 et
1248 1757 1292 1817 L.
1311 1764 1436 1817 senten·
1447 1760 1477 1808 ¹⁵

120 1849 180 1913 tiss
196 1847 340 1911 tulerint.
384 1848 553 1909 Senatores
569 1848 857 1910 condemnaverunt
871 1848 977 1924 xli„
1001 1849 1207 1912 absolverunt
1225 1849 1290 1910 vl.
1334 1844 1435 1926 Equi·

121 1956 169 2007 tes
179 1942 474 2006 condemnaverunt
484 1939 605 2015 nili„
629 1941 834 2005 absolverunt
846 1941 927 2006 1111.
971 1941 1107 2004 Tribuni
1122 1940 1235 2004 aerarii
1247 1942 1436 2004 condemns·

123 2047 240 2099 sanat
263 2034 387 2110 xiil„
413 2024 632 2097 'absolverunt
653 2035 718 2098 Ill.
770 2035 970 2098 Videbantur
1002 2057 1065 2099 non
1098 2035 1262 2119 ignorasse
1299 2033 1432 2107 iudices,

123 2127 224 2192 inscio
250 2126 376 2191 Milone
396 2125 485 2190 initio
507 2127 702 2190 vulneratum
725 2149 793 2190 esse
814 2126 981 2202 Clodium,
1016 2132 1070 2191 sed
1092 2139 1330 2210 corripereraut,
1362 2137 1436 2206 post
1468 2178 1473 2185 .

123 2243 217 2305 quam
234 2221 415 2292 vulneratus
427 2230 527 2296 esset,
550 2219 635 2283 iussis
652 2219 783 2284 Milonis
796 2220 946 2284 occisum.
990 2220 1154 2296 Fuerunt,
1175 2219 1229 2304 qui
1249 2221 1432 2293 crederent,
1446 2245 1478 2291 2⁰

125 2314 178 2378 M.
206 2312 341 2377 Catonis
363 2307 517 2376 sententia
539 2334 608 2376 eum
628 2334 696 2376 esse
718 2314 912 2387 absolutum;
935 2334 1006 2375 nam
1025 2326 1056 2376 et
1076 2316 1155 2376 bene
1173 2334 1242 2375 cum
1257 2308 1435 2390 republica

125 2420 229 2468 aetum
250 2427 320 2468 esse
342 2419 446 2470 morte
466 2408 504 2471 P.
526 2404 632 2470 Clodii
651 2428 712 2469 non
733 2404 1000 2481 dissimulaverat,
1024 2418 1055 2468 et
1069 2408 1211 2468 studebat
1232 2403 1263 2466 in
1284 2402 1436 2483 petitione

125 2499 307 2562 consulatus
334 2499 468 2572 Miloni,
503 2509 534 2560 et
561 2519 618 2562 reo
641 2499 784 2561 affuerat.
829 2499 1055 2562 Nominaverat
1076 2520 1203 2583 quoque
1224 2519 1293 2560 eum
1316 2495 1435 2561 Cicero

126 2602 324 2674 praesentem
351 2600 383 2653 et
410 2601 542 2654 testatus
571 2603 637 2653 esst
667 2589 790 2652 audisse
812 2613 828 2654 a
850 2593 903 2657 M.
926 2591 1071 2656 Favonio
1094 2604 1166 2654 ante
1188 2589 1268 2655 diem
1290 2589 1433 2666 tertiam,

126 2728 224 2777 endem
244 2741 273 2776 re
294 2740 359 2776 usus
376 2739 417 2777 est
434 2728 569 2777 Asconius
587 2740 668 2797 supra
689 2743 716 2796 p.
737 2729 800 2781 155.
820 2725 885 2778 Hot.
908 2720 952 2796 (§.
966 2726 1031 2789 16.)
1057 2743 1112 2794 qua
1130 2732 1209 2775 nocte
1230 2722 1436 2793 depreben-

124 2816 185 2850 sae
201 2804 294 2849 estin
313 2800 444 2852 Caesaris
461 2798 559 2866 domo,
579 2817 640 2852 eum
658 2799 697 2850 ibi
714 2805 744 2851 in
763 2808 859 2869 operto
877 2803 1006 2867 virgines
1021 2818 1075 2871 pro
1091 2799 1194 2872 populo
1212 2797 1336 2850 Romano
1351 2814 1436 2850 saera

126 2873 272 2940 facerent.

221 2956 246 3005 1,
265 2955 330 2999 erat
343 2966 362 2998 a
379 2947 491 3018 senatu]
512 2944 598 3021 Lngd.
616 2948 681 3001 liat.
696 2947 774 3002 Man.
792 2949 871 3002 Cren.
892 2977 926 2991 ··-
946 2956 1009 3000 erat
1021 2984 1047 3002 ..
1124 2949 1153 3003 S.
1169 2949 1200 3003 C.
1216 2950 1307 3002 Ptine.
1321 2945 1380 3001 nid.
1399 2976 1437 2992 -

126 3032 190 3075 erat
213 3022 246 3076 S.
268 3023 302 3078 C.
326 3022 433 3077 Bertld.
452 3021 520 3074 Lod.

219 3103 249 3153 2.
267 3104 298 3148 at
313 3105 396 3148 aetra
417 3097 540 3149 ordinem
557 3096 686 3148 iudicium
698 3095 800 3169 fieret]
821 3094 908 3169 Lngd.
928 3099 991 3152 llot.
1012 3097 1088 3149 Man.
1107 3096 1188 3151 Creu.
1207 3126 1245 3139 -
1263 3115 1300 3146 ea·
1312 3095 1437 3147 ordinem

125 3210 151 3228 ..
163 3214 171 3226 .
185 3170 337 3227 .tudteism
343 3170 432 3243 fieret
446 3173 537 3224 l’rine.
556 3200 588 3213 -
610 3191 646 3222 ea·
666 3171 765 3223 ordine
779 3172 932 3223 ‘’iudicium
944 3172 1033 3244 fieret
1057 3169 1117 3226 illd.
1137 3200 1174 3215 -
1192 3190 1229 3223 ea
1248 3172 1344 3223 ordine
1359 3169 1458 3220 iudi..

127 3254 201 3301 aaa
213 3245 307 3319 fieret
321 3246 427 3300 Bersld.
448 3245 512 3299 Lod.
532 3275 569 3287 -
587 3245 667 3302 Coni.
688 3245 721 3298 de
742 3262 801 3299 toto
819 3247 870 3299 boe
888 3247 950 3299 loeo
969 3246 1121 3318 Madvigius
1142 3252 1169 3299 in
1188 3263 1220 3302 es
1238 3261 1313 3321 parte
1334 3243 1437 3299 disser-

126 3326 243 3378 tationis
262 3337 342 3386 snse,
363 3338 443 3392 quain
463 3336 573 3374 nostrae
589 3322 703 3376 editioni
723 3327 930 3393 prsesnisimns‚
951 3337 1009 3394 pag.
1029 3326 1075 3380 30.
1094 3339 1135 3394 sq.

220 3403 248 3458 5.
267 3413 323 3449 om.
342 3395 407 3448 Lod.
429 3395 513 3467 bugd.
535 3397 598 3450 Ilot.
620 3397 695 3450 Man.
776 3400 875 3454 it-5.
896 3415 949 3449 om.
967 3395 1033 3449 Lod.
1051 3396 1221 3470 Lungan.

220 3473 249 3529 6.
267 3469 405 3543 infimam]
427 3469 569 3542 infirmam
587 3473 675 3524 Ptine.
780 3477 805 3528 7.
823 3480 921 3522 vestra
939 3475 1012 3539 viia]
1033 3477 1094 3522 vila
1114 3481 1212 3522 vestra
1232 3475 1291 3526 Cle.
1310 3469 1387 3524 editt.

221 3553 249 3605 8.
267 3564 297 3598 se
307 3551 419 3615 jecisse
439 3554 648 3609 commemorat,
670 3554 700 3595 ut
720 3563 775 3597 non
794 3545 873 3597 modo
889 3552 997 3596 virtute
1009 3546 1153 3619 flecteret]
1171 3565 1200 3597 se
1206 3547 1336 3616 flecteret
1349 3544 1437 3612 (nullo

129 3627 204 3676 intes
223 3621 273 3677 bss
292 3637 371 3674 voces
388 3626 477 3693 episto
497 3618 606 3695 relicto)
626 3623 714 3675 Ptine.
733 3619 839 3675 Bersld.
859 3649 897 3663 -
916 3638 973 3678 om.
989 3619 1056 3677 Lod.
1074 3623 1142 3675 baec
1160 3638 1188 3675 et
1203 3638 1271 3694 qnae
1288 3637 1437 3693 sequuntur

130 3697 274 3751 Ciceronis
294 3694 386 3749 verbs.

223 3772 250 3827 9.
269 3771 414 3836 deleniret]
434 3768 569 3820 delineret
587 3770 653 3822 iios.
673 3769 755 3822 Creu.
774 3797 810 3812 ··-
830 3767 957 3820 deliniret
978 3775 1093 3842 priores.

205 3854 251 3903 10.
271 3845 354 3913 Puto]
372 3853 442 3915 pista
464 3847 554 3897 Ptine.
768 3851 808 3899 ti.
829 3862 887 3894 esse
910 3847 999 3897 Ptine.
1022 3876 1050 3888 -
1067 3844 1165 3913 fuisse
1184 3849 1278 3899 ceteri.

206 3927 252 3977 11.
271 3920 307 3970 ab
321 3920 353 3973 C.
374 3922 477 3986 Annio]
498 3938 515 3969 a
536 3919 568 3972 C.
593 3921 684 3970 Annio
702 3919 765 3970 llos.
781 3919 862 3972 Creu.
882 3944 917 3959 -·
936 3920 972 3972 ab
986 3920 1019 3975 T.
1037 3924 1129 3972 Annio
1150 3920 1226 3972 Man.

207 4002 251 4052 12.
268 3998 478 4065 patrimonium]
500 3998 704 4045 matrimonium
718 3996 810 4046 Princ.

205 4067 278 4123 ibid.
299 4074 414 4128 matris,·
432 4068 601 4134 aiiisdenim]
619 4066 707 4121 Aldet
716 4085 790 4139 seqq.
800 4096 837 4111 -
850 4068 977 4119 matrisei
992 4069 1082 4122 Ptine.
1096 4093 1129 4110 -·
1143 4073 1244 4119 matris
1252 4074 1323 4119 enim
1334 4067 1440 4124 Besald.

204 4145 251 4201 11.
271 4147 431 4211 aecusator]
450 4149 606 4194 miseratori
624 4145 713 4196 l’rlnc.

204 4226 250 4279 15.
270 4225 373 4288 equites
394 4226 423 4269 et
438 4219 573 4284 tribunos]
595 4217 679 4289 Lugd.
700 4219 763 4270 llot.
785 4219 860 4271 Man.
878 4217 959 4270 Cren.
979 4240 1015 4256 -
1034 4220 1140 4287 equites
1159 4219 1287 4271 tribunos
1308 4225 1425 4292 priores.

205 4297 250 4352 16.
270 4296 418 4346 Senatores
437 4293 693 4345 condemnaverunt
707 4292 783 4359 XII]
813 4289 886 4361 Quid
914 4292 966 4344 sibl
986 4290 1101 4343 voluerit
1122 4296 1275 4360 Graevius,
1304 4291 1439 4365 quemad

130 4372 206 4424 bono
226 4383 548 4432 numerumnunerum,
570 4367 673 4432 ,Forte
689 4368 786 4433 w,
811 4384 838 4419 et
855 4365 1044 4421 adnumerum
1064 4365 1251 4436 tribunorum,
1278 4376 1324 4441 qui
1345 4372 1440 4424 ubsol-

129 4460 243 4510 eernnt‚
263 4445 368 4510 „Forte
389 4443 475 4494 llll.”
496 4441 566 4495 hand
586 4447 731 4515 perspicio.

204 4526 250 4576 21.
273 4520 318 4572 M.
340 4520 454 4572 Catonis
472 4521 621 4585 sententia]
644 4516 729 4583 «vid.
750 4516 818 4568 Veli.
839 4518 945 4570 Patere.
964 4518 1001 4571 Il.
1022 4519 1085 4575 ΙΝ
1106 4519 1235 4573 (iIlel'.

203 4601 249 4651 22.
269 4602 359 4646 morte
378 4624 397 4636 -
415 4623 433 4636 ·
452 4593 690 4660 dissimulaverat]
711 4601 827 4644 mortem
847 4622 866 4633 -
885 4621 903 4633 -
922 4591 1139 4645 dissimulaverit
1163 4597 1250 4645 Pslne.

206 4675 252 4728 23.
274 4670 482 4722 Nominaverat
498 4687 601 4738 quoque
617 4686 677 4719 eum
693 4668 798 4737 Cicero]
821 4664 881 4719 vid.
894 4681 955 4738 esp.
968 4671 1012 4728 16.
1026 4669 1051 4736 §.
1064 4667 1111 4728 bl.
1126 4667 1162 4723 ci.
1172 4684 1232 4744 esp.
1246 4674 1272 4728 9.
1285 4672 1309 4738 §-
1320 4672 1368 4726 26.

204 4744 249 4801 21.
269 4743 381 4797 audisse
399 4746 429 4811 a]
447 4746 539 4800 Ptine.
557 4773 595 4789 -
612 4742 721 4794 audisse
737 4763 797 4796 eum
818 4763 837 4795 a
854 4747 951 4804 ceteri.

203 4819 274 4876 Ibld.
293 4823 420 4893 tertiam]
440 4822 528 4875 Prino.
549 4847 586 4865 -·
604 4824 716 4873 tertium
734 4824 829 4875 ceteri.
