3210 5280
212 182 274 246 aas
620 166 837 251 'seucum
859 184 1112 252 contunsis

297 322 404 388 Mixta
427 322 597 408 responsio
620 335 653 389 et
670 325 793 390 facetiis
816 324 1004 390 urbanitatis
1027 335 1059 388 et
1082 322 1257 408 asperitatis
1280 322 1453 389 virulentis
1473 344 1543 389 nou

213 415 280 480 sine
299 419 505 508 χλευασμῷ1
549 417 669 487 Definii
690 420 771 482 enirn
794 421 934 484 rusticos
957 432 988 482 et
1012 421 1151 484 urbanos
1173 419 1238 496 ita,
1275 429 1309 482 nt
1330 419 1362 482 in
1383 440 1423 482 se
1444 416 1544 504 inge·⁵

214 510 297 573 nium
313 509 440 574 sobriae
456 511 600 587 virtutis,
624 512 656 574 in
671 510 790 576 Clodio
810 512 923 576 iudicia
939 512 1100 576 foeditatis
1116 524 1147 575 et
1162 514 1319 576 dedecora
1334 510 1542 594 proscribat.

288 629 323 707 2.
353 631 401 733 [0
428 635 614 735 singulare
639 633 872 738 prodigium!
912 635 978 711 at2
1016 631 1295 711 omoustrum!
1335 634 1474 709 Nonne
1504 645 1544 710 tc

187 744 320 819 shuius
348 747 498 845 templi,
537 772 614 821 nou
641 751 770 845 urbis,
796 775 870 823 non
897 752 1018 844 vitae,
1045 774 1121 823 non
1147 749 1240 822 lucis
1266 743 1412 846 pudet?
1459 743 1544 848 Tu]

213 861 276 957 qui
302 859 451 932 indutus
480 859 651 934 muliebri
676 871 781 936 veste
808 861 944 956 saeris,
973 856 1134 960 [virilem
1152 885 1280 934 vocem
1300 861 1415 934 audes
1435 863 1545 934 cmit-

210 979 312 1066 tere,
353 974 456 1046 cuius
492 974 742 1070 importunam
778 972 968 1045 libidinem
1006 982 1044 1047 et
1078 982 1246 1070 stuprum
1284 997 1365 1046 cum
1391 971 1545 1047 scelere

212 1084 448 1158 coniunctum
473 1108 520 1157 ue
548 1083 779 1158 subornandi
805 1086 951 1184 quidem
978 1108 1082 1158 mora
1108 1078 1346 1182 retardavit]

295 1200 435 1264 Videtur
468 1200 548 1263 enim
572 1199 708 1266 Clodius
736 1202 846 1265 babitu
877 1201 1022 1267 muliebri
1043 1222 1154 1266 sexum
1177 1201 1325 1265 mentitus
1347 1211 1544 1283 penetrasse

169 1295 338 1357 sodomum
373 1291 416 1358 C.
445 1291 613 1371 Caesaris,
648 1304 683 1356 ut
705 1293 860 1358 incestum
889 1297 949 1358 sub
979 1297 1037 1357 hac
1069 1295 1181 1359 frande
1213 1295 1441 1360 committeret.
1502 1295 1544 1360 ltl

213 1387 443 1465 describitur³,
467 1422 482 1438 ·
504 1422 519 1438 -
541 1422 556 1438 -
577 1398 612 1449 ut
634 1387 739 1451 ornnia
764 1387 946 1452 liniamenta
970 1388 1174 1479 turpitudinis
1195 1392 1398 1474 detegantur.

287 1504 324 1584 3.
353 1511 481 1607 Tune,
509 1535 620 1610 quum
646 1512 877 1586 vincirentur
894 1513 1008 1611 pedes
1027 1513 1172 1610 fasciis,
1200 1539 1310 1613 quum
1329 1512 1543 1615 calantica⁴

210 1624 323 1720 capiti
349 1624 712 1719 accommodaretur,
752 1649 862 1724 quum
896 1627 960 1698 vin
987 1628 1204 1700 manicatam
1228 1629 1391 1701 tunicam
1418 1630 1461 1702 iu
1489 1629 1543 1703 la·

212 1744 337 1808 certos
363 1734 583 1829 induceres,
620 1759 731 1833 quum
758 1737 929 1834 strophio
957 1748 1130 1811 accurate
1156 1740 1472 1838 praecingerere,
1500 1741 1543 1825 in

170 1845 432 1944 astam'lougo
466 1848 586 1945 spatio
624 1874 821 1947 numquam
848 1859 895 1923 te
922 1848 1033 1947 Appii
1059 1848 1204 1923 Claudii
1240 1860 1413 1948 nepotem
1452 1876 1542 1939 esse

212 1959 434 2032 recordatus
452 1954 523 2033 es?
550 1958 708 2059 Nonne,
735 1963 845 2035 etiam
871 1962 905 2034 si
931 1984 1075 2035 omnem
1102 1971 1260 2036 mentem
1287 1963 1404 2038 libido
1431 1988 1542 2039 aver·

213 2078 334 2167 terat,
361 2080 483 2145 tamen
510 2097 557 2148 ex
584 2128 593 2148 .
622 2129 632 2148 .
659 2125 671 2150 0

299 2188 520 2254 Ornamenti⁵
536 2210 656 2274 genus,
674 2210 739 2275 quo
757 2188 893 2255 feminae
908 2189 1009 2273 capita
1026 2190 1187 2265 velabant,
1211 2190 1273 2256 hoe
1284 2189 1435 2257 nomine⁶
1452 2193 1543 2260 lere÷

211 2279 321 2345 batur.
375 2282 420 2345 Et
441 2281 594 2346 Afranius
625 2282 763 2347 meminit
786 2283 818 2346 in
852 2283 1066 2350 Consobrinis
1092 2284 1133 2347 ita
1163 2283 1287 2348 dicens:
1325 2282 1432 2350 CUM
1465 2286 1543 2351 Ml·

169 2373 695 2451 snTHttIS‚cnt.AUT1c18.
738 2376 905 2458 lmpadico
928 2377 1027 2463 igitur
1048 2377 1159 2441 habitu
1180 2379 1388 2441 erubescendi
1411 2380 1542 2444 decoris

212 2470 363 2552 quaedam
385 2468 489 2553 ligura
511 2469 716 2545 describitur.
760 2470 870 2554 Atque
894 2469 935 2533 ita
960 2491 993 2533 se
1016 2481 1049 2533 et
1070 2470 1103 2533 in
1125 2469 1256 2533 historia
1272 2470 1428 2553 temporis
1444 2473 1541 2536 burins

211 2562 473 2627 commemoratio
494 2563 602 2626 habet.
639 2561 682 2627 C.
718 2561 868 2628 Caesaris
901 2563 1060 2646 pontilicis
1092 2563 1218 2627 ruaximi
1253 2564 1415 2646 praetoris
1450 2565 1540 2630 domi

212 2654 399 2718 sacrificium
422 2657 575 2720 sollemne
594 2676 656 2738 pro
677 2657 800 2738 populo
821 2655 928 2720 tiebat.
972 2658 1047 2720 Huc
1069 2657 1119 2720 vir
1142 2669 1255 2720 ornatu
1279 2656 1426 2720 muliebri
1451 2662 1539 2742 qnod

211 2747 392 2825 introierat,
427 2749 617 2812 sacrificium
647 2749 851 2811 instauratum
882 2760 941 2813 est.
1000 2751 1066 2815 Res
1094 2753 1132 2814 ad
1162 2763 1302 2814 senatum
1338 2751 1440 2813 delata
1477 2765 1539 2816 est.

168 2859 201 2909 as
213 2840 329 2906 Patres
349 2842 522 2925 conscripti
545 2844 772 2919 decreverunt,
797 2843 856 2906 sst⁷
879 2845 918 2906 de
940 2864 976 2907 ea
1001 2864 1036 2908 re
1061 2865 1123 2908 non
1140 2845 1230 2907 aliter
1245 2866 1338 2929 quam
1354 2844 1423 2907 de
1414 2859 1541 2909 incestu

212 2948 434 3018 quaereretur.
488 2937 539 3000 Eo
565 2935 694 2999 crimine
716 2957 789 2998 rens
815 2935 917 2997 factrts
940 2947 988 2999 est
1014 2938 1055 3001 P.
1088 2938 1162 3003 CL.
1193 2940 1351 3012 Pulcher,
1389 2940 1540 3003 delatore

212 3029 255 3090 L.
287 3029 445 3105 Lentulo,
480 3029 535 3114 qni
560 3028 669 3094 consul
698 3029 759 3092 init
793 3041 868 3110 post
889 3051 959 3092 cum
982 3028 1024 3094 C.
1049 3031 1228 3105 Marcolica
1262 3031 1540 3095 subscribentibus

213 3120 277 3186 Cn.
301 3133 333 3191 et
356 3123 398 3186 L.
422 3122 579 3187 Lentulis.
630 3122 763 3186 Aurelia
791 3121 940 3186 Caesaris
973 3134 1073 3186 mater
1096 3125 1183 3187 testis
1210 3123 1242 3187 in
1268 3124 1416 3188 indicium
1442 3125 1541 3189 citata

284 3369 308 3416 l.
333 3370 416 3417 Codes
438 3370 525 3428 babet;
555 3373 639 3417 mixta
664 3371 796 3428 responsio
819 3377 843 3417 et
860 3367 960 3430 facetis
984 3373 1136 3417 urbanitatis
1154 3379 1178 3418 st
1195 3373 1342 3430 asperitatis
1359 3373 1432 3420 rideo
1453 3376 1541 3427 lenitis

349 3454 398 3485 non
410 3441 475 3485 siae.
513 3441 575 3485 Tem
592 3442 701 3499 sequitur
714 3442 826 3496 spatium.
864 3441 963 3487 Placent
976 3448 1054 3487 autern
1073 3444 1129 3487 aiibi
1148 3444 1179 3486 el.
1193 3443 1272 3487 Reieri
1291 3445 1392 3488 duorstm
1406 3446 1542 3499 verboram

350 3511 523 3566 supplementa.
562 3508 587 3554 2.
612 3508 647 3554 ad
663 3510 723 3554 Cod.
743 3510 820 3555 Tanr.
847 3523 891 3566 pro
914 3518 949 3556 at.
986 3511 1057 3570 (Leg.
1072 3519 1143 3571 atque
1162 3518 1300 3556 monstram
1318 3526 1371 3556 cum
1391 3515 1542 3575 Madvigio.)

352 3577 377 3626 ³.
396 3581 503 3636 Spatium
516 3580 586 3624 anias
604 3592 688 3624 sersus
704 3580 846 3637 relinquitur
865 3581 887 3625 iu
907 3582 1004 3626 Codice.
1043 3579 1067 3626 i.
1087 3581 1233 3636 Calantica,
1253 3596 1299 3626 nou
1318 3583 1467 3640 calantica,
1489 3587 1542 3632 baie

349 3654 373 3694 et
390 3650 490 3696 interius
514 3649 585 3695 babet
602 3647 684 3692 Codes
696 3649 880 3694 Ambrosianus
916 3651 948 3695 Et
966 3653 1042 3710 qa'de
1044 3666 1059 3695 ιι
1079 3653 1111 3695 ita
1130 3666 1223 3710 quoque
1241 3652 1355 3705 Ulpianus
1375 3653 1400 3697 in
1418 3652 1541 3715 Digestis

349 3719 392 3768 tib.
412 3719 533 3765 nutv.
553 3723 591 3767 tit.
612 3716 637 3762 2.
658 3719 704 3778 leg.
726 3715 769 3764 25.
806 3721 865 3764 Vide
890 3721 963 3765 stiam
991 3722 1135 3765 Vossintn
1130 3736 1153 3765 ιιι
1176 3719 1303 3779 Ειγιιιιιὶ.ν
1331 3726 1354 3765 et
1373 3723 1524 3769 vtaetan
1517 3739 1542 3771 ιι

352 3790 416 3833 notis
434 3790 566 3834 sdAusou.
587 3788 697 3844 periocb.
717 3788 748 3832 b.
769 3787 901 3843 Odysseae
922 3790 1073 3835 Glossarium
1092 3791 1288 3836 Phiioxenianum
1308 3790 1336 3833 ba
1338 3789 1540 3853 betcacasstiea,

341 3861 412 3916 'quod
431 3859 570 3904 vocabulum
588 3859 676 3903 ibidem
694 3858 826 3914 explicatur
845 3852 922 3920 εἶδος
939 3856 1041 3923 ζώνης.
1061 3862 1122 3905 thud
1136 3861 1238 3904 Τιιιιιιι.
1258 3861 1392 3905 saliatica
1432 3861 1460 3912 5
1482 3865 1543 3921 sp..

350 3931 409 3973 tium
428 3932 505 3974 estin
524 3931 627 3982 Codice,
646 3929 780 3985 quadrare
799 3925 943 3983 replevimus
962 3930 1079 3974 vocaabuto
1097 3943 1160 3973 oran
1161 3930 1251 3981 menti,
1271 3931 1325 3987 quin
1345 3929 1468 3985 Ulpianus
1488 3936 1543 3980 loeo

349 4011 426 4054 nuper
436 4000 530 4042 laudato
542 4002 650 4043 recenset
662 3997 814 4042 calanticam
832 4000 894 4042 iuter
913 4005 1054 4045 ornamenta
1067 3999 1202 4044 muliebria.
1241 3996 1263 4043 6
1285 4000 1385 4045 Scilicet
1397 4003 1541 4049 calantica.

353 4066 378 4113 7.
398 4069 432 4112 lts
450 4070 544 4124 supplet
562 4073 588 4113 rit
605 4068 641 4112 ιΙΙ
661 4065 693 4112 N.
712 4068 747 4122 (et
764 4067 898 4121 Schuetz)

304 4204 333 4262 6.
352 4197 504 4254 Clodium
496 4214 534 4251 ιιιι
549 4195 677 4250 indutum
687 4196 816 4270 graphice
829 4197 963 4251 describit
977 4199 1077 4252 Cicero
1090 4203 1174 4251 etlam
1189 4198 1221 4252 de
1238 4199 1348 4272 barusp.
1363 4216 1440 4273 resp.
1458 4200 1544 4260 XXI.

288 4283 331 4334 1¹1.
353 4277 455 4328 Locum
476 4273 568 4326 laudat
589 4275 695 4326 Nouius
715 4290 749 4324 ex
769 4277 894 4325 oratione
915 4277 943 4326 iu
958 4273 1087 4327 Clodium
1102 4290 1161 4326 voc.
1176 4280 1317 4326 calantica
1330 4277 1545 4348 etstroplrs'aar.

210 4353 304 4407 Codes
330 4365 421 4402 antem
442 4349 641 4404 Ambrosianus
669 4346 748 4399 babet
777 4363 883 4399 tautum
912 4348 992 4401 rerba
1011 4367 1092 4421 qamn
1112 4350 1253 4402 calantica
1271 4355 1361 4420 capiti
1380 4369 1544 4406 accommo-

210 4429 345 4491 daretur,
367 4439 436 4496 quae
456 4423 538 4496 paulo
558 4427 712 4476 immutaris
728 4422 835 4476 Nouius
849 4429 904 4476 sio:
925 4443 1006 4495 pisam
1019 4426 1188 4477 calanticam
1201 4431 1290 4497 capiti
1302 4430 1545 4484 accommodares.

211 4503 324 4573 tteltqua
345 4500 426 4552 verba
446 4516 509 4552 sunt
530 4518 564 4552 ex
583 4499 651 4552 Cocl.
672 4498 786 4549 Tauria.

287 4583 334 4633 20.
357 4577 389 4627 ln
412 4575 514 4629 Afranii
534 4572 712 4644 fragmentis,
742 4586 811 4641 quas
831 4588 995 4643 supersunt,
1025 4573 1172 4628 laudantur
1199 4577 1303 4647 aliquos
1329 4574 1387 4628 loci
1409 4596 1443 4630 es
1466 4580 1546 4633 Coa-

211 4653 351 4715 sobrinis,
379 4669 473 4703 aerum
495 4651 543 4703 bic
564 4665 621 4703 erat
640 4647 732 4701 adhuc
753 4646 1011 4703 restitissemus
1032 4665 1123 4704 nutem
1144 4652 1284 4707 evidenter
1304 4651 1388 4704 haber
1410 4655 1545 4753 inlibris,

213 4746 270 4783 nou
290 4731 392 4780 mitris.
