3210 5280
464 214 766 326 tutentur
792 212 1071 278 ανιιιιιιιιι.
1358 213 1420 277 ιιι
1536 167 1537 170 ¹

113 368 179 429 est,
219 357 391 438 Neptuno,
426 356 551 419 laticum
573 354 643 439 regi
664 367 695 418 et
715 374 819 417 rerum
842 353 1055 426 conditarum,
1091 364 1121 414 et
1143 354 1189 415 dis
1212 351 1350 436 magnis,
1387 354 1420 417 id

112 464 158 512 est
181 450 297 510 laribus
321 448 405 511 urbis
430 451 570 523 Romae,
595 449 657 510 dati
679 459 768 508 sunt:
808 444 920 529 quilius
942 446 1027 508 aiunt
1048 459 1154 530 raptas
1176 448 1306 509 Sabinas
1328 467 1415 524 esse,
1492 517 1498 527 .

113 556 146 603 ut
170 543 313 604 videatur
334 555 468 623 propter
488 543 551 604 ltoc
574 541 678 603 dicere
700 538 882 623 Virgilius:

311 638 453 717 Magnis
477 633 678 698 Circensibus
699 635 798 695 ociis.
1426 657 1473 727 [er

111 725 152 787 Ei
174 726 331 792 circenses
352 727 416 789 ludi
437 737 521 789 sunt.
801 746 803 751 ¹
1387 786 1388 790 ,
1425 745 1440 790 t

192 821 316 885 Deinde
335 843 369 885 se
390 820 567 899 ducturos]
607 817 793 893 Ductnros,
816 813 987 889 dilaturos,
1012 835 1129 877 tnoratn
1152 815 1308 881 facturos.

191 914 273 976 Dice
297 912 355 991 do]
400 914 514 995 Longe
537 913 691 975 oratione.
794 962 810 989 ,

192 1003 411 1084 Excusondo]
455 1003 523 1068 Cur
545 1005 697 1066 interilum
725 1022 786 1063 nou
816 994 940 1062 dicant.
975 1000 1229 1080 Adntittebuntur
1255 1002 1334 1064 eninr
1357 1024 1413 1065 ex·

110 1097 284 1158 ornatiores
309 1098 421 1160 ruttltae
447 1099 537 1160 etiarn
564 1118 623 1179 pto
648 1118 723 1168 reo,
747 1106 798 1156 aut
825 1094 1039 1173 occupationis
1066 1075 1215 1171 alicuius,
1241 1108 1293 1158 aut
1316 1098 1413 1160 rutilae

111 1191 306 1253 valetudinis.
1424 1201 1455 1250 to

195 1287 246 1351 dd
270 1286 370 1349 ludos
392 1281 575 1360 Victoriae]
620 1282 690 1343 Hos
716 1280 800 1359 Sylla
823 1276 953 1339 instituit
976 1279 1060 1341 bello
1083 1277 1168 1341 civili
1191 1280 1306 1345 victor.

193 1377 385 1440 Secundum
406 1375 505 1459 quos]
531 1374 652 1436 l’lebeii
675 1373 756 1446 ludi,
787 1391 867 1455 quos
890 1369 1009 1432 exactis
1032 1372 1160 1455 regibus
1183 1396 1242 1454 pro
1265 1376 1423 1440 libertate¹

108 1468 208 1550 plebis
240 1469 403 1542 lecerunt,
441 1480 495 1531 aut
522 1489 584 1550 pro
618 1465 870 1530 reconciliatione
904 1464 1006 1546 plebis
1040 1479 1113 1548 post
1141 1469 1351 1532 secessionem
1380 1471 1412 1534 itt

108 1560 313 1624 Aventinum.
1204 1636 1210 1648 Ι

193 1656 300 1735 Quem
319 1674 384 1735 ego
404 1652 584 1732 hominem]
627 1651 679 1713 M.
703 1649 870 1712 Metellum
892 1646 1029 1724 scilicet,
1053 1647 1084 1711 in
1104 1650 1191 1712 cuins
1214 1650 1317 1715 locutu
1334 1656 1408 1716 sub·
1424 1663 1453 1712 ts

108 1748 299 1809 sortiendum
327 1743 456 1805 iudicem
478 1765 518 1806 ex
543 1766 678 1827 persona
704 1744 816 1806 Verris
839 1764 933 1824 supra
959 1743 1103 1820 dixerat.
1129 1747 1183 1830 qui
1208 1759 1338 1829 praetor
1359 1748 1410 1812 lu·

108 1852 194 1900 turus
216 1839 258 1900 eit
280 1859 319 1898 ex
343 1837 417 1900 Kal.
440 1838 529 1911 Ian„
554 1838 607 1922 qui
629 1856 710 1898 nunc
732 1837 768 1898 in'
783 1834 918 1897 iudicum
941 1857 1071 1900 nurnero
1094 1850 1154 1902 est.

189 1937 232 2011 (§.
256 1933 324 2009 32.)
346 1930 447 1995 Molo
468 1935 555 1997 enirn
575 1935 689 1993 iurato
711 1930 822 2009 suom]
865 1928 946 1993 Cum
971 1929 1066 1993 iudex
1094 1932 1134 1993 sit
1160 1934 1333 2011 Metellus,
1363 1947 1412 1998 te·

107 2027 220 2089 bellam
243 2024 432 2088 iudiciariam
458 2023 577 2085 iuratus
600 2022 729 2105 accipit3
755 2045 824 2085 otuu
851 2035 980 2103 praetor
1002 2024 1116 2100 luerit,
1142 2038 1173 2088 ei
1195 2048 1258 2091 non
1280 2028 1408 2105 iurabit,

106 2119 178 2203 qnia
203 2139 266 2182 non
295 2130 341 2180 est
374 2117 469 2189 iuris,
493 2128 524 2179 et
548 2115 578 2177 in
603 2127 760 2197 potestate
791 2117 918 2179 habebit
941 2117 1070 2179 tabellas
1094 2119 1232 2181 outniutn
1261 2109 1463 2185 itttlicuttt.2⁰¹

189 2212 230 2275 ld
255 2215 340 2275 enim
367 2209 548 2278 consilium
574 2211 658 2271 milti
675 2212 776 2271 taciti
795 2208 931 2288 dabitis]
988 2212 1218 2274 Sertnociuttio
1251 2214 1309 2275 ista
1347 2235 1411 2277 non

110 2306 200 2366 decet
230 2303 363 2364 iudicum
389 2300 591 2382 gravitatem
615 2299 686 2360 ideo
711 2304 812 2364 taciti
833 2301 922 2362 dixit.
966 2301 1019 2363 stc
1034 2302 1231 2386 agitantem,
1256 2317 1411 2368 utosten·

108 2400 158 2459 «lat
184 2418 217 2459 se
243 2416 306 2458 non
336 2395 451 2455 debere
483 2391 571 2455 horis
599 2391 744 2474 legitimis
767 2394 853 2454 abuti
880 2397 918 2456 etl
943 2395 991 2457 bis
1016 2399 1220 2459 accusandum
1253 2400 1407 2478 Verrem,

106 2512 176 2552 cttttt
198 2487 301 2570 possit
324 2507 385 2568 pto
408 2506 468 2548 una
489 2484 612 2548 actione
633 2486 821 2549 testimoniis
844 2486 889 2549 uti
911 2498 1043 2553 tantum.

200 2750 225 2799 1.
245 2741 373 2809 iaticum]
394 2736 478 2810 Logd.
499 2739 563 2792 llos.
583 2739 659 2792 Men.
678 2738 761 2793 Creo.
781 2764 816 2780 -
833 2741 902 2791 loti:
921 2759 982 2793 curn
1000 2742 1091 2796 Prioc.
1104 2742 1215 2796 -Iatt’.
1228 2752 1286 2796 eunt
1299 2743 1407 2799 Bereltl.

105 2817 167 2873 Ald.
188 2833 216 2870 et
236 2815 302 2868 Lod.
323 2819 368 2886 qui
389 2830 448 2886 post
470 2811 683 2885 preciosiorem
680 2812 786 2865 irnstre
805 2822 949 2890 proposuit
968 2815 1110 2890 legendum
1129 2819 1191 2872 icti.
1211 2826 1269 2870 tunt
1288 2828 1316 2871 st
1335 2823 1408 2889 regi.

180 2889 251 2944 lbid.
270 2891 324 2956 dis]
346 2891 438 2943 Ptine.
459 2887 572 2941 nid.-
591 2886 646 2939 diis
664 2892 758 2942 ceteri.

198 2971 225 3025 5.
246 2965 398 3032 Virgilius]
427 2964 493 3018 Aen.
515 2963 589 3014 Vlll.
609 2967 674 3021 666.

196 3045 225 3098 5.
246 3039 283 3092 Et
301 3045 437 3090 circenses
454 3038 513 3089 indi
529 3038 607 3107 sunt]
647 3039 738 3092 Princ.
758 3036 865 3092 Berald.
885 3037 947 3092 ild.
967 3037 1035 3092 Lod.
1063 3065 1100 3078 -
1124 3040 1199 3092 Nam
1217 3014 1247 3092 et
1266 3040 1409 3094 Circenses

104 3116 163 3168 indi
181 3124 247 3166 suni
267 3115 348 3184 Lugd.
370 3114 445 3167 Men.
465 3142 501 3155 -
520 3113 595 3164 Νιιιιι
614 3121 643 3165 et
661 3115 768 3182 Magni
785 3122 814 3164 et
833 3117 976 3167 Circenses
992 3114 1075 3166 iidem
1093 3123 1158 3166 runt
1178 3116 1241 3169 Ηοι.
1261 3117 1343 3169 Cren.
1373 3146 1409 3161 -

105 3190 259 3261 „Adversus
280 3204 368 3241 toturn
390 3189 462 3241 hune
481 3190 594 3243 Asconii
613 3187 705 3240 locum
726 3191 814 3241 solitis
833 3190 995 3243 Mesochiut
1023 3193 1146 3265 disputet
1172 3189 1207 3242 td
1226 3190 1282 3244 tels.
1302 3191 1408 3247 liertrl.

150 3265 232 3325 3⁵72*
257 3262 387 3317 Gneus.

105 3286 131 3339 P·
196 3341 225 3397 6.
244 3339 385 3391 ducturos.
424 3337 584 3400 Durium,
604 3334 756 3407 dilaturos]
778 3335 884 3389 Beseld.
905 3335 965 3391 ild.
986 3336 1109 3392 Lod.-
1127 3337 1260 3393 dicturos.
1285 3338 1410 3393 dicturos

104 3415 242 3467 dilaturos
264 3415 406 3465 l’rlnc.-
428 3411 571 3477 dnciuros]
591 3411 741 3462 Dilatnros
762 3411 847 3483 Lugd.
869 3413 932 3464 llos.
951 3413 1028 3465 Man.
1049 3414 1130 3466 Creu.

183 3500 224 3546 ιι.
245 3487 304 3538 Hos
323 3487 404 3559 Syllo
423 3491 547 3538 instituit
565 3490 628 3555 ceu]
654 3485 744 3557 ,tide
764 3484 888 3541 Mentrd.
908 3503 934 3540 et
954 3491 1116 3561 interpretes
1136 3488 1407 3551 sdt'eltet.11.27.”

104 3563 344 3693 (intpp-tm
367 3633 437 3703 ludt]
471 3632 555 3706 lugd.
581 3633 660 3688 Men.
686 3663 723 3677 -
746 3634 835 3705 plebei
859 3634 918 3687 ndi
944 3636 1037 3691 Ptine.
1061 3636 1169 3693 Bertld.
1194 3637 1258 3695 Ati.
1284 3637 1352 3692 Lod.
1370 3667 1408 3682 -

101 3713 222 3783 plebeios
239 3709 319 3761 iudos
338 3710 402 3763 Ηοι.
422 3710 503 3762 Creu.

179 3791 222 3845 ¹5.
241 3785 287 3839 M.
307 3785 464 3851 Metellum]
485 3784 653 3835 Pnenomen
673 3781 735 3836 edd.
755 3783 818 3836 Ηοι.
839 3783 921 3839 Creu.

178 3859 359 3918 17.iudictsrn
378 3860 506 3928 nurn‘ero]
526 3857 656 3909 indicium
674 3876 745 3909 nunc
766 3860 857 3911 Ptine.

179 3939 222 3992 ¹8.
240 3934 323 3985 Malo
336 3935 422 4003 enirn]
444 3935 536 3986 Princ.
551 3935 614 3986 Ber.
629 3931 689 3989 tid.
708 3961 745 3976 ·-
764 3950 821 3986 ont.
836 3933 922 4005 nugi.
936 3933 1013 3988 Man.
1028 3962 1063 3976 -
1075 3933 1182 3988 Malim
1193 3943 1222 3987 et
1240 3931 1316 4008 (cnut
1329 3933 1408 3990 editt.

101 4011 255 4076 Ciceronis)
281 4009 346 4062 llos.
366 4011 508 4062 Cretu-
541 4005 677 4060 Lodoicue
704 4020 794 4060 eutem
820 4010 919 4060 lemme
945 4010 999 4060 ltoc
1027 4013 1064 4061 ite
1090 4015 1182 4062 auxit·
1213 4010 1250 4062 Ut
1269 4028 1301 4062 eo
1319 4011 1407 4062 indice

100 4102 180 4154 quant
194 4084 344 4143 Praetore,
362 4082 434 4135 lianc
447 4100 503 4133 rent
517 4088 640 4151 transigi
652 4083 763 4149 mulien,
784 4090 811 4134 et
823 4087 918 4133 iurato
932 4100 1126 4153 enumquam
1138 4089 1262 4137 tnturato
1275 4087 1406 4141 eliorum.

177 4163 220 4216 19.
240 4159 355 4229 accipit]
376 4162 467 4213 Ptine.
489 4156 596 4210 Berald.
616 4157 729 4212 ΔΙά.-
699 4162 865 4227 -nccipiet
886 4156 955 4213 Lod.
976 4175 1003 4212 et
1023 4175 1098 4231 seqq.

175 4232 246 4286 lbid.
264 4231 374 4299 suerit,
396 4242 423 4285 et
441 4234 511 4302 non]
537 4229 645 4301 suerii,
665 4250 721 4283 non
739 4230 807 4285 Lod.

172 4308 380 4376 intuterant]
404 4305 469 4361 Lotl.
488 4323 516 4360 et
535 4324 667 4378 teqq.-
630 4312 794 4358 -inravit
813 4311 993 4378 antiquiores.

172 4390 217 4440 20.
237 4386 318 4452 iuris]
346 4388 432 4434 moris
451 4382 514 4435 Ηοι.
535 4382 615 4434 Creu.

173 4465 216 4514 21.
237 4461 380 4511 consiliunt
398 4455 464 4509 milti
483 4460 576 4524 tacitt]
604 4457 696 4509 Prlno.
717 4452 823 4508 Bereld.
843 4454 903 4508 ild.
924 4453 990 4509 Lod.
1010 4478 1046 4494 -
1065 4456 1174 4509 consilii
1192 4454 1258 4509 miii
1272 4454 1408 4529 profecto

97 4538 180 4583 taciti
201 4533 284 4605 Lngtl.
306 4535 369 4585 Ηοι.
391 4533 466 4585 Men.
485 4533 566 4584 Creu.
588 4548 649 4583 cum
669 4530 746 4584 editt.
771 4532 913 4583 Ciceronis

173 4610 218 4664 25.
237 4608 277 4658 ad
294 4608 335 4657 bis
354 4605 552 4676 accusandum]
573 4607 637 4659 llos.
656 4605 737 4658 Creu.
760 4634 793 4647 -
813 4607 847 4656 ai
868 4603 911 4654 isis
930 4603 1115 4656 aeertsnndntn
1136 4608 1226 4659 Prlnc.
1245 4634 1282 4647 -
1301 4606 1340 4657 nd
1360 4625 1409 4659 ac·

96 4683 247 4733 ecsondetm
268 4681 373 4735 Beteld.
395 4681 462 4735 Lod.
485 4710 513 4723 -
535 4678 579 4731 Itis
595 4681 637 4733 ad
654 4679 838 4733 aestuandum
856 4680 918 4732 Ald.
941 4708 972 4720 -
993 4681 1035 4730 bis
1053 4681 1092 4730 nd
1110 4682 1295 4736 accusandum
1321 4680 1409 4754 lugd.

99 4761 176 4811 nien.
767 4755 812 4811 24.
830 4758 884 4826 pto
903 4758 971 4823 ene]
986 4761 1081 4824 prienes
1099 4755 1185 4829 Lngtl.
1205 4757 1283 4812 Men.
