3210 5280
429 747 1135 896 Psuuuo-Ascoulus

250 1225 315 1312 M.
371 1228 722 1319 TULLII
780 1229 1316 1320 CICERONIS
1400 1318 1469 1349 G,

359 1422 581 1518 aemonis
603 1453 847 1520 sucuuoan
870 1455 920 1518 m
945 1453 987 1520 c.
1010 1454 1211 1536 vernum

495 1650 721 1728 LIBRUM
747 1652 1072 1730 SECUNDUM.

605 2085 955 2153 ARGUMENTUM.

128 2255 247 2369 Haec
267 2301 334 2368 sine
360 2302 459 2379 dubio
488 2304 529 2366 ad
561 2298 792 2365 accusationem
814 2301 974 2385 propositi
1004 2301 1140 2366 criminis
1167 2313 1289 2386 spectat
1317 2303 1434 2371 oratio.
1445 2311 1493 2370 1⁸³1

130 2399 211 2462 Nam
234 2397 399 2479 superiore
419 2408 578 2460 anteactae
596 2416 649 2458 res
671 2406 742 2457 suunt
763 2395 946 2477 expositae,
970 2417 1049 2480 quae
1072 2395 1144 2481 quia
1168 2398 1265 2482 magis
1288 2399 1437 2463 adiuvant

129 2492 378 2566 accusationem,
413 2511 504 2574 quiam
532 2490 619 2572 ipsae
643 2499 714 2550 srrnt
736 2488 947 2571 principales,
980 2490 1010 2552 in
1040 2512 1134 2552 urnrrm
1162 2490 1276 2555 librum
1305 2505 1434 2556 coactae

129 2599 202 2650 stunt
221 2585 337 2649 iudicio
357 2583 522 2650 Ciceronis
540 2582 654 2645 cursim
673 2582 903 2657 enumerantis,
926 2604 1005 2667 quiae
1024 2585 1147 2647 Verres
1166 2576 1332 2668 quaestor,
1356 2599 1462 2668 quaes

130 2700 195 2762 pro
221 2689 413 2764 quaestore,
438 2699 518 2763 quae
537 2677 676 2760 legatus,
700 2697 780 2756 quae
805 2677 938 2761 denique
959 2689 1089 2758 praetor
1105 2680 1245 2740 urbanus
1266 2679 1436 2745 admiserit.

132 2771 196 2837 Ubi
219 2782 347 2834 ventum
369 2782 417 2834 est
438 2774 477 2833 ad
496 2791 620 2832 causam
643 2768 740 2850 ipsam
761 2780 794 2830 et
814 2768 985 2834 Siciliensis
1008 2771 1153 2846 crimina,
1177 2782 1315 2854 quatuor
1337 2773 1437 2835 libros

132 2863 250 2938 edidit,
275 2885 368 2926 tanum
393 2866 432 2926 de
455 2860 704 2936 iurisdictione,
728 2862 858 2925 alterum
875 2867 912 2928 de
925 2865 1102 2940 strumento,
1127 2865 1250 2928 tertium
1272 2869 1309 2928 de
1327 2865 1436 2949 signis,

133 2968 280 3042 quartum
312 2960 350 3020 de
375 2956 554 3039 suppliciis:
589 2955 621 3018 in
648 2975 710 3035 qua
732 2955 949 3021 distributione
978 2978 1041 3021 non
1071 2959 1152 3021 ordo
1183 2958 1353 3040 temporis,
1383 2961 1440 3020 sed

133 3050 309 3114 facinorum
348 3073 464 3135 genera
491 3062 523 3113 et
547 3065 702 3116 momenta
731 3060 855 3114 servata
886 3061 973 3113 urunt.
1026 3048 1143 3131 incipit
1170 3061 1272 3113 autern
1301 3073 1319 3113 a
1351 3050 1482 3115 laudem

135 3143 260 3207 Siciliae
281 3145 500 3228 et'egreditur
522 3146 560 3206 ad
580 3144 696 3208 crimen
721 3142 852 3218 Dionis,
883 3142 994 3205 deinde
1019 3142 1146 3225 Sosippi
1180 3155 1210 3206 et
1236 3143 1440 3208 Philocratis.

135 3237 160 3311 †
182 3236 217 3299 Si
239 3239 277 3301 de
299 3237 368 3300 iure
390 3239 567 3302 Siculorum
589 3259 718 3302 everso.
761 3238 894 3301 Frustra
917 3235 1039 3321 quidam
1064 3235 1251 3302 Ciceronem
1269 3239 1441 3321 reprehen-

208 3427 282 3479 Hote
309 3432 539 3480 commentationi
574 3432 602 3480 to
636 3429 727 3481 Prtne.
758 3441 786 3479 et
817 3424 925 3479 Berald.
952 3431 1120 3499 praescripta
1154 3441 1219 3480 sont
1252 3425 1334 3482 hoec:
1387 3423 1444 3479 DE

136 3499 311 3554 Pmuua
329 3502 361 3554 V
360 3501 502 3554 IIBANA.
521 3502 628 3555 mult·
644 3501 764 3556 LIBER.
783 3501 835 3553 111.
853 3500 1000 3555 INCIPIT
1016 3501 1128 3555 LIBER
1144 3501 1212 3555 IIII.

227 3585 255 3634 1.
275 3576 559 3650 sucuussu‘ruut]
578 3594 634 3631 orn.
655 3581 746 3630 Prlno.
765 3576 871 3629 Bereld.
891 3574 952 3631 ald.
970 3576 1039 3629 Lod.

229 3656 257 3707 2.
275 3652 493 3722 aoeusatmnem]
511 3652 579 3706 Lod.
598 3668 625 3705 et
644 3669 723 3724 seqq.
740 3679 776 3694 -
794 3660 982 3704 aceruatorem
1003 3655 1118 3724 priores.

229 3731 257 3785 5.
275 3726 351 3778 Nem
372 3731 513 3796 superiore
532 3735 680 3779 anteactae
704 3746 750 3780 res
769 3736 834 3779 sumt
858 3727 937 3798 exp]
958 3725 1005 3779 Sio
1026 3728 1135 3797 srrlpsi.
1153 3749 1190 3764 -
1215 3741 1280 3777 nom
1304 3728 1445 3794 superiore

138 3806 277 3854 anteactis
294 3800 376 3853 rebus
391 3819 455 3872 exp.
476 3801 567 3856 Prine.
588 3800 694 3858 Berrld.
712 3831 748 3846 -
766 3804 842 3856 Nam
857 3805 1017 3871 superdores
1036 3809 1103 3853 orate
1121 3805 1195 3851 actis
1212 3798 1293 3851 rebare
1305 3817 1368 3870 exp.
1382 3795 1444 3853 Atd.

138 3877 206 3931 Lod.
229 3905 259 3917 -
280 3894 345 3927 nom
361 3881 391 3927 in
411 3882 552 3947 asperiore
570 3886 719 3930 anteactae
738 3895 783 3930 res
800 3885 867 3930 aurat
883 3895 950 3946 exp.
970 3875 1056 3947 Lngd.
1075 3877 1139 3929 llot.
1158 3876 1235 3928 Mun.
1254 3875 1335 3928 Creo.

230 3951 258 4007 d.
275 3969 357 4021 parom
368 3956 444 4022 ipsae
456 3960 523 4003 stent
530 3954 637 4023 princ]
658 3952 720 4007 ald.
734 3952 820 4026 Lngd.
841 3953 917 4006 Mau.
937 3977 973 3991 -··
991 3969 1074 4022 param
1091 3955 1149 4018 ipse
1168 3958 1233 4001 erent
1246 3955 1337 4019 priato.
1351 3947 1396 4002 Pr.
1408 3975 1446 3990 -

137 4044 219 4094 quom
237 4031 311 4096 r'pee,
334 4031 426 4097 prior.
444 4025 554 4081 Bertld.
575 4055 612 4072 -
630 4046 712 4098 queam
733 4033 810 4098 ipsae
829 4032 920 4099 princ.
940 4025 1007 4081 Lod.
1030 4057 1060 4068 -
1082 4043 1162 4096 quom
1185 4030 1263 4096 ipsae
1278 4030 1337 4077 sint
1354 4027 1446 4091 princ.

138 4103 203 4157 llos.
228 4101 309 4154 Creo.

231 4182 262 4236 5.
278 4179 476 4244 enumerantis]
509 4185 704 4229 enrrmerantee
721 4176 815 4232 Princ.

230 4253 257 4306 6.
273 4269 328 4322 pro
346 4255 502 4323 precessore]
532 4261 720 4322 proquoestor
738 4255 816 4307 Meo.

212 4325 284 4382 thid.
304 4328 417 4394 legatus
434 4345 504 4396 qreae
522 4326 647 4397 denique]
681 4325 743 4381 ΔΜ.
764 4345 792 4382 et
813 4343 889 4400 seqq.
914 4354 952 4369 -
975 4325 1138 4395 legatumque
1162 4322 1275 4395 denique
1294 4324 1390 4376 Priuc.
1411 4348 1447 4363 -

136 4403 250 4473 legatus
268 4401 382 4472 denique
401 4400 510 4457 Berald.

214 4483 259 4534 11.
279 4475 459 4545 Ptolomaeo]
488 4481 578 4531 Prior.
597 4474 705 4529 Berald.
725 4475 786 4529 ald.
808 4476 876 4529 Lod.
895 4493 960 4530 cum
977 4473 1140 4549 quibusdam
1160 4471 1241 4528 codd.
1259 4477 1319 4529 cie.
1339 4487 1400 4544 cap.
1419 4475 1447 4529 9.

138 4553 164 4621 §.
184 4556 230 4608 25.
248 4577 285 4592 -
301 4551 444 4622 Epicratis
465 4556 551 4606 ceterl
570 4566 632 4604 cum
652 4550 730 4605 editt.
749 4554 902 4606 Ciceronis.

214 4630 259 4683 12.
279 4627 310 4678 SI
331 4625 364 4678 de
392 4631 452 4679 iore
473 4627 628 4680 Siculorum
651 4643 759 4681 everso.
808 4628 939 4694 Frustra]
1002 4625 1049 4680 ste
1071 4641 1199 4698 corrupte
1225 4627 1318 4679 Princ.
1341 4621 1448 4680 Berua.

140 4700 201 4757 Ald.
221 4700 289 4756 Lod.
308 4724 344 4742 ι·
362 4702 413 4755 red
433 4703 467 4755 da
491 4708 552 4757 lure
570 4701 723 4757 Siculorum
742 4720 840 4756 everso
853 4699 977 4773 frustra
995 4699 1080 4775 Lugd.
1102 4701 1166 4756 llot.
1186 4701 1265 4755 Man.
1286 4701 1368 4754 Creu.

753 4901 767 4931 δ
