3210 5280
154 171 215 237 tto
292 132 295 141 Ι
484 163 780 230 scflonlasta
803 147 1145 226 Gnonovlnttns

156 309 282 394 siquis
313 329 391 373 vero
420 306 521 370 irater
551 303 697 387 petierit,
734 302 806 387 quia
838 313 974 384 propter
1005 297 1179 382 potentiam
1205 297 1256 362 sui
1288 298 1379 362 Sulla
1405 297 1478 363 satis

155 406 344 479 timebatur,
379 414 483 466 tamen
511 399 694 465 omnimodo
720 397 919 477 interest,
955 398 1006 462 cni
1030 396 1253 478 praestandum
1276 405 1339 457 est.
1399 397 1505 460 Non'

156 517 326 580 possumus
348 496 400 559 hlc
422 494 545 558 dicere:
567 492 599 557 in
614 502 771 575 potestate
788 494 957 572 babemus,
980 504 1084 557 utrum
1105 487 1238 552 velimus
1260 508 1301 550 an
1325 485 1478 560 nolimus3

159 589 342 657 omnimodo
364 610 491 653 neccsse
515 600 563 651 est
586 587 681 650 velle.
704 619 746 631 -
769 588 802 650 A
824 589 938 653 ceteris
961 607 1042 672 ergo
1068 583 1113 647 sic
1137 579 1274 664 petitum
1300 591 1370 655 est,
1397 579 1479 642 utin

132 695 318 768 spotestate
342 684 495 757 habeant,
522 693 626 744 utrum
650 678 808 754 vellana
833 704 882 744 me
907 693 1011 746 atatem
1036 679 1068 741 hi
1090 675 1289 760 petiverunt.

243 777 325 860 Cap.
349 778 398 842 ΙΙ.
423 780 456 842 5.
479 776 644 842 JlIaximo
666 773 819 858 ingenio]
842 775 1016 840 Messalam
1034 772 1169 836 maxime
1186 768 1372 854 significat,
1395 764 1480 829 cuius

159 884 282 936 exstant
304 871 478 936 orationes.

243 967 403 1032 Forsitan
424 965 615 1050 quaeratis]
639 961 847 1030 Particularis
862 961 1024 1038 narrati03
1047 962 1122 1026 loco
1136 956 1374 1042 principiorum
1388 955 1479 1020 cedit.

160 1061 329 1124 Narranda
356 1061 593 1135 carmelitarum
628 1056 851 1122 admirabilitas
876 1079 996 1121 summa
1018 1057 1141 1130 furerat,
1175 1051 1249 1138 qnia
1273 1045 1480 1116 nullus'alter

63 1223 66 1238 ‚
118 1166 230 1219 iterat
255 1154 423 1229 defensor,
444 1156 547 1238 'quare
573 1152 677 1216 nullus
702 1148 849 1215 accessit.
892 1152 937 1215 Et
959 1148 1033 1237 quia
1055 1149 1295 1232 praeparandus
1321 1157 1370 1210 est
1389 1144 1481 1216 index

162 1248 192 1312 iu
218 1247 377 1329 principio
398 1248 592 1332 benignitate
618 1257 651 1309 et
673 1241 907 1309 benevolentia.
953 1245 1077 1311 Causae
1106 1263 1186 1309 vero
1215 1238 1355 1305 redditio
1384 1235 1480 1322 parti·

161 1341 276 1406 colaris
299 1341 440 1406 narratio
463 1352 524 1405 est.

189 1431 191 1436 ’
247 1440 343 1520 Quae
364 1435 431 1517 tot]
461 1437 514 1499 Ex
536 1446 682 1500 numero.

247 1532 298 1594 Ac
320 1532 407 1593 tales
429 1528 535 1610 uiros]
558 1522 611 1592 Ex
632 1550 782 1611 persona.

120 1639 151 1691 1⁵
248 1623 280 1685 6.
304 1626 479 1706 Quaeres
506 1644 549 1686 ea
573 1624 639 1706 est]
673 1623 737 1686 Hic
762 1646 827 1689 non
856 1621 996 1688 narratio
1021 1618 1148 1704 incipit,
1177 1620 1234 1683 sed
1259 1627 1309 1682 est
1333 1617 1480 1702 quaedam

162 1717 341 1781 excusatio.
1016 1772 1018 1775 ,

247 1814 291 1875 L.
314 1810 425 1891 Sulla]
455 1810 561 1875 Debet
585 1831 716 1874 serrare
739 1809 944 1894 dignitatem:
977 1820 1025 1872 est
1046 1806 1129 1871 enim
1155 1825 1268 1890 magna
1292 1824 1443 1887 persona.

247 1904 519 1987 Potentissimns]
553 1904 632 1969 Ideo
658 1905 710 1968 hic
739 1905 849 1981 effert,
885 1915 918 1966 ut
947 1904 1066 1968 eludat.
1120 1898 1345 1970 Ideoadiecit
1375 1909 1481 1979 postea

164 1999 358 2064 Gornetim.
403 1999 479 2062 Hoc
495 1997 573 2061 dixit
587 1996 753 2075 irrisione,
771 1998 843 2082 quia
863 1995 1001 2061 libertini
1014 1992 1160 2059 homines
1175 1990 1371 2075 interposito
1386 1991 1480 2055 ferme

119 2118 152 2169 πο
163 2104 374 2176 patronorum
396 2093 527 2157 nomine
550 2092 743 2176 gloriantur.

246 2187 288 2252 In
303 2187 452 2249 alienam
462 2185 657 2269 pecuniam]
680 2185 720 2249 Id
739 2195 805 2262 est,
829 2184 863 2248 in
885 2185 1018 2249 alienum
1033 2179 1271 2267 patrimonium.
1310 2178 1480 2246 Pecuniam

164 2277 238 2343 dicit
261 2279 496 2343 universitatem
519 2280 565 2343 rei
584 2278 763 2342 familiaris.
977 2344 981 2353 ,

249 2373 485 2448 Suspicionem
506 2372 653 2456 omnem]
692 2373 775 2436 Vide
801 2375 1062 2458 quemadmodum
1086 2373 1124 2434 ad
1146 2367 1298 2434 invidiam
1324 2368 1480 2435 etodium

165 2466 251 2530 ducit
275 2469 372 2530 rerba
394 2466 491 2548 ipsius
515 2478 547 2530 et
571 2464 816 2549 postulationem
840 2466 1072 2550 nequissimam.

122 2589 153 2640 2⁵
250 2564 464 2626 Damnatum
484 2573 518 2625 et
538 2561 696 2642 eiectum]
719 2561 826 2623 Modo
851 2572 1000 2624 moretur
1022 2557 1188 2645 quaestio:
1212 2557 1248 2623 Si
1272 2557 1433 2641 parricida
1452 2557 1481 2621 in

165 2653 287 2716 culeum
310 2655 429 2731 suitur,
454 2677 552 2738 quare
575 2654 653 2718 dixit
674 2654 808 2718 eiecto?
830 2652 912 2735 Quia
933 2652 1073 2719 oratoris
1088 2665 1136 2717 est
1157 2651 1258 2715 minus
1281 2653 1390 2718 dicere
1407 2673 1482 2734 poe·

164 2769 234 2810 nam
257 2746 324 2822 rei,
349 2759 382 2810 ut
404 2748 489 2811 dicat
512 2747 653 2812 exilium.

251 2843 282 2904 l.
306 2844 385 2922 Ego
415 2853 538 2904 contra
560 2841 700 2904 ‘brevem
724 2842 994 2925 postulationem
1021 2837 1148 2929 reffero]
1187 2837 1280 2904 Illius
1309 2841 1480 2924 postulatio

166 2934 239 3019 quia
261 2933 463 3019 indignanter
488 2934 592 3016 posita
613 2935 736 3010 furerat,
761 2935 916 3000 invidiose
939 2938 1064 3000 locutus
1087 2946 1147 2998 est.

123 3045 154 3095 tt
252 3028 334 3110 Cap.
351 3028 418 3091 111.
434 3029 589 3092 Primum
603 3050 626 3091 a
640 3031 882 3119 Chrysogono]
906 3028 1054 3096 Ostendit
1068 3026 1243 3110 potentiam
1261 3026 1479 3114 Chrysogoni,

168 3133 200 3187 et
223 3121 254 3186 in
280 3144 425 3205 magnam
448 3123 596 3187 invidiam
623 3124 748 3187 adducit
770 3125 985 3187 adversarium
1011 3122 1219 3204 supplicando
1242 3121 1319 3204 ipsi.

251 3215 283 3278 8.
305 3216 407 3298 Quod
421 3215 452 3278 si
465 3229 527 3279 ant
542 3237 646 3279 cansa
660 3216 828 3298 criminis]
851 3217 1005 3282 Indicium
1022 3219 1124 3280 bonae
1143 3237 1257 3280 canisae
1277 3238 1349 3280 esse
1366 3216 1479 3291 voluit3

166 3309 253 3391 quod
277 3306 481 3388 sponsionem
505 3313 659 3393 quandam
681 3314 765 3391 apud
786 3310 904 3375 iudices
927 3311 1035 3374 facere
1057 3309 1159 3372 ausus'
1175 3321 1240 3387 est,
1265 3323 1301 3374 ut
1324 3312 1377 3374 vel
1402 3310 1480 3375 tenui

62 3436 66 3443 ·
166 3412 354 3482 argumento
385 3400 550 3465 convictus
581 3404 810 3468 damnationem
841 3404 982 3468 criminis
1018 3425 1082 3468 non
1113 3415 1256 3468 excttset.
1312 3405 1396 3468 Item
1426 3404 1483 3468 tria

124 3494 409 3571 „considerantur
430 3494 462 3558 in
488 3496 690 3575 coniectura,
715 3520 828 3576 carisa,
852 3519 1008 3580 persona,
1031 3499 1163 3562 laetum.

251 3592 292 3654 In
315 3587 519 3678 dfferendo]
542 3591 579 3653 In
597 3593 791 3667 accusando,
815 3592 965 3674 quoniam
980 3614 1095 3656 nomen
1109 3595 1147 3655 ad
1162 3606 1353 3674 praetorem
1364 3593 1482 3657 detulit.

250 3683 319 3765 Qui
343 3706 390 3746 ex
416 3684 565 3764 ciuitate]
597 3687 685 3746 Laus
713 3685 866 3762 indicum,
890 3697 925 3748 ut
948 3685 1203 3750 benevolentiam
1225 3686 1341 3769 capiat.
1386 3685 1483 3751 Novi·

167 3798 252 3853 mus,
277 3775 349 3859 quia
380 3799 397 3840 a
424 3778 510 3840 Snlla
534 3791 660 3841 senatus
684 3780 801 3842 electus
821 3779 942 3857 fuerat,
968 3791 1003 3843 nt
1022 3778 1119 3843 iudex
1147 3790 1244 3844 esset.
1289 3779 1342 3845 De
1364 3780 1483 3845 civitate

167 3892 248 3956 ergo
275 3871 311 3933 lit
332 3884 476 3950 senatus,
501 3876 539 3936 dc
562 3884 673 3936 senatu
695 3873 824 3937 iudices.

1443 4033 1475 4046 .-

242 4130 269 4181 1.
288 4126 364 4194 qesta]
386 4124 421 4179 G.
442 4124 491 4179 Gr.
511 4152 550 4167 -
567 4143 731 4196 quamquam
751 4121 818 4180 seh.
842 4130 935 4180 tacite.
974 4122 1044 4179 lbtd.
1063 4128 1118 4194 sni]
1140 4125 1175 4178 G.
1196 4124 1247 4179 Gr.
1266 4152 1305 4167 -
1323 4143 1405 4178 ercam
1424 4124 1487 4178 Seb.

167 4203 260 4253 tacite.
299 4204 325 4254 2.
348 4208 442 4251 tamen
462 4201 618 4252 omnr'modo
637 4201 705 4273 cen]
727 4199 761 4255 G.
783 4203 832 4256 Gr.
851 4231 889 4246 -·
907 4211 1002 4255 tarnen
1012 4199 1062 4270 fr.
1082 4209 1141 4264 est,
1160 4201 1378 4269 cuigomnr'modo
1387 4219 1435 4270 pr.
1447 4209 1486 4254 est

167 4274 234 4329 Seli.
272 4272 342 4328 thid.
363 4275 441 4342 Non]
464 4276 583 4329 lnteruit
604 4276 667 4330 sch.
688 4277 771 4331 Abest
792 4291 806 4328 a
827 4276 862 4332 G.
877 4277 928 4333 Gr.
968 4279 997 4335 6.
1017 4279 1105 4345 cretas]
1127 4274 1194 4329 sch.
1213 4301 1251 4316 ·-
1270 4282 1350 4328 errius
1368 4282 1485 4328 maxime

169 4350 203 4403 G.
224 4350 275 4405 Gr.
317 4358 361 4407 10.
382 4350 473 4401 niellus
492 4354 620 4419 accessit]
642 4348 677 4406 G.
698 4353 747 4409 Gr.
767 4381 803 4395 ·-
823 4353 914 4405 nullus
925 4352 1000 4404 alter
1013 4357 1131 4404 accessit
1145 4351 1208 4404 Sela.
1223 4357 1320 4406 tacite.
1362 4356 1409 4410 19.
1426 4357 1487 4422 quie

167 4428 232 4492 een]
261 4423 326 4479 Sel.
348 4430 422 4479 cont.
441 4453 478 4467 -
497 4444 551 4496 qno
570 4426 728 4478 libertinum
746 4425 882 4480 hominem
903 4432 1070 4496 interposita
1081 4426 1117 4498 f.
1134 4445 1164 4497 p.
1184 4432 1299 4495 nomina
1319 4428 1361 4496 gl.
1382 4426 1419 4482 G.
1441 4427 1487 4481 Gr.

167 4505 213 4559 25.
233 4499 285 4571 ad]
305 4501 340 4555 G.
362 4500 410 4554 Gr.
438 4530 472 4543 -
498 4503 728 4556 tabennense.
776 4506 823 4561 26.
844 4507 946 4571 saritam]
968 4502 1004 4557 G.
1025 4505 1074 4557 Gr.
1100 4519 1137 4556 oc
1165 4505 1288 4553 r'nsretrur
1307 4504 1376 4559 sch.
1396 4507 1487 4556 tacite.

169 4573 241 4628 Ibld.
260 4578 358 4642 eiecto]
379 4574 414 4629 G.
435 4576 484 4631 Gr.
504 4605 543 4620 ·-
560 4583 677 4630 eteorum
697 4577 762 4632 seh.
783 4583 877 4633 tacite.
926 4581 970 4634 28.
990 4577 1097 4646 aliero]
1125 4576 1218 4649 illins]
1244 4577 1312 4632 srh.
1339 4583 1435 4633 tacite.
1452 4605 1487 4619 -

167 4645 264 4721 Affert
282 4651 359 4702 illiers
379 4651 413 4706 G.
435 4651 485 4706 Gr.
522 4656 568 4711 57.
587 4652 650 4706 lares
668 4654 800 4729 iudicum]
821 4653 855 4708 du
875 4654 986 4714 Graevii
1006 4658 1080 4713 coni.
1101 4653 1166 4712 Sela.
1180 4679 1216 4694 -
1228 4653 1343 4710 leudem
1358 4654 1486 4712 sedecim

170 4725 206 4782 0.
227 4754 260 4770 ·-
280 4724 391 4783 lacedem
410 4725 531 4783 serdicam
551 4728 602 4787 Gr.
