3210 5280
212 197 253 260 nt
762 200 985 267 asconius

143 337 351 417 [¹¹⁶]ptorum.
395 336 488 402 Circa
514 341 639 403 eosdem
666 339 731 403 dies
754 343 797 403 L.
823 363 950 426 mtopse
966 339 1122 403 Bellienus
1149 342 1309 404 damnatus
1332 350 1396 413 cst,
1424 349 1519 424 qtrem

214 428 328 493 Cicero
351 431 392 493 ait
414 432 599 494 avunculum
628 454 696 495 csse
722 431 890 498 Catilinae.
936 433 998 496 Hie
1020 445 1121 495 autem
1146 431 1328 495 Lucretium
1357 432 1516 507 Ofellam,

213 524 406 586 consulatum
440 536 550 588 contra
583 526 772 588 voluntatem
803 526 907 605 Syllae
942 527 980 587 ad
1011 528 1200 587 turbandum
1238 537 1348 588 statum
1384 526 1518 588 civitatis

212 627 386 695 petentem,
411 617 573 681 occiderat
593 617 678 681 iussu
701 618 805 698 Syllae
830 629 904 680 tunc
925 617 1101 680 dictatoris.
1147 618 1205 680 His
1220 638 1300 700 crgo
1316 629 1409 700 negat
1424 617 1519 699 igno-

187 720 276 772 stum
304 729 389 783 csse,
424 708 614 772 curretiam
645 709 811 791 imperitos
840 732 874 772 se
900 709 1038 772 homines
1068 731 1138 772 esse
1163 721 1211 784 et,
1246 710 1270 772 si
1301 732 1392 794 quem
1425 712 1516 773 ctiam

211 800 458 877 interfecissent,
492 800 673 884 imperatori
705 823 741 865 ac
769 803 913 866 dictatori
943 803 1083 885 paruisse
1110 802 1264 878 dicerent,
1300 823 1336 864 ac
1364 814 1518 885 negarent

212 914 354 977 quinque:
397 893 560 957 Catilinam
591 916 668 959 vero
698 895 825 958 infitiari
858 917 921 959 non
947 915 1054 978 posse.
1112 895 1214 958 Huius
1247 907 1347 958 autem
1380 896 1516 958 criminis

211 987 402 1067 periculum,
427 991 512 1072 qnod
540 987 648 1051 obiicit
672 985 806 1065 Cicero,
841 1010 960 1072 paucos
988 999 1062 1069 post
1092 1011 1212 1051 :nenses
1246 988 1380 1053 Catilina
1407 989 1515 1051 subiit.

213 1080 292 1141 Post
317 1078 427 1141 efferta
453 1078 532 1141 enim
561 1079 685 1142 comitia
711 1081 886 1143 consttlaria
917 1093 949 1143 et
977 1079 1131 1145 Catilinae
1159 1081 1315 1163 repulsam
1345 1081 1419 1143 fecit
1445 1101 1514 1143 enm

171 1183 298 1233 aureum
321 1171 401 1234 inter
425 1169 556 1232 sicarios
578 1173 620 1233 L.
645 1172 800 1234 Lucceius
825 1183 953 1254 paratus
975 1171 1196 1256 eruditusque,
1221 1173 1274 1257 qni
1299 1184 1412 1255 postea
1434 1196 1514 1236 con·

211 1265 342 1327 sulatum
365 1284 491 1348 qnoque
512 1263 615 1344 petiit.
1515 1272 1518 1277 '

291 1355 398 1418 Horae
420 1365 456 1417 tu
472 1355 571 1419 dobes
586 1356 801 1438 dignitatem,
823 1377 892 1439 qun
905 1356 1022 1435 fretus
1036 1377 1087 1420 me
1103 1359 1284 1419 contemnis
1303 1365 1335 1420 et
1354 1357 1516 1437 despicis:
1589 1370 1593 1376 ’

211 1463 256 1505 ort
277 1465 368 1520 enm,
391 1465 494 1528 qnam
518 1445 652 1527 reliquo
674 1448 741 1507 vita
763 1465 795 1508 es
814 1445 1038 1507 consecutus?
1066 1467 1143 1507 cnm
1164 1448 1213 1506 ito
1236 1447 1365 1521 vixisti,
1388 1454 1424 1506 nt
1445 1467 1512 1507 nou

213 1541 295 1595 esset
317 1532 416 1595 locus
439 1542 509 1594 tum
531 1542 685 1608 sanetus,
706 1555 775 1616 qno
794 1553 860 1596 rton
879 1533 1036 1599 adventus
1060 1544 1157 1609 tuus,
1178 1536 1280 1600 etium
1302 1554 1379 1595 eum
1405 1534 1513 1614 culpa

170 1620 309 1681 :anullo
331 1619 492 1695 subesset,
513 1623 638 1683 celmen
660 1623 808 1698 offerret.

304 1769 329 1815 1.
348 1756 507 1825 daranatus]
540 1756 697 1808 dominatus
716 1759 809 1811 Prioc.

283 1831 353 1886 lbld.
368 1837 597 1903 proscriptorum.
636 1832 718 1883 Circa
737 1831 844 1884 eosdem
863 1830 922 1882 dies
941 1831 972 1884 L.
991 1834 1105 1902 qaroque]
1127 1831 1316 1885 scribebatur:
1333 1839 1518 1904 proscripto-·

209 1924 271 1959 rum
291 1911 367 1958 circa
391 1905 497 1958 eosdem
524 1906 592 1958 dies.
628 1902 661 1962 L.
687 1925 798 1979 quoque.
837 1909 932 1959 Veram
962 1904 1148 1979 distinguendi
1178 1910 1256 1960 huius
1288 1907 1343 1961 loci
1374 1914 1512 1962 rationem

209 1986 312 2056 primus
329 1986 465 2054 perspexit
485 1979 649 2053 Madvigius.

301 2063 327 2112 2.
347 2054 482 2127 Ofilium]
509 2057 652 2128 Sigonius,
672 2055 806 2129 probante
825 2054 940 2109 Orellio.
959 2082 995 2095 -
1015 2056 1139 2106 Asellam
1157 2060 1251 2109 ceteri.

300 2131 455 2187 lt-7.'His
472 2147 543 2199 ergo
561 2138 649 2198 negat
667 2162 686 2174 -
704 2162 723 2173 -
741 2163 760 2174 -
778 2148 834 2182 nort
849 2133 943 2201 poree]
983 2133 1057 2184 llaec
1076 2129 1171 2196 rerba,
1197 2128 1265 2183 {also
1285 2130 1319 2182 ab
1338 2129 1464 2184 omnibus
1485 2148 1512 2184 et

209 2207 321 2259 Asconii
342 2220 368 2257 et
388 2205 530 2258 Ciceronis
550 2202 701 2259 editoribus
715 2205 755 2258 M.
770 2205 862 2258 Tullio
877 2205 994 2270 tributa,
1015 2204 1134 2260 Pediano
1148 2210 1332 2270 restituimus,
1351 2205 1511 2258 auctoribus

208 2283 293 2335 Andr.
313 2281 432 2332 Patricio
452 2295 479 2333 et
506 2276 661 2351 Madvigio,
682 2285 728 2351 qui
747 2280 813 2332 haec
834 2280 986 2332 adnotavit:
1007 2283 1155 2349 „Ciceroni
1177 2281 1224 2331 illa
1244 2279 1380 2333 tribuunt:
1400 2281 1429 2331 Is
1441 2299 1512 2348 ergo

206 2362 381 2424 negasset,
401 2357 504 2425 trt‘qno
523 2358 641 2427 primum
667 2371 783 2426 quaero,
801 2359 861 2425 quir
883 2370 975 2426 negem
1007 2353 1104 2407 deiude
1131 2359 1216 2406 miror
1235 2355 1326 2408 subito
1354 2355 1510 2407 acatiltna

206 2433 358 2482 orationem
379 2434 480 2495 averti,
499 2445 525 2482 et
546 2428 616 2481 idem
636 2427 692 2481 lere
712 2428 768 2482 dici
789 2432 917 2501 planius,
937 2427 1009 2499 quod
1027 2428 1146 2481 breviter
1165 2429 1302 2483 Catilinae
1322 2434 1427 2482 instans
1447 2445 1511 2485 ante

206 2504 316 2557 dixerit.
353 2502 425 2556 Tum
445 2520 508 2556 vero
527 2501 672 2556 absurdum
694 2520 751 2568 est,
772 2509 883 2557 Asconii
903 2504 981 2556 rerba
996 2504 1135 2557 Ciceronis
1155 2503 1244 2557 verbis
1263 2507 1511 2577 particularitatem

204 2576 325 2649 adiungi.
364 2578 484 2632 Scilicet.
496 2577 567 2631 nihil
586 2583 705 2649 apertius
724 2594 780 2642 est,
801 2594 883 2651 quant
903 2583 997 2630 omnia
1016 2578 1063 2632 illa
1083 2578 1163 2630 verba
1184 2580 1297 2631 Asconii
1318 2580 1403 2632 esse.’'

298 2657 325 2709 5.
344 2651 398 2703 tite
416 2669 484 2721 ergo
503 2661 591 2719 negat
609 2658 737 2720 ignotrrm
755 2656 824 2720 esre]
858 2653 1030 2725 Madvigius,
1049 2668 1196 2725 praeeunte
1216 2658 1244 2705 in
1265 2659 1427 2724 pronomina
1448 2671 1510 2706 mn-

206 2724 289 2780 tando
310 2728 439 2781 Patricio.
470 2756 500 2767 -
530 2726 560 2778 Ie
578 2743 647 2795 ergo
672 2735 761 2795 negat
786 2745 816 2778 re
840 2732 973 2796 ignor-rem
991 2742 1049 2779 esse
1069 2726 1192 2800 (Lamb.)
1212 2729 1294 2781 Creo.
1327 2756 1358 2770 -
1391 2729 1420 2780 Is
1439 2747 1510 2797 ergo

206 2808 296 2871 negat
313 2806 445 2869 ignarum
463 2817 522 2852 esee
541 2805 659 2874 priores.
733 2828 736 2835 ·

282 2874 350 2929 ibid.
369 2881 454 2927 etiam
472 2877 626 2943 imperitos]
654 2878 745 2928 Princ.
759 2874 867 2929 Berald.
882 2873 948 2929 Lod.
966 2902 1004 2918 -·
1022 2880 1108 2928 etiarn
1126 2875 1169 2928 itte·
1186 2880 1329 2945 imperitos
1347 2874 1409 2930 ald.
1422 2876 1509 2943 Lugd.

205 2951 270 3005 blot.
290 2951 366 3004 Man.
384 2955 467 3005 Creu.
503 2950 587 3022 (Lego
606 2950 635 3001 el
652 2954 796 3020 imperitos
814 2979 832 2992 -
851 2980 869 2995 -
888 2968 946 3001 esse
964 2960 992 3002 et
1011 2965 1064 3003 cet.
1085 2951 1156 3014 Oli.)

297 3029 324 3082 7.
343 3042 376 3077 ac
395 3032 532 3093 negarent
550 3041 669 3096 quinque:
697 3025 773 3092 Cen]
802 3024 848 3077 Sir
866 3029 981 3098 scripsi,
1007 3029 1156 3097 respiciens
1178 3023 1257 3076 rerba
1277 3026 1433 3079 Ciceronis:
1465 3029 1509 3077 itte·

205 3115 311 3167 negare
326 3107 478 3169 potuerunt
495 3108 523 3151 et
540 3107 726 3168 negaverunt.
744 3126 783 3141 -
800 3115 834 3150 rte
853 3116 957 3166 negare
977 3117 1080 3169 quoque
1088 3121 1101 3170 ;
1120 3099 1181 3152 Cat.
1201 3099 1292 3152 Prioc.
1312 3099 1417 3152 berald.
1438 3099 1507 3154 Lod.

205 3201 243 3216 ·-
260 3190 294 3224 ae
318 3191 423 3242 negare
447 3191 551 3245 quoque
569 3171 588 3207 ἦ
606 3174 669 3226 Cat.
690 3172 751 3227 Ald.
771 3201 807 3217 -ι
832 3190 865 3225 ac
884 3190 990 3242 reagere
1008 3191 1111 3243 qrroqrte
1125 3190 1222 3244 posse:
1255 3174 1317 3228 Cat.¹
1338 3173 1422 3247 Lugd.
1440 3175 1507 3227 llos.

206 3248 283 3302 Man.
303 3246 383 3301 Cren.
413 3276 444 3290 -
474 3265 507 3298 ee
534 3265 640 3316 negare
663 3264 823 3319 quemquern
845 3264 944 3319 posset
975 3249 1038 3303 Cer.
1061 3250 1155 3319 Sigon.
1175 3274 1212 3288 -
1230 3266 1264 3301 ac
1280 3266 1386 3317 negare
1404 3267 1508 3320 quoque

202 3328 332 3393 possent:
352 3323 414 3375 Cat.
435 3321 600 3394 Madvigius.

278 3395 458 3449 lbld.}1ret'rts
475 3405 566 3448 aretem
584 3401 709 3448 criminIs
726 3397 792 3462 cen]
819 3396 929 3465 ,Totos
954 3395 1031 3448 toene
1050 3399 1089 3449 ita
1108 3394 1189 3449 debet
1207 3395 1276 3468 legi:
1304 3397 1394 3448 Huius
1411 3405 1506 3449 eurem

205 3475 283 3522 erlem
300 3487 359 3537 per.
378 3488 403 3540 q.
423 3470 466 3522 ob.
487 3471 542 3523 Cic.
559 3489 588 3540 p.
601 3479 666 3522 ante
679 3491 715 3523 m.
729 3471 791 3523 Cat.
805 3470 898 3522 subiit.
936 3469 1088 3522 Eumenius
1101 3488 1177 3522 reum
1190 3487 1244 3525 eet.
1283 3471 1346 3535 Vel,
1366 3475 1508 3542 ripenses

201 3551 268 3616 port
285 3561 390 3596 memes
407 3544 496 3616 legas,
516 3544 636 3616 intellige
657 3561 718 3618 post
739 3544 940 3597 damnationem
955 3546 984 3600 t..
999 3545 1113 3598 Rellleni
1127 3561 1154 3599 et
1168 3546 1199 3600 t..
1217 3548 1306 3598 Luscii
1326 3552 1506 3613 centurionis,

204 3615 354 3690 dequibus
375 3618 466 3692 paullo
484 3635 548 3673 ante
567 3619 672 3673 loeutus
692 3619 779 3674 erat.”
816 3618 988 3673 llobortellus
1009 3624 1123 3689 (annot.
1143 3637 1170 3693 p.
1188 3619 1260 3694 δη
1280 3638 1359 3692 qoem
1377 3619 1507 3675 refutarit

204 3695 331 3767 Sigonius
350 3692 505 3747 Emendatt.
527 3712 553 3767 p.
574 3699 636 3752 tl9.
656 3712 712 3767 seq.
1537 3731 1541 3738 -

279 3773 324 3825 10·
343 3766 374 3820 L.
394 3767 533 3838 omerus]
564 3768 714 3841 legebatur
727 3768 758 3823 L.
772 3767 910 3823 mutue.
947 3766 1247 3822 Correserrerierins.
1285 3767 1349 3822 Vid.
1364 3769 1505 3822 Ernestius

205 3847 235 3896 ln
254 3843 312 3895 lod.
332 3842 397 3896 bist.
417 3860 442 3896 s.
461 3861 483 3895 r.
504 3842 535 3896 i..
554 3842 688 3899 medlo.
709 3869 742 3887 -
761 3842 792 3899 In
814 3843 947 3896 Aemilius
965 3842 1068 3894 Porcius
1084 3840 1228 3914 legendum
1249 3859 1356 3915 putarat
1370 3845 1506 3897 Ferrarius

204 3917 293 3971 Birt.
314 3918 335 3970 l.
356 3924 382 3975 7.

228 3936 246 3991 P
279 3989 348 4044 lbid.
365 3993 497 4062 paratus]
524 3977 632 4062 peritate
650 3991 757 4046 Berald.
778 3989 844 4046 Lod.
872 4020 909 4034 -
937 3990 1075 4056 Orellius,
1100 4005 1196 4043 neutra
1217 3992 1313 4043 lirrnm
1332 3989 1413 4045 editt.
1435 3997 1505 4044 risa:

204 4063 256 4136 ,st
276 4071 305 4120 lo
325 4067 459 4119 Cicerone
477 4081 614 4131 versarer,
640 4083 837 4139 proponerem:
868 4071 916 4117 vir
937 4071 1047 4134 peritate
1065 4064 1106 4118 vel
1122 4065 1295 4135 prompturl'
1332 4065 1420 4118 Habet
1442 4082 1505 4120 rane

203 4137 307 4211 aliquid
334 4141 494 4193 offensionis
513 4139 676 4194 adiectlvum
698 4150 818 4212 paretur
842 4147 883 4193 sic
902 4140 974 4193 nude
993 4146 1130 4211 positum,
1160 4138 1319 4192 mutandum
1341 4155 1430 4192 tamen
1449 4160 1506 4195 non

203 4230 286 4289 poto,
305 4213 353 4269 sed
372 4214 552 4286 supplendum
570 4215 610 4268 ad
626 4216 776 4271 dicendum.
814 4213 893 4271 Cani.
908 4219 936 4269 in
950 4215 1044 4268 Scaur.
1058 4233 1084 4286 p.
1104 4219 1168 4274 151.
1190 4215 1253 4266 lint.
1271 4213 1444 4266 adolescente
1454 4236 1506 4285 pa·

168 4340 171 4345 .
204 4298 269 4342 raro
293 4288 334 4341 sd
356 4288 499 4342 dicendum
524 4306 551 4346 et
576 4295 605 4344 ln
626 4291 726 4345 Milon.
746 4308 771 4363 p·
792 4293 855 4348 150.
876 4291 940 4344 llot.
969 4290 1032 4343 Fuit
1051 4298 1142 4340 eutem
1158 4297 1280 4359 paratus
1298 4289 1336 4339 ed
1353 4288 1508 4344 dicendum.

277 4369 322 4425 15.
342 4382 419 4429 eant,
444 4382 526 4436 quarn
544 4366 650 4436 reliqua
668 4370 731 4417 vire
749 4382 779 4415 ee
797 4368 969 4432 comesurus]
1003 4362 1088 4435 and.
1107 4363 1173 4419 llot.
1193 4364 1268 4416 Man.
1289 4364 1370 4416 Creo.
1388 4392 1426 4407 -
1445 4383 1506 4417 enm

203 4456 264 4564 pule:¹
277 4441 410 4568 reAteipinaprr
418 4445 504 4566 pitres
522 4448 683 4492 comesurus
702 4442 792 4493 Prine.
812 4467 848 4482 -·
873 4457 934 4491 eant
952 4455 1007 4529 paup
1025 4440 1158 4510 reliquum
1176 4442 1254 4489 vitas
1269 4447 1430 4491 conuentus
1447 4441 1507 4494 Be·

203 4526 234 4565 τι
267 4549 274 4565 .
350 4550 357 4566 .
400 4530 446 4567 ο.
967 4551 970 4557 -

278 4591 323 4643 tt.
342 4595 447 4639 utnon
466 4596 537 4639 erret
555 4588 631 4639 loeru
649 4596 708 4639 tam
726 4596 840 4640 remens
859 4589 924 4657 cet]
957 4591 993 4656 Q.
1011 4585 1117 4640 Tullius
1137 4584 1170 4638 de
1196 4587 1331 4657 petitione
1349 4588 1506 4640 consulatus

203 4674 230 4713 c.
249 4665 291 4721 5.:
310 4659 466 4717 Nuitones
478 4655 566 4716 locum
578 4671 638 4714 tem
656 4670 782 4715 sanctorm
801 4680 834 4713 ac
851 4670 910 4713 tam
930 4665 1090 4731 religiosum
1109 4666 1241 4725 accersit,
1261 4667 1290 4713 irs
1302 4678 1354 4731 quo
1366 4669 1507 4726 ποιησαι·

203 4739 233 4788 in
245 4735 310 4788 altis
321 4736 400 4806 culpa
412 4753 469 4788 nort
486 4745 577 4804 esset,
597 4745 691 4789 remen
709 4755 746 4790 ee
763 4754 816 4789 sua
833 4743 957 4808 neqrutta
974 4735 1115 4791 dedecoris
1131 4741 1313 4807 suspicionem
1331 4737 1506 4807 relinqueret.
