3210 5280
362 815 819 942 ANGELI
900 830 1174 938 ΜΑΙΙ

484 1063 1054 1155 enscrsr1o
1138 1194 1141 1199 .

144 1529 158 1545 .
194 1469 270 1576 [De
295 1471 467 1573 antiquis
486 1473 684 1552 Ciceronis
711 1467 1010 1575 interpretibus]
1063 1471 1093 1548 I.
1119 1472 1212 1549 Dum
1230 1471 1419 1549 Ciceronis

118 1593 306 1689 antiquum
325 1586 570 1685 interpretem
588 1588 635 1662 ad
660 1592 849 1664 orationes
876 1588 1065 1663 duodecim
1092 1586 1181 1682 edo,
1208 1611 1313 1686 quem
1339 1611 1421 1684 par-

117 1703 184 1777 tim
219 1701 258 1775 iu
294 1696 549 1774 Ambrosianis
586 1701 784 1776 Mediolani
820 1701 1008 1774 codicibus
1042 1699 1175 1796 partim
1209 1696 1347 1771 Romae
1383 1697 1424 1771 iu

117 1812 309 1899 Vaticanis
334 1821 465 1884 nactus
490 1835 589 1909 sum,
616 1838 690 1887 non
717 1815 783 1886 abs
809 1837 851 1885 re
877 1811 1000 1885 faeere
1025 1811 1199 1905 videbor,
1236 1809 1339 1885 side
1365 1806 1423 1882 Ci-

117 1924 269 1999 ceronis
294 1921 428 2019 priscis
453 1923 740 2022 interpretibus,
778 1948 933 2024 quorum
959 1921 1019 1997 vel
1043 1924 1194 2019 ,scripta
1224 1929 1424 2020 supersunt

117 2037 180 2113 vel
204 2035 381 2108 memoria
413 2033 541 2109 saltem
568 2037 614 2111 ad
639 2061 708 2110 nos
735 2038 901 2133 devenit,
940 2059 1055 2134 pauca
1087 2033 1306 2134 praefabor3
1348 2056 1425 2104 non

118 2157 195 2222 tam
220 2156 261 2219 ut
286 2145 417 2220 horum
443 2148 684 2222 curiosiorem
710 2149 877 2222 notitiam
903 2147 1065 2241 tradam,
1103 2171 1210 2246 qnam
1236 2154 1277 2217 ut
1302 2134 1349 2216 ad
1372 2144 1424 2218 iu.-

120 2257 313 2332 dicandum
332 2256 376 2330 de
394 2282 491 2332 novo
509 2261 571 2358 qui
589 2284 609 2331 a
628 2284 684 2334 me
701 2259 871 2360 vulgatur
888 2257 1117 2356 interprete,
1138 2258 1233 2329 viam
1250 2255 1420 2327 muniam.

112 2369 304 2467 ‚Princeps
329 2368 426 2441 fama
452 2380 561 2469 atque
588 2381 708 2445 aetate
732 2372 888 2445 habetur
914 2373 966 2465 is,
993 2371 1055 2470 qui
1078 2370 1145 2444 sub
1164 2366 1317 2442 Claudio
1335 2364 1424 2439 Cae·

110 2506 207 2582 sare
234 2482 346 2575 vixit,
372 2480 564 2555 Asconius
582 2480 790 2572 Pedianus,
818 2483 920 2557 cuius
947 2481 1197 2555 commentarii
1223 2479 1268 2551 ad
1293 2501 1424 2552 novem

121 2592 237 2667 Tullii
274 2592 482 2689 orationes,
526 2591 622 2691 apud
659 2590 849 2667 Helvetios
859 2587 903 2691 (¹)
942 2591 1237 2666 Constantiensis
1280 2588 1426 2663 concilii

122 2713 243 2777 aetate
280 2727 301 2775 a
333 2703 474 2802 Poggio
508 2701 725 2779 Florentino
759 2703 918 2801 inventi,
957 2702 1122 2777 Venetiis
1159 2701 1299 2775 demum
1328 2720 1424 2771 anno

116 2812 481 2914 ,MCCCCLXXVIL
514 2815 687 2912 impressi
718 2814 878 2888 fuerunt.
948 2814 1024 2888 lam
1051 2814 1118 2888 hos
1145 2814 1427 2888 commentarios

123 2951 199 3000 non
225 2950 308 2998 esse
334 2928 520 3025 integros,
548 2925 612 2999 sed
631 2926 708 2999 sive
726 2926 970 3000 breviantium
988 2926 1094 3024 eulpa
1112 2927 1189 2999 sive
1207 2917 1427 3027 codicuml(²)

126 3037 401 3135 imperfectione
420 3036 533 3111 fuisse
552 3031 760 3132 mutilatus,
777 3039 868 3111 satis
887 3047 1111 3136 compertum
1130 3047 1205 3111 est:
1229 3035 1428 3135 etquidem

125 3149 298 3246 princeps
318 3148 450 3244 editio,
477 3173 584 3248 quam
610 3149 689 3247 ipse
715 3151 754 3222 in
779 3152 946 3224 manibus
972 3150 1101 3247 habui,
1128 3148 1330 3223 defectibus
1348 3171 1429 3244 pas·

127 3260 194 3332 sim
221 3258 308 3332 hiat.
361 3259 462 3359 Quae
497 3284 606 3358 quum
639 3263 690 3334 ita
724 3286 763 3335 se
797 3261 976 3359 babeant,
1014 3262 1133 3361 magni
1166 3270 1287 3334 tamen
1313 3258 1430 3332 adhuc

128 3394 215 3444 usus
232 3381 387 3469 propter
408 3371 651 3446 eruditionem
675 3381 785 3471 atque
810 3373 1024 3475 elegantiam
1042 3373 1225 3447 Asconius
1243 3381 1312 3445 est.
1365 3367 1431 3447 Se·

129 3485 252 3582 quitur
279 3479 436 3555 Marius
468 3480 715 3574 Victorinus,
767 3487 859 3560 artis
891 3487 1077 3559 oratoriae
1111 3486 1179 3558 sub
1212 3482 1431 3557 Constantio

131 3594 290 3668 Caesare
316 3595 353 3666 in
380 3603 530 3667 aeterna
556 3595 648 3667 urbe
674 3598 868 3696 magister,
896 3600 958 3698 qui
975 3590 1021 3671 ad
1039 3597 1132 3671 duos
1148 3594 1431 3671 Rhetoricorum

131 3705 242 3778 Tullii
259 3704 377 3778 libros
396 3705 688 3803 copiosissimum
706 3712 1004 3784 commentarium
1023 3710 1195 3808 scripsit,
1221 3710 1260 3781 in
1276 3708 1431 3806 gratiam

132 3817 210 3889 sine
244 3815 355 3890 dubio
388 3815 671 3914 discipulorum3
715 3821 818 3917 isque
859 3825 897 3895 in
979 3831 1120 3896 etorum
1153 3818 1432 3893 collectionibus

131 3927 189 3999 edi
223 3925 328 4000 solet.
380 3927 443 4001 Ait
473 3938 667 4026 praeterea
701 3930 806 4005 divus
832 3932 1076 4030 Hieronymus
1109 3940 1239 4005 contra
1263 3929 1432 4004 Rufinum

131 4036 159 4111 l.
189 4030 270 4111 lb:
303 4053 400 4135 puto
435 4039 538 4137 quod
569 4039 705 4146 legeris
737 4026 934 4115 Victorini
969 4042 1011 4114 in
1035 4040 1209 4146 dialogos
1235 4039 1434 4113 Ciceronis

132 4147 439 4221 commentarios.
491 4151 604 4246 Atqui
621 4173 714 4248 opus
732 4149 924 4226 Ciceronis
940 4151 1187 4245 rhetoricum,
1213 4152 1316 4223 euius
1335 4158 1435 4222 extat

131 4257 314 4332 Victorini
347 4261 626 4359 interpretatio,
664 4261 808 4363 dialogo
845 4272 966 4366 caret:
1013 4286 1101 4361 ergo
1128 4261 1188 4335 vel
1213 4260 1337 4360 lapsus
1365 4286 1435 4333 me·

132 4373 249 4443 moria
276 4371 520 4468 Hieronymus
554 4383 630 4467 est,
670 4373 729 4448 vel
764 4373 947 4448 Victorini
981 4374 1025 4447 ad
1053 4374 1244 4447 Ciceronis
1270 4373 1434 4472 dialogos

133 4494 1436 4536 —A--ss———ss

208 4581 245 4656 (¹)
264 4582 330 4637 seu.
351 4589 379 4637 tn
399 4585 570 4638 Monanerso
591 4586 620 4640 S.
641 4586 723 4640 Calli.
761 4587 925 4661 Deperdtsus
944 4604 985 4642 est
1006 4590 1051 4642 hic
1071 4588 1163 4643 Codex
1182 4584 1357 4666 άρχὲῐυπος.
1383 4587 1436 4642 Οι.

207 4658 245 4730 (⁷)
263 4661 357 4714 Potius
377 4659 540 4731 „Credula”
568 4661 621 4717 02.
1438 4663 1443 4673 “
