3210 5280
1358 250 1422 292 ΧῙΙΙ

118 377 370 430 monumentum
399 370 541 432 nominis
567 373 638 450 sui,
670 366 756 429 nullo
782 365 893 429 relicto
925 363 1061 448 vestigio
1091 364 1207 431 omisit.
1266 365 1423 431 Universa

119 472 219 519 atatem
242 458 432 520 admouendi
453 469 543 533 suot,
567 461 689 542 quibis
712 460 918 537 editionibus,
942 460 972 522 in
994 460 1105 543 quibus
1127 460 1294 525 Ciceronis
1316 463 1422 523 verbis

120 551 253 616 Asconii
276 552 492 614 commentarii
514 553 644 616 subiecti
665 565 755 627 sunt,
781 564 925 628 utuntur,
950 553 980 614 in
995 553 1226 616 commentariis
1241 553 1281 615 ita
1305 556 1422 615 discer-

117 647 226 728 pendis
248 644 427 708 necessario
450 646 563 720 rnrilta,
586 667 666 729 quae
687 649 725 710 ad
746 668 855 710 eorum
875 647 1010 710 formam
1032 657 1193 710 externam
1214 646 1420 731 pertinerent,

119 742 284 803 obliterata
310 762 392 802 esse.

203 835 366 914 Adparet,
391 833 523 914 opinor,
548 844 662 918 quauta
684 833 780 897 interit
800 833 958 896 hominnm
981 832 1013 894 in
1029 833 1218 897 Asconianis
1239 833 1421 918 fragmentis

117 928 288 991 tractandis
310 926 423 1008 partim
441 926 651 1011 negligentia,
675 927 787 1008 partim
806 927 931 989 audacia
954 939 984 990 et
1001 928 1178 1003 temeritas,
1199 929 1252 1013 qui
1267 928 1421 991 interdum

117 1023 208 1103 plane
239 1019 328 1083 obliti
359 1041 428 1082 esse
460 1021 623 1093 videntur,
656 1041 689 1082 se
715 1020 747 1081 in
771 1031 877 1082 vetere
899 1020 1017 1101 scripto
1040 1020 1175 1090 versari.
1218 1023 1297 1084 ideo
1319 1034 1421 1083 autem

115 1126 180 1176 tam
203 1114 299 1175 multa
322 1115 360 1174 de
382 1113 440 1173 hac
459 1134 496 1174 re
516 1113 599 1187 dixi,
623 1114 755 1195 primum
779 1123 813 1174 ut
834 1113 1042 1197 intelligatur,
1066 1137 1161 1199 quum
1183 1114 1242 1195 ipsi
1263 1135 1422 1177 commen-

119 1207 190 1269 tarii
223 1219 286 1268 tam
316 1205 437 1269 foedati
467 1226 506 1268 ac
544 1207 688 1288 corrupti
715 1206 991 1282 circumferantur,
1025 1229 1087 1271 non
1122 1227 1190 1268 esse
1220 1207 1420 1279 verosimile,

117 1322 306 1385 quemqnam
329 1321 369 1361 ex
392 1299 445 1373 iis,
478 1299 530 1383 qui
559 1300 738 1363 Ascouiana
761 1299 950 1381 attigerunt,
982 1303 1020 1362 de
1043 1311 1290 1382 eorumgenere
1312 1320 1421 1362 acra-

118 1395 204 1458 tione
227 1393 409 1476 diligentius
431 1394 607 1476 cogitasse3
631 1393 741 1456 deinde
757 1411 794 1452 ne
813 1390 888 1452 mibi
909 1391 939 1453 in
961 1392 1082 1476 reliqua
1098 1391 1308 1473 ‚disputatione
1323 1392 1422 1455 inter·

117 1489 299 1569 palatarum
329 1486 499 1548 editionum
522 1486 693 1548 auctoritas
721 1482 907 1557 obiiciatur;
942 1496 1104 1565 postremo
1127 1494 1177 1560 ut,
1209 1485 1235 1547 si
1258 1485 1327 1569 quis
1349 1498 1423 1565 post

117 1582 196 1643 baec
210 1575 349 1641 studium‘
364 1582 402 1640 ad
417 1579 477 1641 bos
498 1579 740 1642 commentarios
763 1581 900 1641 edendos
920 1576 1108 1651 contulerit,
1131 1576 1175 1652 is,
1192 1590 1296 1658 spreta
1313 1599 1421 1640 recen·

117 1673 236 1738 tiorum
261 1672 407 1747 levitate,
438 1672 577 1735 firmiora
599 1672 741 1737 editionis
763 1692 838 1736 suae
858 1671 1058 1733 fundamenta
1080 1669 1171 1732 iaciat
1181 1683 1193 1745 ;‘
1212 1672 1303 1755 idque
1326 1673 1421 1736 Orel-

118 1767 209 1840 lium,
233 1765 280 1827 V.
304 1764 376 1838 Cl.,
399 1786 494 1845 spero
516 1767 690 1840 facturum,
720 1765 827 1848 quiin
849 1762 918 1828 Cic.
940 1783 995 1844 op.
1019 1763 1082 1827 vol.
1103 1764 1133 1826 Ι.
1156 1764 1259 1844 praef.
1282 1785 1316 1845 p.
1339 1766 1421 1828 XV.

117 1880 151 1921 se
175 1858 309 1921 Asconii
336 1859 579 1922 commentarios
609 1861 649 1921 ad
675 1858 827 1922 librorum
856 1858 947 1919 iidem
976 1856 1128 1919 editurum
1156 1855 1321 1937 promisit;
1358 1877 1420 1919 nou

117 1972 183 2032 quo
205 1952 419 2014 coniecturam
442 1952 601 2014 exclusam
624 1951 734 2026 velim,
758 1972 850 2037 quam
866 1948 934 2031 ipse
948 1948 1006 2010 iam
1021 1970 1114 2031 saepe
1129 1948 1160 2011 in
1174 1949 1223 2012 his
1237 1949 1420 2033 fragmentis

117 2045 257 2122 tentavi,
281 2047 337 2107 sed
358 2056 392 2107 ut
413 2066 449 2107 ea
471 2047 510 2106 ad
531 2043 647 2108 codicis
670 2043 751 2106 sinici
773 2041 905 2128 vestigia
928 2043 1094 2127 dirigatur.

193 2289 296 2363 Hace
321 2290 524 2390 Madvigius
558 2291 603 2392 de
629 2292 694 2385 iis,
733 2292 796 2388 qui
828 2299 912 2363 ante
937 2290 1008 2365 hoc
1033 2300 1175 2388 tempus
1200 2290 1419 2364 AscouianIs

116 2463 242 2510 euram
270 2463 372 2510 suam
398 2439 664 2537 impenderunt.
715 2439 773 2512 Ad
799 2463 930 2512 novam
952 2438 1089 2512 hancce
1107 2441 1303 2512 editionem
1321 2439 1420 2536 quod

116 2588 268 2681 attinet,
317 2585 415 2659 baud
459 2589 606 2683 dubito,
654 2589 741 2685 quin
778 2588 950 2685 permulti
987 2587 1139 2661 moleste
1174 2588 1287 2660 laturi
1322 2589 1419 2681 sint,

114 2735 217 2833 quod
243 2733 471 2829 Orellius,
497 2739 600 2808 cuius
635 2760 719 2809 acre
749 2737 930 2835 ingenium
960 2744 998 2809 et
1022 2736 1256 2834 mrdtipliccm
1286 2736 1421 2810 doctri·

116 2908 200 2955 nam
228 2893 266 2955 et
292 2883 512 2956 indefessam
546 2885 763 2956 iudustriam
788 2908 896 2957 nemo
923 2894 1002 2978 est,
1041 2888 1104 2983 qui
1140 2887 1308 2984 ignoret,
1344 2908 1422 2957 nou

116 3035 197 3129 ipse
237 3034 318 3104 eius
353 3056 477 3105 curam
516 3033 741 3130 susceperit,
780 3032 845 3104 sed
879 3057 958 3105 eam
984 3031 1122 3106 bomini
1148 3032 1421 3106 demandaverit

115 3181 279 3253 obscuro
307 3189 345 3253 et
378 3180 424 3252 ad
455 3180 495 3252 id
526 3182 708 3279 negotium
741 3180 902 3254 fortasse
939 3205 1068 3278 parum
1104 3180 1238 3254 valido.
1302 3181 1353 3254 At
1377 3204 1420 3252 ea

116 3339 175 3400 est
201 3327 334 3401 Orellii
370 3328 514 3401 indoles
548 3338 657 3426 atque
689 3337 841 3424 natura,
880 3339 920 3401 ut
952 3329 1005 3400 ad*
1024 3329 1216 3402 excitanda
1253 3338 1291 3402 et
1322 3329 1420 3401 adiu·

117 3476 239 3591 vande
280 3475 435 3548 aliorum
474 3476 595 3549 studia
630 3500 706 3549 non
743 3478 862 3549 minus
907 3479 1069 3551 intentus
1108 3480 1157 3551 sit
1195 3501 1303 3576 quam
1340 3500 1420 3550 sua.

118 3623 226 3723 Quod
253 3648 363 3721 quum
390 3625 523 3698 cotidie
550 3626 787 3721 experiantur
813 3635 994 3724 quotquot
1018 3626 1063 3698 de
1088 3628 1202 3699 rebus
1218 3627 1420 3721 :litterariis
1461 3696 1465 3701 .
1541 3646 1547 3658 ·

118 3797 200 3845 eum
239 3773 396 3866 adeunt,
441 3796 548 3846 nemo
584 3782 703 3845 tamen
742 3774 786 3845 ei
814 3775 862 3846 ob
898 3773 1077 3848 beneficia
1119 3776 1238 3849 omnis
1274 3775 1420 3872 generis

121 3922 297 3994 maiorem
323 3931 361 3992 et
386 3919 497 3992 debet
521 3929 559 3993 et
582 3919 694 3993 babet
715 3922 869 4019 gratiam
887 3945 994 4018 quam
1012 3946 1099 4021 ego,
1126 3924 1190 4020 qui
1206 3922 1420 3996 adolescens

119 4092 164 4141 eo
205 4077 449 4165 praeceptore
487 4091 575 4140 usus
611 4092 707 4140 nune
755 4069 870 4142 amico
908 4064 1027 4143 laetor
1062 4071 1421 4144 benevolentissimo.

120 4213 248 4314 Neque
274 4217 348 4288 nisi
372 4217 509 4289 invitus
535 4218 581 4289 ab
612 4215 682 4289 boc
714 4217 796 4289 viro
830 4216 1094 4314 prolixioribus
1128 4217 1297 4291 laudibus
1330 4217 1422 4291 cele·

120 4363 262 4436 brando
289 4365 470 4458 abstinui,
509 4364 575 4436 scd
599 4364 800 4437 verendum
835 4373 938 4458 erat,
977 4390 1023 4438 ne
1048 4367 1164 4438 verba
1189 4389 1268 4438 mea
1294 4389 1423 4463 parum

122 4514 388 4608 exprimerent,
406 4536 500 4610 quae
518 4512 638 4585 animo
657 4513 852 4606 sentirem,
869 4535 942 4584 neu
959 4514 1038 4609 ipse
1055 4536 1125 4609 pro
1138 4513 1315 4586 modestia
1337 4537 1423 4606 sua,
1547 4608 1553 4623 ι

123 4681 214 4755 quae
227 4659 273 4733 de
285 4683 325 4733 se
334 4659 697 4758 praedicatasorent,
710 4671 882 4734 censeret
893 4660 1058 4734 delenda.
1072 4658 1164 4735 Nam
1175 4659 1265 4736 baec
1274 4660 1426 4735 Asconii
