3210 5280
394 219 444 285 IN
466 219 574 287 Act.
597 221 628 286 1.
650 220 700 285 IN
723 218 765 284 C.
789 217 1005 283 VERREM.
1298 215 1358 280 139

69 411 75 417 .
138 355 180 423 Ul
200 360 301 423 ouius
322 356 457 426 divitiae
478 361 544 442 me]
587 361 707 439 Magna
724 356 864 440 emphasi
885 347 1017 422 divitius
1038 355 1133 431 dixit,
1157 366 1189 419 et
1202 354 1359 440 signifieat

53 453 214 522 breviter,
239 451 331 513 etiam
354 452 413 514 sibi
433 455 570 533 praemia
592 452 871 536 praevaricationis
897 451 1021 524 oblata,
1044 452 1100 513 sed
1120 449 1252 512 frustra.

138 548 183 623 (§.
207 545 277 622 26.)
298 545 365 608 Sed
382 546 485 608 etium
502 547 539 622 (l.
553 545 746 626 Metellum]
790 543 926 621 Srsbaudi
950 544 1140 619 consulem,
1163 553 1247 605 etue
1267 563 1359 607 error

53 638 93 701 sit
113 637 145 702 in
167 635 364 708 nominibus,
387 647 494 698 tenere
518 657 576 700 vos
598 648 744 717 oportet,
769 650 832 699 tres
855 636 1006 700 Metellos
1029 654 1120 706 esse,
1152 656 1244 695 unmn
1267 636 1360 715 [cou-

54 731 168 811 sulem]
191 751 258 791 oum
282 727 479 802 Hortensio,
509 727 641 791 alterum
664 729 695 792 in
717 732 797 792 urbe
818 731 1019 793 coustitutum
1042 730 1080 790 de
1102 729 1244 809 pecuniis
1266 735 1384 810 repe-⁵

55 825 181 898 tundis,
206 822 331 884 tertium
355 821 477 883 stultae
498 835 691 902 praetorem.

138 915 236 980 Dedit
265 915 352 976 em’m
378 918 654 995 praerogativam
681 937 765 982 saue
791 914 976 978 voluntatis
995 913 1171 991 eiusmodi]
1227 912 1416 997 Ditogiaou

56 1008 170 1072 dieitur
192 1006 312 1087 ligura,
336 1024 406 1065 eum
429 1003 606 1086 ambiguum
634 1006 749 1068 dictum
773 1008 847 1067 diras
875 1023 926 1065 res
949 1002 1117 1087 siguificat.
1163 1008 1241 1069 Nam
1265 1028 1359 1087 prae·

56 1100 201 1180 rogatirs
224 1100 249 1171 †
271 1096 296 1158 si
320 1108 447 1176 praeter
463 1097 529 1158 eius
551 1096 704 1182 integrum
729 1095 910 1161 beneficium
932 1108 983 1157 auu
1010 1095 1095 1158 dieto
1120 1109 1171 1160 aut
1193 1098 1280 1163 sacto
1302 1099 1360 1161 sli-

56 1196 131 1280 quid
146 1192 304 1276 signillrat
318 1189 478 1251 liberalius
500 1191 539 1251 ab
562 1211 619 1265 eo,
644 1190 699 1273 qui
713 1190 804 1253 uobis
827 1193 906 1252 benc
926 1188 1066 1251 facturus
1088 1201 1148 1252 est.
1192 1193 1236 1255 Et
1250 1213 1359 1254 rursus
1371 1197 1403 1246 ¹⁰

55 1284 298 1370 praerogativae
329 1292 401 1344 sunt
431 1282 550 1356 tribus,
589 1305 669 1365 quae
700 1284 818 1365 primae
844 1275 1027 1364 suffraigium
1055 1282 1163 1345 serunt
1196 1298 1266 1347 aute
1290 1283 1359 1346 iure

56 1392 195 1444 vocatas.
238 1378 316 1440 Mos
343 1376 422 1438 euim
449 1377 570 1452 linerat,
608 1397 671 1459 quo
699 1375 821 1439 facilius
850 1375 879 1437 io
903 1374 1036 1439 comitiis
1057 1378 1225 1439 eoncordia
1248 1377 1362 1458 populi

56 1473 252 1543 firmaretur,
284 1469 355 1532 bina
378 1473 402 1544 †
423 1472 519 1533 domo
545 1472 583 1533 de
615 1469 721 1532 iisdem
748 1469 917 1532 candidatis
947 1469 1070 1533 comitia
1100 1471 1187 1544 lieri,
1225 1491 1361 1553 quorum

56 1565 157 1626 tribus
180 1563 299 1644 primae
321 1563 559 1646 praerogativae
581 1562 741 1639 dicebant,
766 1583 845 1644 quos
878 1562 991 1623 vellent
1016 1563 1159 1624 eonsules
1188 1562 1275 1638 lieri,
1311 1584 1361 1625 se-

56 1658 174 1718 euudae
197 1656 262 1717 iure
284 1667 434 1719 vocatae:
458 1658 543 1739 quod
564 1655 595 1717 in
619 1654 685 1729 his,
708 1666 858 1737 sequente
877 1654 1017 1736 populo,
1041 1666 1074 1717 ut
1095 1675 1188 1737 saepe
1208 1655 1357 1738 contigit,
1373 1663 1404 1712 ts

55 1746 351 1829 praerogativarum
374 1748 584 1821 voluntatem,
629 1748 696 1810 iure
729 1746 830 1809 omnis
861 1748 1107 1828 complerentur.
1162 1749 1235 1810 Hoc
1262 1747 1362 1831 igitur

58 1840 133 1903 dicit
154 1838 291 1913 Cicero,
317 1842 460 1902 vocando
477 1842 564 1902 adse
579 1841 745 1903 Metellum
769 1841 909 1915 Siculos,
931 1853 961 1902 et
983 1862 1038 1903 eos
1061 1840 1152 1902 ruinis
1173 1842 1361 1905 deterrendo

59 1937 96 1995 sb
122 1939 321 1995 occursatione
344 1934 475 2007 Verris,
509 1953 612 2014 prope
635 1953 727 1997 omne
758 1932 943 1996 beuelleium
967 1944 1186 2014 corruptarum
1212 1954 1229 1995 s
1251 1953 1284 1997 se
1305 1931 1362 1995 tri·

58 2026 150 2091 luuuo
175 2025 289 2087 Verris
314 2025 444 2106 pecunia
468 2025 687 2108 [persolvisse.
741 2026 823 2088 Vult
852 2025 933 2088 enim
963 2026 1048 2088 illum
1076 2024 1188 2088 Verris
1217 2023 1363 2107 pecunia]

59 2118 218 2181 consulem
241 2119 357 2181 l'setmn
380 2118 524 2203 intelligi.
1372 2127 1406 2176 tt

151 2293 177 2349 5,
197 2288 321 2340 Subaudl
338 2288 486 2356 consulem]
507 2289 634 2360 ,Nempe
653 2289 856 2359 designatum.''
882 2289 961 2344 SCH.

152 2368 179 2421 ls.
199 2363 368 2433 uoms'ru'bus]
388 2362 511 2415 omuibus
531 2364 623 2417 Ptine.
644 2363 704 2417 Ald.

150 2441 178 2496 5.
198 2455 281 2490 uuum
299 2442 435 2490 consulem
453 2440 526 2505 sum]
556 2436 641 2511 Lugd.
661 2441 726 2494 Hos.
745 2438 823 2492 Man.
842 2439 922 2491 Creu.
941 2465 978 2480 -
997 2454 1079 2489 unum
1097 2453 1158 2488 essm
1177 2434 1246 2507 (om.
1265 2451 1363 2487 eorssrs·

60 2512 122 2581 lem]
162 2517 258 2565 rlores.

133 2531 204 2641 litto.
224 2590 416 2655 constitutum]
438 2587 527 2640 Prloo.
542 2584 648 2640 Beruld.
661 2586 723 2643 Ald.
743 2585 811 2642 Lod.
830 2605 893 2641 oum
913 2587 1024 2642 Gssesll
1043 2585 1106 2639 MS.
1124 2614 1160 2628 -
1178 2589 1365 2657 quaesitorem

60 2661 145 2735 Lopd.
163 2663 229 2716 ilos.
247 2663 324 2715 Man.
344 2661 425 2715 Creo.
449 2689 487 2705 -
511 2660 566 2730 ,Ire
584 2661 649 2713 urbe
667 2666 863 2733 quaesitorem]
890 2662 1011 2715 Danasti.
1043 2661 1127 2713 Vetus
1144 2659 1356 2712 coustitutum.”

61 2735 144 2789 llffl’.
192 2738 270 2807 ,Cur
298 2753 352 2790 oon
381 2733 558 2790 sdmlttamos
587 2752 745 2808 utrumque,
774 2743 956 2807 quaesitorem
983 2718 1183 2790 coustitutum?
1213 2736 1360 2788 Possumus

61 2816 141 2864 etlam
161 2816 343 2864 constitutum
361 2810 395 2862 sd
414 2810 540 2864 ultimum
562 2809 672 2864 verbum
689 2819 850 2886 praetorem
869 2810 983 2866 referre:
1003 2809 1049 2865 sed
1070 2811 1123 2863 hoc
1142 2808 1237 2863 (losum
1251 2810 1315 2862 flos.
1334 2823 1363 2862 es

61 2884 177 2939 Gsserio
197 2890 284 2938 vlsum
306 2885 401 2957 puto.”
425 2886 558 2940 GARAT.

152 2964 179 3018 9.
199 2964 236 3028 ss]
257 2960 348 3014 Priuc.
368 2956 431 3014 sm.
449 2989 481 3002 -
504 2977 558 3013 om.
580 2965 674 3017 essert.

133 3035 206 3089 lblsl.
221 3043 336 3105 praeter
353 3041 412 3086 es'us
429 3037 570 3104 integrum
588 3034 761 3108 beneficium]
794 3037 886 3091 Prius.
906 3034 1011 3090 Berslsl.
1029 3033 1090 3089 ttd.
1110 3031 1178 3092 Lod.
1195 3063 1231 3077 -
1248 3040 1367 3104 propter

63 3112 119 3160 elus
136 3115 278 3180 lutegrum
297 3107 460 3181 heneficium
479 3111 588 3163 Gssevll
609 3109 670 3163 MS.
689 3121 858 3182 —praeter
876 3117 979 3163 irsstum
997 3116 1187 3180 integrumque
1206 3106 1367 3180 beneficium

63 3182 148 3256 Logd.
167 3185 233 3240 ilos.
256 3185 331 3238 Man.
353 3184 434 3237 Creo.
460 3213 499 3226 -
526 3186 625 3254 ,Nam
639 3186 860 3258 praerogativa]
886 3189 1008 3240 Dsnesil.
1029 3187 1127 3249 Vesus,
1152 3184 1228 3236 Nam
1244 3200 1367 3254 praero-

64 3264 164 3327 gativa
192 3264 218 3310 ss‘
240 3267 358 3330 praeter
384 3264 444 3310 sius
470 3263 613 3328 integrum
636 3259 662 3313 b.
689 3271 740 3312 asse
764 3261 839 3314 dieto
863 3270 913 3313 aus
937 3260 1018 3323 facto
1037 3261 1075 3314 al.
1093 3277 1117 3312 s.
1136 3258 1201 3314 111.Η
1222 3259 1311 3313 ΗΟΤ.
1330 3283 1368 3300 -

63 3332 150 3400 ,vide
171 3332 309 3388 Drakeub.
329 3331 362 3384 sd
384 3333 440 3385 Ην.
464 3334 504 3385 tlt
534 3332 599 3391 51.”
620 3334 753 3389 Guuu‘r.
1420 3395 1423 3399 ‚

137 3407 209 3462 llrld.
229 3417 279 3460 aut
298 3407 373 3459 allato
391 3404 554 3477 autfacto]
570 3407 937 3464 utinamutinam.
956 3436 991 3453 -
1010 3415 1061 3460 aas
1079 3407 1182 3462 dictum
1194 3403 1368 3477 autfaotum
1485 3444 1497 3459 .

65 3480 148 3554 Lsgd.
170 3484 235 3536 Hos.
255 3486 332 3537 Mun.
353 3483 435 3536 Creu.

136 3564 181 3614 10.
200 3557 354 3626 [therasius]
365 3555 448 3630 Lugd.
459 3556 524 3611 Hos.
535 3559 611 3612 Meo.
621 3557 703 3611 Creo.
711 3557 879 3611 -ls‘berals's
888 3561 978 3611 Prlne.
990 3559 1052 3612 Ber.
1063 3554 1123 3611 std.
1132 3583 1170 3598 ·-·
1178 3555 1291 3607 tibertus
1300 3551 1368 3607 Led.

136 3638 181 3689 12.
199 3631 329 3703 vocatas]
349 3634 415 3685 tou.
434 3649 461 3686 st
480 3649 555 3704 seqq.
576 3662 612 3676 -
629 3638 740 3684 vocats's
759 3637 849 3688 Prisc.
869 3662 905 3677 -
924 3640 1041 3687 vocatos
1059 3629 1166 3686 Bersld.
1187 3628 1246 3685 1Ιά.

136 3709 181 3764 15.
200 3708 266 3759 tina
284 3707 376 3776 domo]
398 3707 444 3760 sie
464 3722 592 3778 corrupte
609 3708 698 3762 Ptine.
714 3707 819 3761 serato.
836 3707 893 3763 Ald.
918 3737 947 3750 -
970 3708 1035 3758 bina
1053 3705 1142 3759 &meso
1161 3705 1229 3759 tat.
1247 3732 1284 3746 -
1303 3704 1368 3755 stra

64 3785 174 3834 omuino
195 3781 280 3855 Logd.
301 3782 365 3835 llot.
385 3782 462 3836 Men.
487 3811 524 3826 -
549 3782 614 3834 br'rsu
634 3786 727 3834 omnies
746 3788 826 3836 Creu.
850 3812 887 3826 -
912 3782 1006 3849 „Bs'rsa
1025 3784 1146 3849 omrss'rso]
1177 3782 1277 3843 Vetus,
1296 3779 1369 3829 Birra

64 3853 152 3909 domm
173 3857 258 3922 leem,
275 3856 468 3928 Quodprtmae
478 3866 648 3925 rogarentur
661 3856 782 3909 eiusdem
796 3855 963 3928 [Dsuesti].''
977 3856 1065 3911 not.
1084 3856 1113 3908 t.
1123 3855 1189 3906 birra
1203 3853 1295 3908 modo.
1315 3853 1368 3906 Os.

136 3935 183 3989 11.
200 3931 341 3998 dlcebarst,
370 3931 452 4003 quos]
488 3930 556 3986 Lod.
584 3960 615 3976 -
642 3932 804 3984 dteebarstur
822 3949 890 4003 quos
909 3933 997 3985 Prloe.
1017 3928 1124 3985 Bersld.
1144 3928 1205 3986 ΔΜ.
1231 3958 1264 3973 -
1289 3928 1370 3980 diee-

64 3999 181 4072 larrm,
201 4006 274 4075 quod
288 4011 398 4076 primae
416 4014 606 4075 rogarentur,
626 4025 696 4077 quos
708 4005 798 4079 ‚Logd.
819 4008 883 4063 llos.
905 4008 982 4060 Mau.
1002 4007 1084 4061 Creo.

139 4085 183 4141 15.
201 4079 276 4151 quod
291 4085 320 4132 s'rs
339 4079 383 4132 lrs's
400 4110 419 4124 -
438 4115 456 4126 -
474 4112 493 4126 -
511 4087 571 4134 s'ure
590 4087 684 4134 emula
702 4084 914 4154 complerentur]
960 4081 1072 4153 ,lmmo
1100 4083 1207 4151 pomus,
1236 4094 1266 4132 ut
1297 4077 1369 4131 Gro-

66 4157 162 4208 oostos
182 4154 256 4208 obss.
276 4155 322 4209 lV.
342 4160 367 4210 1.
388 4154 471 4224 rldlt,
501 4155 573 4228 quod
598 4155 660 4210 tllse
686 4163 741 4210 tom
762 4163 836 4223 ture,
868 4159 921 4210 hoe
940 4172 997 4223 est,
1026 4155 1151 4228 legislmo
1176 4153 1288 4219 ordine,
1314 4168 1370 4204 non

68 4226 195 4283 slssslum
215 4229 315 4296 modo,
333 4228 383 4283 sed
403 4235 521 4304 lpssrosn
542 4235 625 4285 etlsm
645 4237 852 4298 eenturlssum,
872 4249 926 4304 quo
945 4236 974 4284 ln
993 4247 1138 4285 censorum
1158 4233 1237 4299 quive
1256 4243 1369 4280 censum

67 4317 174 4372 egerens
195 4304 295 4358 ssbults
314 4302 468 4378 descriptae
487 4322 592 4372 essent,
618 4323 674 4360 oon
693 4323 767 4361 sorte
786 4307 921 4380 prselstss
940 4311 1141 4380 postpostssers
1160 4301 1194 4356 sd
1213 4302 1371 4374 sullrsgtum

67 4372 203 4432 luendum
223 4384 381 4433 atterentur.
411 4380 586 4435 scitum.

139 4453 210 4513 mm.
228 4454 362 4525 contigit]
392 4456 459 4508 Lod.
478 4472 505 4508 es
524 4473 606 4527 seqq.·
618 4480 654 4497 -
672 4456 790 4510 comum
809 4459 987 4526 soslqolores.

140 4532 185 4585 16.
203 4529 388 4598 volumtatem]
418 4529 480 4583 ΔΜ.
498 4530 583 4600 Lupd.
605 4533 669 4584 Hos.
688 4532 767 4586 Mau.
787 4532 869 4584 Creo.
887 4557 924 4570 —
942 4529 1088 4582 voluntate
1107 4528 1199 4581 Ptine.
1218 4527 1281 4581 Ber.
1301 4525 1370 4583 Lod.

139 4607 183 4658 17.
203 4603 331 4655 vocando
349 4603 389 4656 ad
405 4623 434 4656 se
453 4606 612 4676 Metellum]
631 4606 777 4658 Metellum
795 4603 922 4657 vocando
940 4604 980 4655 ad
997 4622 1025 4654 se
1046 4604 1108 4656 llos.
1128 4606 1210 4656 Creo.

138 4682 183 4735 19.
199 4679 378 4748 persolvisse.
416 4680 490 4734 Vult
508 4685 580 4732 eru'us
599 4682 675 4733 ittam
696 4682 797 4735 Verris
812 4681 945 4751 pecesula]
965 4695 1021 4732 om.
1042 4679 1134 4733 Ptine.
1153 4676 1260 4733 &reta

141 4758 186 4809 20.
205 4754 340 4824 intellige]
360 4753 479 4811 s'rstells'lss'
498 4757 589 4811 l'rlns.
611 4784 646 4799 -
664 4758 797 4826 iutelligit
817 4753 923 4811 llersld.
