3210 5280
166 220 168 225 ·
214 198 273 262 lib
647 190 1085 260 Peenno-asconius

213 337 296 401 nulla
327 335 492 419 emptionis
521 334 644 420 origine
676 335 765 398 iurto
797 343 888 415 capta
913 343 1102 407 noscantur,
1139 343 1380 416 memoraturque
1402 333 1433 397 in
1455 356 1514 412 eo,

213 433 299 515 quod
324 452 358 493 se
380 432 461 493 dieat
482 432 604 493 Verres
626 449 688 491 nou
704 448 743 489 ex
759 428 864 511 aliquo
887 439 1030 508 tempore
1046 423 1189 507 coepisse
1206 425 1310 487 literas
1326 428 1515 491 domesticae

211 524 341 586 rationis
369 526 492 599 iacere,
524 526 581 586 s'ed
606 545 646 586 ex
676 521 781 606 aliquo
806 533 949 602 tempore
975 518 1150 581 destitisse:
1182 520 1268 601 quod
1288 518 1405 583 iactum
1428 521 1515 588 nullo

214 617 359 698 eneruplo
382 618 503 680 delendi
527 627 644 697 potest.

188 720 203 770 t
294 710 342 775 De
366 710 417 773 M.
438 707 594 789 Antonio]
656 707 719 772 Hic
751 718 799 770 est
832 707 883 769 M.
915 704 1073 770 Antonius
1105 701 1361 768 dissolutissimus
1389 720 1519 772 curator

213 800 309 866 totius
331 821 408 879 orae
432 800 622 875 maritimae,
658 801 775 865 Cretae
805 811 964 874 meruius,
999 802 1036 861 de
1059 819 1124 882 quo
1148 797 1217 878 ipse
1242 797 1344 860 dicct:
1379 795 1422 861 iit
1441 810 1518 881 post

216 893 267 958 Μ.
290 889 421 957 Antonii
444 891 610 974 infinitum
632 894 722 955 illud
741 895 918 974 imperium
940 899 1127 968 senscrunt‚·
1149 901 1181 952 et
1199 910 1290 971 quem
1308 890 1461 952 Salustius
1477 891 1520 956 sit

211 982 405 1064 perdundae
423 986 590 1064 pecuniae
611 985 762 1064 genitum
783 993 815 1046 et
836 1003 982 1044 vacuum
1002 1002 1025 1043 u
1045 984 1136 1044 curis
1156 983 1224 1043 nisi
1242 980 1451 1044 instantibus.
1491 1006 1494 1010 ⁴

293 1070 351 1134 Est
371 1073 492 1154 aliqua
512 1074 615 1135 etium
634 1073 773 1135 buiuscc
794 1073 845 1134 rei
861 1070 964 1152 ratic]
1011 1071 1074 1133 Vei
1098 1071 1194 1147 strala,
1219 1071 1270 1133 rel
1291 1073 1388 1133 bona.
1434 1069 1519 1157 Dicit

171 1181 311 1247 stergo:
341 1161 399 1224 etsi
424 1183 485 1224 non
510 1164 644 1234 bonam,
669 1173 800 1242 apparet
822 1182 889 1223 esse
914 1173 1016 1226 tarrren
1038 1163 1173 1246 aliquem
1195 1163 1348 1224 rationem
1374 1164 1399 1236 †
1420 1163 1463 1224 ita
1486 1175 1519 1225 ut

212 1257 280 1338 ipse
305 1255 378 1317 dicit
406 1255 489 1316 bona
518 1254 599 1315 ratio
626 1275 780 1334 uunquam
804 1254 978 1332 scribendi,
1010 1257 1153 1321 iudicium
1176 1277 1385 1337 perseverans
1407 1259 1446 1318 de
1470 1269 1518 1319 ta-

213 1348 293 1411 bulis
316 1370 378 1411 uoo
402 1347 622 1419 conficiendis;
646 1347 813 1428 aliquando
835 1349 996 1432 coepisse,
1020 1350 1179 1414 correctio
1194 1349 1314 1412 erroris
1336 1349 1365 1411 in
1388 1349 1516 1423 melinae

156 1440 389 1516 iniucundus,
413 1461 481 1501 cum
506 1438 667 1520 coeperis,
692 1439 770 1501 suala
791 1443 894 1506 tatio:
928 1455 975 1506 cst
998 1443 1078 1507 eninr
1101 1441 1306 1506 inconstantia
1328 1453 1359 1504 et
1386 1441 1517 1506 mutatio

214 1535 363 1618 quaedam
385 1533 419 1595 iu
440 1531 590 1613 deterius.

172 1657 202 1704 15
296 1628 408 1710 Usque
432 1625 480 1688 ud
499 1625 550 1688 M.
573 1624 781 1702 Terentium,
802 1627 835 1689 0.
858 1628 1009 1692 Cossium
1037 1626 1135 1709 cosa]
1185 1627 1237 1691 nb
1264 1627 1377 1689 borum
1403 1647 1518 1690 consu·

213 1721 276 1783 latu
306 1719 429 1780 videtur
461 1716 582 1777 tabulas
616 1716 738 1778 Verres
773 1718 928 1780 rationum
963 1741 1089 1783 suarum
1122 1721 1274 1784 destitisse
1307 1717 1515 1803 consignare,

215 1809 356 1896 quamvis
379 1831 397 1872 a
418 1807 574 1890 praesenti
595 1820 736 1888 tempore
759 1829 821 1872 uou
843 1809 937 1890 louge
959 1814 1059 1876 abest.

309 1987 332 2036 1.
353 1979 473 2046 origine]
494 1973 554 2027 sid.
568 1988 596 2027 et
608 1991 681 2045 seqq.
700 2002 736 2019 -·
757 1978 801 2025 ori
812 1978 871 2026 siue
892 1976 983 2030 Princ.
1000 2005 1036 2018 -
1057 1982 1102 2027 ori
1121 1980 1137 2013 *
1155 1984 1213 2030 sius
1233 1958 1338 2034 Berald.
1360 2012 1393 2024 -
1414 1986 1518 2052 „origo

214 2058 274 2106 ture
294 2051 355 2107 MS.
397 2051 462 2103 Dete
482 2053 579 2118 origo,
601 2064 629 2104 ct
646 2046 737 2102 scribe
756 2048 832 2102 nuic
850 2054 995 2119 emptionis
1013 2051 1101 2105 turn*
1128 2051 1256 2108 GitaRv.
1293 2056 1413 2109 creato
1432 2057 1517 2110 οι)...

211 2145 293 2192 4ιιιιιιη
312 2142 353 2180 est
373 2125 528 2180 Sebutnius.
716 2150 719 2157 ·
881 2123 951 2177 ibid.
965 2122 1063 2196 fruto]
1083 2125 1134 2177 sed
1142 2126 1233 2198 furto
1251 2127 1320 2184 Lod.

308 2208 334 2257 2.
356 2201 463 2271 aliquo]
493 2195 561 2250 Lod.
580 2213 607 2251 et
627 2214 702 2268 seqq.
722 2225 758 2240 -
777 2198 834 2250 atto
853 2203 967 2270 priores.

283 2281 331 2346 3.
343 2273 447 2400 faeege
465 2272 525 2341 sed]
549 2270 635 2345 bugd.
654 2273 719 2326 liet.
740 2273 817 2327 Man.
837 2273 917 2326 Creu.
938 2302 975 2316 -
985 2264 1095 2344 finisse
1113 2283 1142 2325 et
1161 2277 1251 2331 Prine.
1272 2276 1378 2333 iterati.
1399 2277 1462 2333 sid
1482 2308 1518 2325 ·-

229 2367 307 2403 acere
327 2360 354 2402 et
375 2355 411 2402 Lo
431 2386 439 2403 .

203 2348 235 2423 f
305 2420 617 2492 toamnasarim]
655 2417 723 2472 Lod.
748 2419 814 2474 liot.
839 2420 919 2475 Creu.
943 2436 970 2473 et
996 2438 1070 2493 seqq.
1091 2438 1154 2475 cum
1174 2423 1313 2497 Zumptio.
1342 2454 1380 2472 -.
1407 2427 1517 2481 Deinde

213 2501 340 2552 Ausonio
358 2498 452 2554 Priuc.
474 2494 581 2550 Berald.
602 2523 638 2538 -
656 2495 702 2547 De
718 2497 840 2546 Antonio
854 2493 938 2563 Lugd.
959 2496 1035 2548 Man.
1053 2513 1116 2548 cnm
1137 2497 1250 2570 vulgatis
1271 2498 1349 2554 editt.
1364 2503 1518 2559 Ciceronis.

308 2577 336 2633 6.
355 2580 471 2642 serrator
488 2576 576 2622 totius
587 2572 664 2636 orae]
694 2568 776 2640 Lugd.
792 2570 856 2623 llot.
870 2570 946 2624 Man.
960 2570 1041 2624 Creu.
1060 2601 1087 2612 -
1104 2581 1217 2624 curator
1230 2574 1380 2643 largitatis
1391 2594 1459 2628 oras
1473 2579 1518 2632 er.

212 2646 318 2704 Berald.
339 2645 401 2701 aid.
421 2672 454 2689 -
473 2654 588 2697 curator·
605 2643 723 2695 tuendae
741 2649 826 2694 totius
845 2661 910 2695 oras
931 2643 997 2700 Lod.
1016 2674 1054 2687 -
1072 2645 1245 2701 Robortellus
1265 2648 1392 2721 (Annott.
1413 2671 1440 2724 p.
1459 2650 1516 2726 70.)

215 2737 304 2777 totum
323 2723 417 2774 locunt
437 2724 477 2774 sic
496 2720 549 2792 legi
569 2719 640 2771 vult:
670 2719 724 2775 Hie
742 2726 785 2769 est
802 2718 847 2772 M.
869 2720 1008 2770 Antoniou
1017 2729 1100 2790 pater
1113 2721 1277 2777 dissolutiss.
1290 2725 1365 2775 iliius
1377 2731 1519 2777 curatori,

204 2815 280 2849 -eroe
298 2801 473 2858 maritimae,
492 2800 539 2864 qui
557 2794 657 2846 Cretae
676 2800 801 2843 mortuus
819 2801 871 2845 est.
889 2821 927 2836 -
946 2795 1132 2847 llobnrteilum
1152 2796 1221 2849 bene
1240 2795 1368 2851 refutarit
1388 2799 1517 2872 Sigonius

212 2871 369 2926 llmeudatt.
395 2890 423 2944 p.
448 2874 511 2926 205.
533 2887 591 2940 sq,
611 2871 656 2939 qui
680 2866 760 2919 docet
781 2885 900 2921 errorem
925 2873 1082 2943 interpretis
1106 2886 1180 2934 esse,
1201 2887 1255 2924 non
1274 2873 1460 2927 librariorum.
1483 2860 1514 2917 --'

213 2948 359 3018 ,Curator
378 2951 466 2998 totius
484 2962 551 2994 orne
570 2942 743 3011 maritimae]
777 2943 861 2995 Error
883 2942 1003 2996 Pedisni.
1029 2960 1069 2997 est
1090 2949 1163 2997 enim
1185 2946 1230 3007 bie
1252 2952 1385 3000 Antonius
1405 2964 1516 3013 orator.

213 3020 247 3074 de
265 3038 320 3094 quo
346 3026 375 3074 in
396 3019 510 3091 dialogis
537 3016 569 3070 de
589 3016 720 3070 Oratore:
753 3021 782 3069 in
805 3018 902 3088 quibus
924 3023 1007 3071 etism
1028 3023 1085 3090 ipse
1112 3019 1159 3073 lib.
1182 3021 1218 3073 ll.
1242 3021 1319 3093 [cap.
1343 3027 1388 3080 23.
1410 3025 1435 3090 p.
1458 3024 1518 3096 97.]

213 3095 247 3150 de
270 3095 421 3149 rationibus
445 3109 459 3144 a
482 3110 511 3145 se
531 3089 662 3146 coniectis
686 3104 784 3143 contra
804 3095 946 3145 hominnm
972 3097 1129 3164 opinionem
1154 3097 1292 3152 testatur.”
1319 3097 1462 3152 ΜΔΜΙΤ.

306 3176 332 3227 7.
351 3175 408 3243 ipse
427 3168 517 3220 diceet
547 3166 585 3218 Et
600 3175 667 3236 post
686 3167 746 3235 M.]
777 3170 834 3237 ipse
858 3166 926 3218 attii
950 3166 1097 3237 Postprram
1123 3169 1167 3223 M.
1196 3168 1262 3226 Lod.
1287 3198 1324 3213 -
1350 3175 1409 3240 ipss
1428 3171 1518 3239 dicet,

212 3243 362 3315 Postquam
380 3246 425 3296 M.
445 3240 531 3314 Lngd.
551 3245 628 3296 Man.
651 3269 680 3284 ·-
705 3241 792 3293 Locus
811 3242 953 3293 Ciceronis
973 3257 1012 3294 est
1033 3246 1063 3294 in
1083 3241 1143 3294 lib.
1164 3243 1279 3317 liccap.
1299 3250 1326 3306 3.
1345 3245 1369 3315 §.
1388 3252 1415 3306 8.

289 3319 359 3373 ibid.
379 3318 531 3391 infinitum]
560 3314 621 3369 sid.
639 3331 666 3368 et
685 3333 759 3387 seqq.
780 3343 816 3359 -
828 3312 947 3386 finitum
967 3318 1057 3369 Ptine.
1076 3315 1183 3371 Berald.

288 3393 359 3449 ibid.
380 3394 536 3458 senserant]
567 3389 634 3442 Lod.
654 3404 680 3440 et
701 3406 773 3460 seqq.
793 3413 830 3428 -
848 3398 977 3442 senserat
996 3394 1173 3459 antiquiores.

287 3467 359 3523 ibid.
379 3468 528 3533 dolentius]
568 3464 772 3533 ,Historiarum
793 3462 842 3516 lib.
865 3468 893 3522 5.
912 3483 945 3518 es
964 3466 1099 3519 Frontone
1120 3466 1247 3519 Cornelio
1269 3464 1302 3518 de
1314 3467 1444 3539 exemplis
1463 3467 1520 3521 elo·

214 3546 367 3599 curionum.
386 3540 458 3613 quod
478 3537 669 3592 animadvertit
688 3553 716 3592 et
735 3536 819 3594 Aldus
838 3539 908 3593 filius
928 3544 957 3592 in
970 3538 1081 3593 Salustii
1101 3537 1261 3612 fragmentis
1274 3543 1307 3596 ab'
1320 3559 1354 3595 eo
1366 3542 1519 3595 collectis.”

213 3617 357 3671 MANUT.
379 3624 407 3671 tn
430 3615 471 3670 ed.
497 3631 582 3687 postr.
631 3613 700 3680 „list
723 3631 755 3664 ex
775 3613 858 3665 libro·
872 3615 942 3667 illst.
966 3615 1015 3667 lli.
1044 3612 1086 3669 ed.
1112 3616 1225 3668 llarerc.
1248 3621 1339 3674 n.15.
1368 3616 1446 3670 Cort.
1473 3624 1518 3675 28.

191 3692 253 3745 ,Ex
271 3694 404 3745 brutiano
425 3694 539 3745 citatur:
560 3703 587 3742 et
606 3688 740 3745 Wasseus
765 3684 875 3741 tandem
899 3689 1048 3743 baronium
1067 3691 1205 3755 contulit.
1229 3689 1277 3744 ubi
1301 3709 1320 3743 a
1343 3696 1435 3758 curis,
1453 3708 1517 3745 enm

212 3771 242 3821 in
265 3769 399 3822 Arusiano
419 3771 455 3822 sit
474 3768 555 3817 eteris.
593 3760 646 3815 Sed
669 3778 815 3832 utrumqne
836 3761 952 3835 probum
973 3763 1041 3816 est.''
1070 3764 1206 3819 Gnissi.

303 3846 331 3900 9.
349 3843 458 3894 ditiuaee
477 3839 529 3908 ret]
550 3837 630 3889 huius
647 3841 720 3888 cerci
730 3837 820 3891 Prius.

287 3924 330 3974 10.
350 3934 408 3968 esse
427 3917 530 3982 tamen]
553 3915 642 3966 Princ.
662 3913 722 3965 Ber.
742 3909 804 3965 aid.
823 3908 892 3964 Lod.
914 3940 945 3952 -
968 3919 1061 3962 tamen
1079 3928 1137 3961 esse
1157 3909 1243 3984 Lugd.
1259 3912 1325 3967 llot.
1340 3915 1417 3967 Man.
1437 3917 1519 3971 cren.

288 3998 331 4049 ss.
351 3997 392 4043 ita
411 3999 442 4042 ut
460 3995 518 4059 ipse
536 3987 615 4053 dieis]
636 3985 683 4039 stc
702 4000 830 4058 corrnpte
850 3987 941 4041 Ptine.
959 3985 1067 4040 Berald.
1087 3985 1149 4040 nid.
1168 3985 1235 4042 Lod.
1255 4016 1292 4030 -
1311 3988 1372 4041 Atti
1390 3994 1449 4060 ipss
1468 3989 1519 4044 bec

213 4064 282 4118 diets
300 4064 384 4139 bugd.
406 4067 469 4118 llot.
487 4065 564 4118 Man.
584 4064 665 4114 Creu.

290 4148 333 4199 12.
354 4144 492 4192 correctio
510 4140 617 4190 erroris
635 4139 665 4185 in
684 4133 794 4205 melius]
813 4131 897 4203 Lngd.
917 4133 982 4186 tior.
1002 4136 1078 4188 Man.
1099 4137 1181 4190 Creu.
1200 4164 1237 4179 -
1255 4141 1395 4208 correptio
1413 4143 1521 4193 erroris

212 4220 239 4274 ai
256 4217 352 4269 melias-r
372 4218 462 4268 Ptine.
481 4209 589 4266 Berald.
610 4207 677 4262 Lod.
699 4237 734 4253 -
754 4213 889 4259 correctio
908 4213 1015 4259 erroris
1032 4214 1058 4259 si
1077 4212 1174 4262 melius
1196 4209 1254 4264 tid.

288 4293 333 4357 15.
354 4290 398 4344 Μ.
418 4288 593 4348 Terentium.
613 4285 644 4337 C.
664 4284 801 4353 Cassium]
835 4284 926 4336 Ptine.
948 4282 1053 4338 Berald.
1073 4309 1107 4325 -
1125 4285 1169 4339 M.
1183 4285 1343 4338 Terentium
1361 4287 1432 4343 etC.
1453 4289 1519 4341 Cas·

212 4369 283 4417 sium
299 4364 356 4419 sid.
378 4380 404 4418 et
424 4381 498 4435 seqq.
518 4377 581 4415 enm
602 4357 680 4412 editt.
693 4358 846 4413 Ciceronis.
864 4380 901 4396 -
921 4357 987 4426 „M.
1007 4357 1179 4430 Terentium]
1201 4360 1243 4414 M.
1260 4360 1394 4414 Licinium
1415 4363 1519 4429 malim,

212 4445 258 4510 qui
280 4439 377 4493 corisul
396 4436 448 4491 init
467 4453 532 4490 cnm
553 4438 583 4488 C.
602 4434 698 4486 Cassio
719 4433 841 4495 Varo,s
867 4436 1002 4504 praesenti
1024 4447 1146 4505 tempore
1168 4450 1223 4486 non
1239 4434 1328 4505 louge.
1366 4434 1518 4509 Eutropius

213 4513 285 4567 libro
305 4518 331 4570 d.
356 4519 384 4567 in
403 4512 474 4565 bello
495 4512 653 4585 epaeneto,
674 4521 701 4560 et
720 4523 813 4560 noster
828 4510 856 4558 in
870 4511 994 4559 oratione
1013 4525 1062 4579 pro
1080 4507 1217 4565 Cluentio.
1254 4511 1376 4563 Terentii
1397 4512 1517 4565 consulis

211 4595 381 4643 mentionem
402 4589 445 4640 bis
465 4584 631 4659 temporibus
655 4598 709 4634 non
731 4581 867 4636 invenio.’'
900 4581 1043 4634 MANUT.
1063 4587 1091 4634 in
1115 4582 1199 4656 Luqd.
1224 4607 1260 4627 .-
1285 4585 1350 4653 „pp
1372 4585 1517 4642 Tempu,

212 4664 298 4717 Varro
321 4662 448 4717 Lucullus
468 4679 494 4715 et
510 4658 763 4729 &destinavisse
785 4671 855 4711 coss.
877 4653 986 4708 inerunt
1006 4657 1038 4710 Δ.
1060 4657 1093 4709 ll.
1115 4657 1146 4712 C.
1170 4660 1236 4718 680.
1258 4663 1346 4714 tribus
1361 4664 1442 4718 annis
1455 4677 1518 4716 aare

212 4736 305 4795 Verris
325 4740 545 4800 accusationem.
566 4748 634 4808 quta
653 4731 752 4787 iucttiit
771 4734 801 4785 in
819 4746 845 4788 a.
866 4731 950 4791 biv
979 4729 1157 4790 SCHUETZ.
