3210 5280
345 195 393 258 IN
420 194 562 259 ORAT.
585 196 647 260 DE
671 197 798 261 REGE
821 194 1181 261 ALEXANDRINO.
1214 212 1218 218 ·
1351 199 1414 264 ata
1506 229 1513 239 ·

91 336 305 420 particulos,
330 335 452 398 mutilo
475 337 721 399 commentario
747 339 829 400 item
849 329 982 401 'inedito
1003 333 1163 426 infimas,
1196 359 1245 400 ear
1269 337 1416 402 Ambro-

95 431 196 493 siano
216 429 331 493 codice
354 430 389 491 in
412 431 520 491 lucem
539 432 684 512 protuli.
728 434 871 496 Constat
885 441 1002 492 ardena
1016 453 1063 492 ear
1077 430 1189 494 Dione
1204 433 1228 493 l.
1244 435 1413 498 XXXIX.

100 526 151 586 12.
174 536 208 586 et
229 546 339 607 seqq..
364 535 438 586 turn
460 546 508 585 ex
528 525 689 588 Cicerone
718 525 765 585 ad
786 523 906 586 Famil.
931 525 961 588 1.
986 526 1037 598 1.,
1061 525 1148 584 hanc
1168 544 1311 588 causam
1332 528 1416 589 Ale·

92 608 307 680 nandrinom
327 629 441 679 actam
461 637 532 680 esse
560 638 651 680 anno
679 617 772 681 urbis
794 619 956 682 DCXCV
954 619 1021 681 111.
1052 620 1115 682 Gn.
1137 606 1296 683 Cornelio
1327 623 1416 682 Len·

93 701 167 773 tulo
189 711 396 773 Marcellino
417 722 450 773 et
472 714 514 773 L.
542 711 682 774 Marcio
703 701 865 792 Philippo
889 710 1086 774 consulibua
1108 710 1177 791 (vel
1203 723 1293 775 certe
1311 731 1447 801 prae-⁵·

93 803 230 864 cedente
252 805 375 882 anno).·
396 804 444 865 nd
464 825 567 887 qccorn
588 800 730 865 cnusnm
747 804 829 865 bene
847 796 1120 885 cognoscendam
1142 808 1287 868 multum
1308 805 1415 869 inter·

94 895 160 959 irit
182 895 346 987 corfferr'e
368 897 521 960 eiusdem
543 896 650 962 Tullii
671 896 864 961 orationem
885 894 947 980 pro
971 896 1106 965 Rabirio
1128 888 1298 986 Postumo.
1395 933 1398 938 ·

317 1151 404 1238 DE
444 1150 630 1238 REGE
668 1150 1192 1240 ALEXANDRINO

577 1318 935 1384 ruueunnra

1427 1374 1432 1406 Ι

103 1431 112 1534 s
224 1460 1295 1564 ouartourscunconnnurnnlo.
1428 1482 1459 1530 n

175 1660 203 1732 l.
233 1653 268 1732 1.
298 1715 307 1732 .
337 1715 345 1732 .
375 1715 384 1732 .
411 1672 544 1756 privatis
560 1675 830 1751 erubescendum.⁸

178 1781 225 1881 lit
252 1783 391 1879 rapiat,
419 1790 459 1854 ut
483 1781 740 1855 latrocinetur.

184 1898 436 1961 vehementibus
459 1911 489 1961 et
511 1898 675 1962 invidiosis
698 1896 805 1961 vcrhis
831 1895 944 1960 utitur.
987 1899 1064 1963 Non
1087 1897 1184 1975 dixit,
1208 1907 1243 1959 ut
1264 1908 1419 1979 exposcat

99 1990 322 2074 hereditatem,
347 2003 382 2054 ut
404 1990 464 2054 sibi
482 1991 633 2064 vindicet3
656 1992 712 2053 sed
734 2013 798 2074 quo
822 1992 871 2053 vel
892 1990 1025 2055 maxime
1040 1994 1145 2073 pudor
1159 2001 1419 2055 consterneretur

100 2085 308 2158 audientium,
333 2095 388 2152 ,ut
413 2085 562 2165 rapiat'',
587 2084 704 2169 inquit,
729 2086 799 2156 „et¹
824 2084 1074 2148 latrocinetur”.
1118 2084 1209 2164 Quae
1229 2083 1298 2146 sine
1321 2082 1460 2147 dsrbiots

100 2198 163 2239 non
185 2176 263 2239 iuris
286 2179 400 2251 verba,
435 2178 490 2239 sed
512 2177 644 2240 sceleris
666 2179 706 2240 ab
729 2175 907 2241 huiusmodi
929 2178 1099 2261 cupiditate
1120 2179 1314 2241 deterreant.
1352 2211 1354 2214 ⁴

175 2296 212 2374 2.
253 2299 296 2376 Si
331 2300 456 2374 hercle
489 2303 528 2374 iu
562 2305 704 2408 nostris
737 2303 851 2375 rebus
878 2311 952 2376 tam
978 2298 1112 2413 acres2
1149 2302 1196 2374 ad
1221 2302 1419 2402 pecuniae,

102 2424 175 2486 tam
202 2412 364 2506 adtenti,
392 2423 465 2486 tam
492 2417 595 2487 avari
622 2415 828 2489 soleremus
854 2437 950 2487 esse.

185 2532 302 2595 Dicere
334 2530 458 2613 quidem
483 2532 676 2615 generaliter
709 2532 852 2607 ridetur,
886 2534 977 2598 etiarn
1007 2531 1037 2595 si
1064 2530 1095 2604 in
1121 2530 1253 2613 privatis
1278 2529 1422 2613 pecuniis

101 2625 190 2687 avari
218 2625 360 2706 hemines
386 2636 513 2701 essent,
536 2625 566 2688 iu
589 2619 724 2707 publicis
747 2639 848 2692 tamen
875 2624 1155 2709 disceptationibus
1177 2647 1240 2690 non
1266 2638 1420 2708 oportere
1430 2624 1463 2672 ²⁰

101 2730 220 2781 tantam
243 2716 443 2798 cupiditatem
470 2718 621 2801 pecuniae
642 2720 808 2802 profiteri:
831 2724 888 2786 sed
902 2719 1016 2804 procul
1032 2720 1130 2783 dubio
1145 2719 1222 2784 nihil
1237 2719 1320 2783 aliud
1335 2719 1419 2804 agit,

102 2833 194 2895 quam
221 2822 256 2873 ut
281 2813 334 2873 M.
358 2810 467 2898 Crassi
493 2834 599 2876 mores
619 2815 766 2889 denotet,
791 2817 916 2901 dequo
942 2825 1068 2898 praeter
1093 2813 1257 2884 historiam
1277 2823 1422 2895 praeter·

101 2926 164 2990 que
179 2903 295 2967 exitum
313 2905 423 2967 mortis
439 2903 523 2980 eius,
548 2906 579 2969 in
599 2909 713 2991 qtram³
735 2927 887 2991 praeceps
912 2909 1146 2992 quodammodo
1162 2907 1244 2979 ruit,
1269 2927 1364 2988 quirem
1382 2906 1422 2967 ad

102 2998 293 3080 diripiendas
314 2999 464 3062 Parthiae
488 3001 586 3061 urbes
609 3001 860 3081 opulentissimas
884 3001 1100 3081 Euphratem⁴
1123 2997 1306 3072 transisset3
1329 2997 1421 3060 etiam

101 3092 170 3174 ipse
192 3089 318 3154 Tullius
339 3103 452 3155 auctor
477 3104 524 3155 est
550 3092 635 3155 libro
664 3094 760 3157 tertio
789 3096 827 3157 dc
862 3092 991 3168 officiis,
1026 3091 1115 3155 cuius
1142 3093 1239 3154 rerba
1266 3089 1465 3165 inieram,²⁵

102 3206 167 3266 quo
195 3185 315 3267 magis,
346 3184 487 3269 quidde
513 3185 654 3250 moribus
680 3187 747 3250 eius
770 3187 934 3262 iudicarit,
958 3197 1122 3269 appareat.
1167 3186 1222 3250 sie
1239 3183 1320 3247 enim
1347 3183 1423 3246 mihi

101 3290 223 3340 texuun
238 3281 407 3343 recordor.
451 3279 589 3365 „ltaque
605 3279 632 3341 si
647 3279 697 3342 vir
718 3281 821 3344 bonius
841 3283 954 3343 haheat
976 3281 1056 3341 hane
1072 3278 1152 3358 viru,
1168 3290 1219 3352 ut,
1237 3277 1262 3339 si
1282 3275 1423 3360 digitos⁵

102 3371 365 3452 „concrepuerit,
390 3371 492 3454 possit
506 3372 538 3435 in
555 3372 750 3454 locupletum
767 3384 949 3437 testamenta
965 3393 1079 3436 nomen
1094 3371 1161 3435 cius
1176 3371 1340 3452 inrepere,
1363 3370 1424 3431 hae

103 3462 160 3536 „ri
185 3484 249 3526 non
272 3474 394 3540 utatur,
420 3487 459 3527 ne
481 3464 507 3527 si
534 3464 734 3548 exploratum
758 3465 882 3549 quidem
907 3468 1039 3541 habeat,
1062 3463 1096 3528 id
1117 3464 1246 3530 omnino
1268 3464 1423 3528 neminem

103 3577 264 3638 ,uuquam
297 3556 564 3639 suspicatururu.’'
613 3559 738 3623 Deinde
769 3559 912 3623 subiicit:
950 3561 1022 3634 „At
1052 3560 1144 3621 dares
1169 3560 1251 3620 hane
1277 3557 1340 3620 vim
1370 3558 1423 3620 M.
1436 3560 1466 3609 3⁰

103 3647 267 3724 „Crasso,
307 3664 342 3712 ut
371 3651 545 3734 digitorum
574 3652 782 3733 percussione
811 3655 904 3715 heres
932 3662 1044 3735 posset
1076 3651 1214 3733 scriptus
1243 3671 1332 3726 esse,
1370 3650 1426 3734 qui
1491 3701 1494 3707 ,

103 3763 241 3814 ,revera
264 3763 327 3806 non
352 3755 435 3806 esset
457 3744 568 3818 heres,
595 3745 624 3807 in
647 3745 746 3820 loro,
771 3745 845 3809 nrihi
868 3747 982 3821 crede,
1006 3743 1172 3807 saltaret.”

175 3889 199 3934 1.
221 3890 256 3934 lta
273 3891 335 3935 Cod.
355 3898 393 3948 et,
413 3899 438 3936 at
455 3895 565 3949 saperius
584 3899 618 3938 nt.
656 3891 681 3939 2.
702 3895 763 3939 Cal.
783 3894 818 3941 nd
834 3910 885 3940 res.
922 3895 1326 3953 Eruendatantsmegregisncres
1345 3895 1426 3944 uult.

242 3957 267 4004 3.
287 3961 349 4005 Cod.
370 3963 396 4006 in
413 3977 471 4022 qua.
510 3961 534 4007 1.
555 3962 616 4008 Cod.
641 3959 784 4022 Eufratem.
822 3962 847 4011 5.
869 3967 903 4009 lta
922 3966 983 4009 cod.
1009 3962 1121 4024 digitos5
1147 3970 1171 4007 at
1189 3965 1306 4008 editiones
1324 3962 1424 4025 digitis.

182 4062 230 4116 18.
251 4063 349 4115 Cicero
369 4060 402 4115 ad
423 4067 460 4132 Q.
480 4061 595 4134 iratrem
617 4064 654 4118 ll.
675 4070 701 4119 2.
719 4070 776 4119 ait:
804 4084 886 4136 quum
906 4070 1027 4117 esser-in
1044 4072 1146 4115 senatu
1165 4070 1323 4129 contentio,
1350 4065 1427 4119 Len-

104 4133 214 4185 tnlnsne
234 4152 273 4186 an
293 4139 440 4209 Pompeius
462 4138 606 4191 reduceret
626 4139 731 4213 (regem
753 4141 999 4207 Alexandrinum),
1019 4139 1143 4191 obtinere
1162 4157 1276 4191 cansam
1296 4139 1429 4193 Lentulus

104 4207 262 4263 videbatur.
307 4212 383 4281 Quid
408 4212 539 4282 littorum
568 4220 608 4266 sit
633 4217 783 4267 latrocinio
808 4217 1001 4280 tribunorum,
1031 4232 1087 4266 non
1112 4214 1219 4268 dirr'no.
1266 4214 1430 4269 Creditum

105 4290 186 4350 regis
204 4295 300 4354 aperte
316 4293 449 4356 pecunias
467 4288 646 4358 suppeditant
660 4299 761 4342 eontra
776 4289 931 4345 Lentrdrnn.
969 4289 1052 4361 Quod
1066 4305 1158 4343 autem
1172 4291 1271 4343 Cicero
1284 4295 1430 4343 avaritiam

106 4359 169 4410 heic
189 4365 341 4447 vituperat,
372 4363 496 4437 intellige
522 4370 688 4418 sententiam
716 4364 843 4432 illorum,
874 4371 920 4438 qul
942 4368 1095 4439 Aegyptum
1115 4381 1172 4417 non
1191 4369 1248 4437 regi
1269 4369 1431 4433 restituere,

106 4433 154 4487 sed
175 4438 204 4486 ln
226 4442 395 4508 provinciam
417 4441 568 4492 itomanam
591 4441 711 4512 redigere
731 4441 894 4494 suadebant.

182 4513 228 4562 22.
248 4509 351 4564 Conier
372 4514 549 4567 Plutarchum
571 4519 599 4568 in
621 4517 740 4582 Crasso,
758 4515 877 4569 Dionem
891 4516 939 4569 lib.
957 4517 1017 4571 XL.
1039 4520 1081 4573 12.
1102 4530 1129 4567 et
1150 4532 1209 4586 sqq.
1247 4514 1282 4567 Et
1301 4515 1430 4569 Crassum

106 4582 219 4653 quidem
240 4585 274 4638 de
293 4602 374 4639 cansa
396 4591 546 4643 Prolernact
566 4590 667 4644 dixisse
689 4597 716 4645 ln
737 4607 837 4646 senatu
856 4595 1040 4660 sententiam,
1071 4604 1147 4664 patet
1173 4590 1367 4648 cx.Cicerone
1396 4589 1430 4644 ad

108 4658 205 4711 Farrrll.
228 4660 250 4712 l.
272 4670 316 4717 l.:
343 4665 463 4717 Crassus
481 4673 541 4718 tres
558 4667 671 4736 legatos
689 4667 827 4721 decernit.

182 4735 228 4791 26.
248 4736 316 4809 esp.
341 4740 420 4794 xlx.
