3232 5280
1399 232 1436 273 11

123 357 219 424 sante
242 346 334 414 cuins
354 348 520 414 lectionem
542 371 559 413 a
580 349 720 417 Dsncsin
742 361 773 416 et
794 349 923 415 Budaco
945 347 1128 415 coniectura
1150 351 1356 426 emendatam,
1380 352 1436 413 sed

123 453 232 505 tamen
255 446 434 508 adnotatam
454 447 597 527 adparet.
641 447 690 508 Nc
711 445 787 506 illud
812 445 935 528 quidctn
959 455 1077 507 certum
1103 442 1174 504 mihi
1200 457 1266 519 est,
1290 442 1435 506 babuisse

125 535 203 599 illos
228 539 415 620 apographa
444 538 629 622 Poggiana,
663 538 722 602 etsi
748 561 810 602 uon
833 558 965 620 prorsus
988 558 1118 621 negem3
1154 538 1282 601 Budnet‘
1303 537 1381 597 enim
1404 547 1437 598 et

127 626 271 692 Dmtesti
289 641 426 694 veterem
447 630 599 697 codicem
620 629 899 710 commemorari‘i)
938 629 1036 693 nihilo
1064 629 1164 692 minus
1185 630 1225 689 ab
1250 630 1435 693 Hotomano

127 718 295 800 potuisse,
320 741 395 783 mox
410 722 589 803 adparebit.
634 723 749 796 Certe,
773 736 807 786 ιιι
829 723 915 799 dixi,
940 723 1087 806 graviora
1110 744 1128 785 e
1151 723 1243 784 codd.
1263 742 1326 784 non
1350 732 1435 784 sunt.

127 811 265 876 stetisse
286 824 388 876 autem
412 813 493 877 intra
515 816 667 879 Vct-rinae
692 837 820 897 operam
846 816 964 879 Budaei
985 827 1018 879 et
1042 813 1188 888 Danesii,
1212 825 1277 877 tum
1298 815 1436 879 Manutii

128 905 312 985 rerba⁰⁰)‚
335 918 399 969 tum
414 906 445 969 id
459 911 649 990 persuadet,
669 912 755 992 quod
775 909 806 972 in
822 921 996 971 ceterarum
1014 910 1191 974 orationum
1207 908 1436 971 commentariis

128 999 335 1063 Hotomanus
355 1021 508 1084 nusquam
531 1013 585 1064 atti
600 1002 716 1065 Bttdaei
731 1016 782 1064 aut
796 1002 923 1066 Daneeii
938 1004 1010 1065 cod.
1028 1001 1296 1065 commemoravit.
1329 1001 1436 1082 Quae·

130 1093 200 1153 dam
225 1113 267 1156 ex
288 1093 336 1156 bis
361 1105 465 1169 recte,
488 1094 547 1158 alia
570 1116 662 1159 accus
676 1107 808 1170 scutata,
832 1097 1000 1179 quaedam,
1024 1106 1058 1158 ιιι
1072 1094 1206 1175 opinor,
1229 1115 1291 1157 nott
1306 1093 1337 1157 in
1352 1093 1436 1157 uotis

129 1198 398 1262 commemorata,
432 1186 490 1250 etsi
511 1187 589 1251 hacc
614 1187 647 1250 in
674 1187 810 1251 Mantttii
835 1188 969 1253 editione
995 1187 1180 1269 dignoscere
1208 1186 1322 1262 abiis,
1355 1205 1436 1269 quae

130 1276 271 1343 lortame
293 1279 457 1344 Manutius
478 1280 545 1362 ipsc
569 1279 715 1358 mutavit,
739 1301 803 1343 non
826 1301 966 1362 possum.
1009 1280 1083 1344 Uno
1107 1278 1229 1360 quidem
1251 1279 1326 1342 loco
1340 1277 1435 1340 muita

130 1371 293 1437 Danesius
314 1376 353 1438 de
373 1395 432 1438 auo
453 1373 715 1457 interpolavit(¹).
759 1376 820 1438 Sed
848 1375 924 1435 haec
944 1383 975 1435 ct
1000 1370 1119 1433 minora
1147 1380 1274 1435 suntet
1299 1372 1337 1433 ad
1367 1390 1435 1434 eam

130 1476 255 1549 partem
280 1477 419 1549 spectant
440 1466 754 1542 commentariorum,
785 1486 876 1551 quam
901 1485 966 1528 non
996 1464 1100 1548 magni
1128 1463 1299 1527 laciendum
1324 1476 1435 1545 postea

132 1563 349 1624 ostendemus.
392 1560 544 1625 Proxima
567 1572 614 1624 est
635 1559 731 1624 editio
754 1560 795 1624 P.
816 1556 1194 1622 Manutichnet.1547.
1218 1557 1270 1619 12.
1280 1556 1350 1636 est)
1366 1579 1435 1619 cum
1495 1568 1499 1577 “

133 1652 201 1716 eitts
231 1653 383 1728 scholiis,
413 1652 501 1717 cuius
530 1654 673 1717 editionis
702 1651 866 1736 sigonium
887 1650 1071 1734 participem
1104 1649 1180 1713 facit
1209 1649 1434 1726 liniamentis,

130 1757 300 1809 recnunte
328 1746 400 1826 ipso
429 1744 582 1830 sigonio,
618 1744 669 1808 cui
699 1746 777 1809 lidos
804 1740 944 1808 habenda
975 1766 1044 1808 csse
1075 1742 1257 1823 videtttrii).
1312 1744 1436 1807 Vellem

130 1839 212 1901 batto
233 1839 405 1903 editionem
426 1859 489 1902 nnn
512 1839 741 1920 reprehendere
761 1860 907 1922 posscm;
931 1837 1035 1922 magni
1053 1836 1253 1912 miniario,
1278 1857 1315 1899 ac
1330 1836 1437 1918 potius

129 1952 201 1996 amo
224 1933 426 2006 Manutium3
449 1934 521 2008 scd,
545 1932 690 2016 quoniam
716 1944 823 2015 aperte
848 1931 1009 1995 dicendum
1039 1943 1105 2005 est,
1137 1930 1233 1993 multo
1261 1929 1312 1992 hic
1339 1929 1436 1992 iuter·

129 2025 274 2107 polatiot·
303 2036 351 2088 est
374 2025 507 2088 Asconii
530 2024 645 2099 lentio,
679 2047 772 2110 quam
796 2025 826 2087 in
854 2024 1072 2107 superioribus
1102 2023 1308 2099 editionibus,
1342 2025 1436 2086 etita

130 2118 339 2200 interpolata,
373 2131 408 2182 ut
440 2119 582 2182 incautos
614 2118 792 2181 necessario
823 2117 971 2198 decipiat.
1022 2117 1133 2199 Neque
1164 2116 1264 2179 solum
1293 2117 1372 2178 euim
1405 2115 1437 2178 itt

130 2212 347 2276 verrinarum
360 2211 592 2275 commentariis
614 2209 744 2274 Danesii
759 2209 954 2274 coniecturas
968 2220 1108 2273 secutum
1124 2228 1239 2271 essese
1254 2209 1435 2290 profitetur,

133 2307 242 2369 sedin
269 2307 386 2368 ceteris
411 2326 539 2389 quoque
560 2305 653 2368 tacite
678 2304 781 2388 aliqua
803 2316 957 2377 mutasse,
982 2324 1075 2387 quum
1101 2302 1233 2365 aliorum
1256 2303 1288 2364 itt
1308 2301 1436 2365 scholiis

133 2399 288 2461 rationem
316 2400 521 2476 redderet(³).
564 2400 677 2481 Neque
707 2398 785 2460 haec
815 2397 897 2460 levia
927 2408 1017 2470 sunt,
1052 2399 1106 2458 sed
1138 2415 1231 2476 saepe
1265 2394 1320 2471 iis,
1356 2415 1436 2477 quac

209 2535 249 2606 (¹)
270 2534 334 2604 Peg.
353 2533 398 2589 79.
417 2533 450 2584 ad
470 2533 530 2586 Lib.
551 2543 583 2598 t,
603 2533 647 2589 56.
668 2549 715 2584 sex
733 2549 824 2586 versus
844 2547 859 2584 a
878 2533 935 2584 Sed
950 2537 1092 2601 qttaeritttr
1111 2533 1144 2581 ad
1164 2535 1198 2582 ab
1210 2537 1321 2600 integro
1334 2550 1437 2582 nouam

137 2603 247 2680 effrem
266 2625 323 2660 nnn
343 2623 405 2660 sunt
426 2613 454 2660 in
467 2606 633 2660 editionibus
646 2606 846 2680 superioribus,
866 2606 984 2679 suppleti
998 2622 1013 2658 a
1027 2607 1162 2673 Danesio,
1183 2624 1211 2661 ut
1226 2609 1337 2661 Hotom.
1350 2622 1437 2680 putat,

137 2702 168 2737 ex
186 2688 304 2754 antiquo
327 2682 422 2735 codice
445 2687 579 2747 restituti,
599 2699 698 2754 utcgo
719 2680 988 2753 dico,e1iugenio.

212 2759 248 2826 (ί)
270 2757 384 2811 linbort.
405 2757 547 2812 adnotate.
567 2756 629 2810 Lib.
651 2759 673 2810 t.
694 2756 739 2815 dl.
759 2776 785 2829 p.
805 2761 851 2817 58.
873 2756 952 2810 Grut.
972 2756 1066 2829 Sigon.
1079 2753 1236 2808 Emendatt.
1258 2756 1281 2809 1.
1300 2771 1325 2808 c.
1348 2761 1389 2813 17.
1410 2774 1436 2827 p.

138 2838 199 2891 185.
219 2834 302 2887 Grur.
331 2832 414 2901 Quod
429 2837 517 2900 ipsum
536 2831 593 2906 (ute
611 2837 716 2884 socium
734 2833 862 2885 Manutin
881 2829 976 2900 fuisse)
995 2849 1055 2882 cnm
1075 2849 1123 2881 nec
1141 2831 1268 2881 Munatii
1275 2870 1283 2896 ,
1311 2849 1360 2881 nec
1379 2848 1437 2881 men

136 2912 256 2976 mergat
274 2912 433 2958 testimonio
448 2914 552 2978 possit,
571 2911 627 2958 nist
636 2905 721 2978 forte
740 2911 915 2959 coniecturas
932 2911 1024 2958 nescio
1043 2923 1111 2976 quas
1129 2905 1200 2956 duas
1219 2911 1305 2957 totius
1324 2907 1439 2957 Asconii

136 2982 342 3039 emendationes
357 2991 459 3053 pietat,
477 2982 548 3034 trade
565 2983 612 3034 illc
631 2988 782 3052 acceperit,
800 2987 902 3035 nescio.

210 3056 247 3122 (³)
268 3057 299 3109 ln
321 3054 405 3129 prael.
424 3056 552 3126 Reliqua,
581 3061 689 3127 inquit,
716 3065 783 3113 steni
801 3076 820 3109 a
837 3057 930 3120 nobis,
958 3057 1054 3128 qrtibns
1073 3055 1106 3107 dc
1130 3056 1250 3123 singulis
1268 3059 1437 3122 memine'sse,

136 3149 190 3184 aon
209 3137 270 3182 cites
286 3140 375 3200 esset,
404 3136 450 3204 qui
471 3133 506 3184 ab
526 3136 606 3184 inani
627 3137 812 3185 ostentatione
831 3133 955 3184 abesan:
982 3132 1102 3203 potacula
1121 3129 1254 3201 qttcedam
1272 3135 1302 3183 t'n
1327 3129 1439 3182 scholiis

136 3212 295 3272 attigimus.

210 3318 302 3391 *)1tr
332 3325 403 3371 miro
434 3336 540 3384 errore,
578 3318 711 3392 Madvigii
742 3319 883 3391 diligentia
911 3334 1021 3389 prorsus
1053 3318 1182 3390 indigno,
1211 3333 1271 3371 orta
1303 3334 1343 3371 est
1371 3320 1439 3370 hoec

140 3391 171 3445 de
189 3393 297 3444 Badaei
315 3410 341 3447 et
361 3395 480 3446 Danest'i
498 3397 636 3448 veter-idas
654 3399 793 3466 quaestio,
811 3398 856 3465 qui
879 3409 953 3446 extra
977 3393 1108 3464 Madvigii
1131 3408 1214 3464 caput
1233 3409 1364 3464 nusquam
1387 3410 1440 3445 ex-

139 3473 287 3534 stiterunt,
313 3486 400 3540 neque
424 3475 567 3541 quisquam
588 3488 633 3522 ens
659 3471 898 3522 commemoravit.
934 3467 1016 3537 Quod
1038 3469 1170 3522 iudicium
1194 3486 1227 3519 ne
1251 3473 1369 3531 severius
1394 3472 1440 3519 ti-

140 3543 251 3610 deatur,
278 3558 360 3596 unatn
389 3558 482 3596 earum
512 3548 660 3598 Hotomani
689 3548 913 3609 adnotationum,
944 3542 1042 3613 quibus
1066 3542 1186 3594 Dancsit'
1209 3552 1328 3594 veterent
1359 3547 1439 3595 citari

142 3617 257 3682 dicitnr,
277 3632 404 3671 amurate
428 3618 482 3672 buc
505 3617 708 3671 transscribam.
747 3619 851 3673 Omnes
864 3632 954 3670 antem
967 3617 1061 3670 eodem
1082 3616 1329 3670 modosebabcnt.
1368 3618 1439 3670 Nota

141 3698 223 3766 igitur
243 3693 278 3746 ad
298 3690 532 3766 plebescens
564 3693 678 3763 ,causa
696 3711 785 3762 gentas
802 3697 866 3761 esi.]
893 3696 1015 3748 Danesii.
1053 3697 1152 3757 Vetus,
1178 3692 1284 3743 Causae
1308 3697 1440 3758 ingerunt

120 3771 208 3840 'quas
225 3775 297 3820 iuste
314 3767 501 3835 defensionem
520 3776 548 3820 ei
566 3773 635 3821 mire
655 3769 726 3822 etc.”
764 3768 812 3821 llis
832 3768 919 3820 verbis
944 3770 1112 3820 Hotomanus
1125 3765 1269 3819 manilesto
1284 3768 1352 3819 nihii
1366 3765 1439 3820 aliud

142 3844 262 3908 indicat,
286 3847 339 3896 nial
363 3842 509 3896 lectionem
531 3859 546 3894 a
569 3859 597 3895 se
620 3859 757 3915 receptam
779 3844 904 3895 Dancsin
926 3840 1034 3904 deberi3
1059 3851 1181 3894 veterem
1201 3856 1309 3906 autent,
1334 3841 1440 3906 idest,

142 3936 171 3972 nt
189 3938 222 3971 es
241 3918 305 3971 aliis
329 3923 413 3970 etiarn
432 3917 501 3971 locis
523 3934 651 3989 apparet,
671 3918 817 3979 Aldinom,
838 3923 879 3971 tic
898 3915 1010 3971 babere:
1037 3917 1144 3970 Causae
1163 3921 1295 3985 ingerunt
1313 3933 1366 3970 cet.

214 3991 260 4057 ⁰⁹)
282 3993 401 4047 Manutii
414 3994 492 4046 verba
502 3990 643 4046 dumtaxat
654 3991 687 4045 ad
697 3994 849 4045 Danesinm
858 3996 1007 4066 pertinent;
1021 4007 1089 4062 quae
1102 3990 1223 4061 singulae
1237 3992 1440 4045 emendationes

140 4068 250 4120 Badaeo
269 4067 433 4133 debeantur,
453 4073 518 4121 sciri
539 4073 652 4120 omnino
673 4086 727 4121 non
749 4083 856 4139 potest,
877 4083 959 4137 quutu
973 4067 1110 4119 Lodoicns
1131 4069 1158 4119 id
1179 4067 1300 4119 indicare
1314 4066 1441 4120 nolucrit.

211 4146 274 4211 ***)
293 4141 411 4198 Exstant
436 4160 489 4196 tres
512 4145 590 4196 Pauli
614 4144 733 4196 Manutii
753 4142 904 4207 editiones,
932 4158 956 4195 a.
978 4145 1068 4205 1547.
1088 4145 1114 4198 8.
1141 4147 1208 4205 (ιιοιι
1230 4147 1286 4207 tt.)
1306 4146 1393 4206 1555,
1415 4149 1441 4201 8.

140 4221 274 4283 «1563.
294 4225 340 4283 8..
360 4234 473 4290 quarum
496 4217 566 4270 duae
590 4223 709 4289 priores,
735 4233 765 4271 ut
785 4222 944 4289 paginarum
971 4233 1085 4269 numero
1107 4232 1182 4288 pares
1204 4232 1267 4269 sunt
1302 4216 1360 4268 vide
1379 4221 1442 4270 An-

140 4291 212 4345 nales
231 4291 265 4344 de
285 4293 474 4366 l'imprimerie
494 4290 541 4344 des
561 4292 646 4359 aide,
667 4308 715 4367 par
737 4291 878 4346 Renouard
897 4292 931 4345 T.
955 4294 976 4343 l.
996 4311 1022 4365 p.
1045 4292 1109 4349 iii.
1130 4306 1156 4343 et
1177 4309 1204 4362 p.
1228 4295 1291 4350 376.
1312 4330 1320 4354 ‚
1350 4296 1388 4344 ita
1415 4307 1442 4345 et

141 4368 244 4420 easdem
264 4368 397 4421 lectiones
415 4385 440 4420 et
466 4366 656 4421 adnotationes
680 4372 821 4422 continere
840 4366 979 4424 videntum
1010 4381 1146 4438 postrema
1170 4382 1250 4427 tero,
1283 4381 1363 4432 quam
1384 4372 1441 4438 ipse

139 4447 268 4506 tractavi,
288 4443 458 4496 emendatior
477 4459 527 4495 est.
548 4444 688 4497 Praeterea
710 4448 803 4495 insunt
817 4445 852 4511 Q.
866 4446 977 4496 Asconii
992 4440 1104 4495 Pediani
1124 4445 1332 4502 commentarii,
1354 4459 1439 4509 „cnut

141 4518 355 4570 correctionibus
376 4518 452 4571 Pauli
474 4521 592 4571 Manutii
612 4536 696 4591 prope
716 4515 961 4571 innumerabilibus
970 4515 996 4579 ,'’
1023 4519 1051 4568 in
1072 4515 1233 4567 collectione
1254 4521 1387 4567 variarum
1408 4517 1442 4568 ad

141 4591 280 4645 Ciceronis
300 4599 438 4645 orationes
458 4592 696 4658 lucubrationum,
717 4595 854 4657 Veneriis,
875 4588 946 4662 apud
960 4589 1017 4644 Aidi
1038 4589 1123 4651 lilios,
1147 4589 1225 4647 1547.
1245 4588 1293 4643 lol.
1313 4606 1339 4641 et
1361 4594 1443 4648 1552.

141 4665 190 4717 iol.
208 4695 245 4709 -·
264 4669 362 4720 Beiero
381 4668 415 4718 ad
435 4669 504 4721 Maii
526 4666 638 4737 praelat.
658 4669 704 4721 alt.
724 4672 753 4720 iu
773 4666 833 4720 cte.
854 4682 935 4718 nratt.
948 4683 975 4736 p.
988 4666 1124 4719 xxxiii.
1139 4680 1265 4734 quattuor
1281 4665 1309 4716 P.
1323 4666 1443 4720 Manutii

143 4745 275 4798 editiones
294 4748 467 4796 enumeranti
486 4747 657 4816 primamque
677 4740 711 4796 ad
730 4757 832 4796 anuum
851 4744 933 4801 1545.
952 4738 1079 4793 relerenti
1099 4738 1178 4792 fidem
1200 4737 1310 4812 denego.
