3210 5280
228 240 288 303 uo
662 188 1115 296 rsruuo-nscouws'

225 380 285 443 luit
310 390 342 441 et
363 399 424 460 pro
440 387 639 460 ‘quiaestorm
668 370 824 436 Malleolo
850 375 993 440 mortuo,
1019 359 1217 442 eiusdemque
1242 353 1274 417 iu
1294 351 1429 430 iudicio,
1461 374 1533 416 cum

226 485 444 541 accusaretur,
472 471 620 552 proditor
640 466 712 529 suit.
1419 538 1427 552 ι
1496 539 1503 552 ο

305 570 343 631 ln
365 565 526 629 invidiam
548 565 616 623 suis
636 555 815 628 maleficiis
837 548 994 631 adduxit]
1039 549 1177 628 Propter
1192 559 1247 604 sua
1265 538 1401 615 scelera,
1417 549 1530 623 inqiut,

227 681 296 721 cum
319 658 394 719 l'ecit
416 653 603 716 invidiosum
626 672 712 714 reum
738 684 1134 709 ............

202 764 217 810 s
305 747 522 829 Oppugnavit
550 753 582 806 et
607 736 768 823 prodidit]
813 739 908 801 Peius
941 748 987 799 est
1018 733 1156 818 prodere
1189 748 1281 814 quam
1312 747 1532 811 oppugnare,

227 853 396 923 propterea
435 836 518 918 quod
552 854 751 915 oppugnare
777 830 894 894 inimici
927 840 959 891 et
990 828 1090 892 hostis
1122 825 1255 890 officium
1290 832 1355 893 est,
1392 817 1532 896 prodere

229 933 374 1020 gravius,
399 952 468 990 cum
491 931 529 991 ad
550 950 624 1001 eos,
648 927 701 1011 qui
724 924 813 988 amici
836 942 903 984 esse
925 923 1057 995 debent,
1083 921 1237 981 rel'eratur
1257 915 1321 976 hoc
1343 911 1487 973 verbum.

313 1029 356 1104 (§.
381 1025 448 1101 tt.)
471 1025 570 1088 Cuius
590 1030 753 1101 praetura
776 1015 905 1078 urbana
928 1015 1061 1078 aedium
1081 1005 1271 1089 sacrarum]
1322 1003 1532 1085 Quemadmo-

229 1123 300 1183 dum
324 1118 375 1181 bic
396 1118 488 1188 dicit,
512 1115 558 1177 sic
579 1111 677 1174 divisa
700 1117 771 1170 suut
794 1106 920 1167 crimina
944 1107 1034 1167 huuu
1056 1115 1222 1186 praeturae
1240 1102 1397 1171 urbanae,
1414 1095 1532 1158 scilicet

188 1214 303 1277 ¹⁰iuris
326 1211 450 1272 dicundi
472 1219 692 1286 raetorumque
713 1211 880 1262 tectorum.

315 1305 438 1366 Contra
458 1302 606 1363 omnium
628 1290 794 1373 instituta]
839 1291 1047 1366 Praetorem,
1078 1289 1109 1352 in
1138 1285 1271 1351 decretis
1299 1281 1532 1366 interponendis

229 1393 492 1475 diiudicandisque
514 1388 628 1452 causis.

305 1486 359 1547 lta
392 1485 523 1547 vexavit
550 1499 594 1542 ac
622 1476 778 1560 perdidit]
836 1472 990 1536 Nimirum
1025 1481 1155 1539 vexavit
1186 1469 1319 1557 ingentis
1350 1468 1533 1530 calamitatis

228 1596 318 1636 usum
340 1573 507 1655 significat.
551 1572 631 1633 Nam
654 1581 684 1632 et
700 1568 764 1651 ipse
780 1589 874 1649 supra
897 1569 942 1629 sic
957 1568 1017 1629 ait:
1041 1567 1232 1648 Populator
1239 1611 1250 1647 ,
1271 1571 1432 1637 vexatae,
1443 1559 1535 1641 sun·

189 1667 317 1729 reditus
337 1683 468 1730 euersae
486 1666 691 1742 provinciae.
732 1661 907 1744 Virgilius:

387 1753 535 1816 Candida
555 1757 767 1817 succinctam
787 1751 988 1815 latrantibus
1010 1753 1153 1834 inguina
1173 1747 1326 1812 monstris

387 1842 565 1906 Dulichias
588 1864 761 1908 vexasse
781 1852 881 1906 rates.

314 1937 358 2010 (§.
383 1933 450 2009 13.)
472 1935 524 1997 Ex
544 1945 722 1997 aratorum
748 1930 855 2011 bonis]
910 1930 1065 1993 Aratores
1096 1926 1245 1990 frumenti
1277 1919 1428 1986 decimam
1460 1924 1534 1983 dare

229 2025 352 2108 populo
373 2025 519 2089 Romano
543 2027 658 2087 solent.
702 2023 773 2086 Hos
795 2043 856 2086 non
884 2043 943 2085 rina
968 2036 1062 2105 atque
1084 2022 1201 2099 altera,
1226 2025 1280 2083 sed
1301 2021 1401 2082 tribus
1423 2014 1533 2095 amplis

188 2117 356 2190 undecimis
378 2139 436 2200 per
457 2118 615 2200 mancipes
630 2139 648 2180 a
663 2138 696 2179 se
713 2119 922 2193 subornatos,
946 2115 1056 2191 idest,
1080 2114 1283 2198 publicanos,
1306 2110 1360 2196 qui
1374 2105 1533 2173 decumani

230 2223 404 2285 vocantur,
429 2213 551 2274 Verres
572 2211 727 2273 exhausit.

308 2303 406 2365 Socii
418 2301 614 2379 fidelissimi
633 2306 665 2365 in
688 2303 832 2365 hostium
858 2320 997 2364 numero
1027 2301 1224 2380 existimati]
1268 2301 1330 2362 Hic
1358 2299 1448 2362 locus
1472 2293 1535 2357 cri·

173 2389 311 2473 [alanino
333 2394 472 2455 continet
493 2393 523 2456 in
546 2414 582 2456 ea
604 2392 766 2467 oratioue,
791 2412 870 2474 quae
892 2390 1073 2453 inscribitur
1094 2391 1139 2455 De
1162 2393 1348 2472 suppliciis.

314 2487 464 2552 Absentes
484 2492 536 2552 rei
544 2485 656 2568 sacti]
690 2486 734 2549 Ut
755 2485 902 2553 &henius
924 2495 956 2548 et
980 2483 1160 2547 Heraclius.

187 2595 220 2644 es
316 2584 360 2654 (§.
385 2578 452 2654 tlt.)
474 2577 599 2639 Partim
619 2598 738 2659 regum
759 2573 1118 2657 locupletissimorum]
1142 2577 1330 2659 Agathoclis
1346 2589 1400 2640 aut
1415 2573 1535 2639 Hiero-

232 2669 298 2746 nis,
323 2668 446 2731 Siciliae
468 2689 593 2750 regum.

310 2760 344 2823 N
346 2772 513 2825 astrorum
534 2757 788 2841 imperatorum]
838 2757 996 2840 Scipionis
1017 2770 1049 2820 ct
1070 2759 1235 2822 Marcelli.
1277 2762 1375 2826 Dedit
1396 2756 1537 2822 Marcel·

232 2851 299 2927 lus,
322 2850 465 2914 reddidit
488 2871 528 2912 ea
550 2852 662 2913 Anna
684 2849 803 2933 Scipio.

128 2942 132 2949 '
322 2942 361 3003 ln
384 2945 507 3021 stupris
533 2963 607 3006 vcro
629 2952 660 3007 et
676 2942 841 3025 flagitiis]
883 2941 934 3005 De
957 2942 1136 3007 Cleomenis
1160 2966 1260 3008 uxore
1282 2943 1370 3009 dicit.

324 3144 349 3200 5.
369 3143 490 3208 seelera,
510 3145 616 3211 inquit,
635 3160 696 3194 eum
707 3143 787 3214 jecit
804 3144 983 3212 invidiosum]
1010 3148 1057 3199 Sic
1076 3151 1181 3218 scripsi.
1200 3176 1238 3189 —
1255 3149 1359 3200 scelera
1377 3152 1407 3198 in
1419 3153 1539 3217 quietum
1591 3196 1595 3206 ,

226 3211 305 3286 fecit
323 3215 477 3266 invidiosus
496 3216 587 3270 Priuc.
609 3246 645 3260 -
664 3219 770 3269 seekra
789 3224 937 3290 inquietum
949 3222 1029 3290 jecit
1047 3221 1265 3290 invidiosumque
1290 3222 1397 3276 Beraltl.
1418 3223 1484 3274 Lod.
1508 3250 1536 3261 -

231 3290 337 3340 scelera
357 3295 509 3360 inquietum
519 3291 599 3359 feeit
618 3287 637 3324 ’i
654 3292 809 3346 invidiosae
827 3294 886 3348 atu.
901 3324 933 3337 -
948 3296 1072 3361 seelera,
1091 3301 1196 3366 inquit,
1215 3306 1274 3348 tum
1278 3298 1358 3366 jecit
1374 3296 1540 3348 invidiosum

232 3364 319 3436 Lugd.
339 3364 402 3417 Ηοι.
423 3365 500 3418 Mau.
521 3365 602 3418 Creu.

325 3442 352 3495 te.
371 3438 459 3509 reram]
500 3440 655 3507 Lacunam,
687 3458 756 3513 quae
776 3458 837 3514 post
856 3441 911 3495 hoc
930 3442 1093 3496 vocabulum
1113 3462 1155 3499 eet
1170 3451 1198 3498 tn
1214 3447 1322 3513 Petne„
1340 3463 1434 3499 omues
1449 3445 1541 3516 negle-

232 3527 329 3566 xerunt
349 3529 456 3586 praeter
476 3513 593 3578 Aldum,
614 3515 685 3586 apud
705 3535 784 3588 quern
805 3518 919 3590 legitur:
939 3536 1040 3572 renam.
1061 3522 1098 3569 *.

328 3591 353 3643 5.
374 3606 434 3658 opp.
454 3596 482 3638 et
498 3589 593 3659 prod]
621 3608 682 3660 opp.
702 3611 735 3644 ae
750 3592 833 3663 prod.
853 3593 930 3646 editt.
950 3594 1103 3646 Ciceronis.

309 3661 378 3715 lbid.
399 3668 479 3717 Peius
497 3672 538 3715 est
554 3664 688 3737 prodere]
721 3668 768 3721 Sic
787 3671 894 3740 scripsi.
919 3695 951 3710 -
974 3675 1106 3740 peiusque
1121 3669 1241 3740 prodere
1262 3669 1352 3723 Priuc.
1370 3664 1479 3722 Berald.
1507 3691 1541 3708 -

229 3740 309 3809 peius
323 3737 442 3807 prodere
461 3743 556 3793 ceteri.

327 3809 533 3884 7.,referatnr]
566 3811 693 3883 refertur
720 3815 812 3869 Princ.
838 3814 901 3870 Ald.

309 3892 354 3943 10.
371 3891 575 3958 aureorumque]
607 3898 813 3961 curatorumque
842 3893 935 3944 Princ.

310 3972 351 4018 11.
373 3963 478 4014 Contra
497 3969 617 4014 omnium
636 3968 776 4018 instituta.
815 3965 991 4033 Praetorem]
1025 3967 1120 4020 Priuc.
1153 3995 1188 4008 -
1214 3973 1313 4018 contra
1332 3969 1452 4016 omnium
1473 3969 1539 4014 inu-

233 4039 337 4099 sitata,
355 4054 435 4105 priam
457 4038 605 4089 Praetores
624 4041 723 4090 aeriani
741 4048 808 4091 uate
825 4057 854 4090 se
871 4038 1019 4109 fecerunt,
1039 4050 1105 4092 suat
1124 4050 1216 4092 erstem
1229 4045 1358 4091 instituto
1375 4041 1540 4090 Praetorem

232 4109 339 4163 Berold.
362 4139 390 4150 κ·
414 4111 521 4162 Contra
540 4119 659 4164 omnium
678 4118 823 4182 instituta]
852 4121 898 4185 qui
913 4125 1060 4186 praetores
1078 4118 1178 4166 urbani
1196 4124 1261 4166 ante
1279 4133 1308 4166 ee
1319 4116 1452 4185 fuerunt.
1471 4122 1537 4164 siuet

232 4195 324 4235 autem
343 4189 475 4236 instituta
491 4198 654 4257 praetorum
676 4188 734 4242 tlt.
756 4207 784 4242 et
803 4207 877 4260 seqq·
1381 4220 1385 4229 ·

307 4266 350 4316 15.
371 4260 416 4311 Ita
439 4265 568 4329 vexavit]
589 4270 632 4314 ita
650 4270 795 4330 vastavit,
815 4270 934 4316 vexavit
953 4263 1094 4335 Zumpilae
1116 4281 1178 4316 cum
1199 4264 1259 4315 aliie
1280 4261 1441 4332 quibusdam
1460 4261 1541 4315 editt.

232 4334 384 4387 Ciceronis.
901 4343 944 4397 13.
961 4341 1096 4410 perdidit]
1121 4339 1247 4408 prodidit
1267 4339 1357 4394 l’riuo.

307 4414 349 4464 15.
371 4409 521 4478 Virgilius]
542 4411 597 4463 Ecl.
618 4412 666 4465 Vl.
688 4418 732 4470 75.
753 4430 793 4484 eq.
896 4421 942 4471 20.
962 4413 993 4465 td
1010 4418 1063 4482 est]
1084 4414 1155 4466 ideae
1176 4419 1268 4469 l’riac.

308 4488 352 4541 25.
372 4490 494 4536 continet
513 4489 553 4553 in]
574 4492 682 4538 contine
715 4494 845 4552 exposita
864 4492 894 4539 in
913 4489 978 4542 llot.
998 4490 1079 4541 Creu.
1103 4507 1122 4524 ⁸
1164 4500 1166 4505 '

307 4564 350 4613 2¹⁴.
370 4558 510 4626 Sthenius]
534 4560 616 4632 lugd.
636 4561 700 4615 tto.
721 4563 796 4614 Man.
818 4564 900 4619 Creu.
919 4593 956 4607 —
975 4564 1087 4616 Stenius
1105 4567 1282 4635 antiquiores.

308 4637 351 4689 95.
373 4632 555 4704 Agathoclis]
581 4638 722 4701 agatociir
741 4640 832 4691 Priuc.

231 4740 289 4833 Lod
307 4710 352 4759 2⁷.
373 4707 458 4761 Dedit
477 4711 640 4778 Marcellus]
668 4712 716 4766 llis
739 4713 839 4765 lemma
862 4717 1019 4786 praeppsuit
1046 4716 1105 4765 Aut
1126 4711 1275 4777 dederunt,
1291 4719 1341 4762 aiat
1357 4708 1542 4760 reddiderunt
