3210 5280
81 2457 93 2489 ‘i

218 215 280 278 ae
648 189 1089 286 eserico-ascolus

299 357 479 421 ianitorem
501 356 681 439 quendam]
724 360 905 424 ianitorem
926 379 996 420 cum
1022 357 1170 433 dixisset,
1194 357 1312 422 addidit
1334 359 1527 444 nendum,

216 458 251 508 ut
272 451 451 510 ostenderet
472 470 534 509 non
558 450 780 530 appellativum
803 472 917 517 stamen
939 472 1028 528 esse,
1056 453 1113 514 sed
1133 450 1313 534 proprium.

302 541 453 621 Videant]
497 541 530 604 Si
551 538 582 603 in
605 554 827 625 promptu-est
849 565 932 607 res„
992 539 1014 622 J

301 635 509 718 investigent]
540 624 655 714 'Quam
677 658 741 699 nou
764 637 905 710 videant,
936 648 968 699 et
990 636 1062 699 ideo
1085 635 1243 716 posterius
1265 635 1417 718 positum.

196 743 210 790 t
302 731 346 805 (§.
369 728 438 803 bb.)
459 726 577 791 Homo
590 728 717 809 saetas
738 729 786 791 ad
804 728 902 791 istius
920 727 1085 810 libidines]
1116 729 1167 792 ΙῙη
1190 732 1347 792 nascendo
1370 751 1442 791 sors
1465 739 1525 802 est,

216 820 247 884 in
276 819 421 882 faciendo
444 818 606 881 industria.
651 820 738 881 Bene
753 840 832 902 ergo
850 840 911 882 non
926 831 1064 895 natum,
1088 823 1145 884 sed
1157 821 1313 902 sactum.
1337 823 1361 896 †
1385 833 1528 883 naturam

217 913 297 977 dixit
318 915 549 994 perductorum
568 912 704 994 lingeret
727 914 844 986 Verri,
869 934 931 973 uon
954 915 1128 976 ducendum
1150 925 1260 995 postea
1282 925 1484 995 procrearet.

300 1010 344 1083 (§.
368 1007 435 1084 ⁶5.)
459 1007 539 1069 Cum
567 1027 650 1069 suae
671 1015 783 1086 partes
803 1003 920 1086 essent]
978 1007 1016 1068 ld
1033 1018 1114 1092 gest,
1150 1006 1331 1071 vicissitudo
1367 1019 1525 1089 tangeret.

218 1098 316 1162 Simul
340 1099 419 1161 enim
448 1100 611 1160 ostendere
635 1099 719 1170 vult,
745 1117 802 1157 nec
824 1096 1053 1177 suscipiendum
1075 1099 1136 1160 sibi
1158 1103 1227 1161 e'sse
1250 1119 1333 1161 nime
1353 1098 1526 1180 hospitem,

177 1203 250 1261 raet
274 1191 519 1272 carn'suscipiat
548 1190 736 1271 condignum
760 1191 865 1252 solere
883 1191 1065 1272 suscipere.

301 1285 376 1368 Una
397 1283 597 1366 cupiditate]
642 1286 735 1362 Una,
758 1283 810 1344 vel
830 1284 1018 1365 praecipua,
1041 1283 1094 1347 vel
1116 1305 1193 1349 rere
1215 1305 1296 1361 una,
1319 1296 1412 1348 extra
1433 1307 1527 1370 quaus

217 1400 281 1442 uon
303 1378 388 1456 iure,
414 1397 475 1440 uon
502 1397 608 1451 more,
633 1397 696 1438 non
718 1375 883 1454 honestate
906 1389 1100 1441 asereretur.

302 1471 489 1552 insenum]
524 1472 584 1532 *tte
606 1467 762 1532 Rubrium
784 1479 960 1549 pateretur.

301 1555 510 1640 Laborabot]
554 1560 659 1637 Bene,
683 1561 753 1644 quia
774 1561 891 1632 inritus
913 1573 1095 1644 susceperat
1115 1559 1271 1642 hospitem
1293 1583 1328 1625 se
1349 1561 1528 1647 indignam.

177 1671 208 1720 tt
302 1658 347 1733 (§.
371 1656 439 1734 66.)
463 1655 554 1736 Quid
572 1677 657 1737 opus
677 1655 772 1734 esset]
815 1655 858 1718 Ut
883 1653 1004 1717 tnulieri
1027 1653 1145 1716 seilicet
1171 1652 1219 1717 ris
1244 1654 1427 1717 afferretur.

303 1749 446 1828 [Graeco
468 1768 560 1811 ruore
581 1747 759 1825 biberetur]
803 1747 984 1810 Grandibus
1012 1745 1155 1828 inquiunt
1183 1747 1307 1828 poculis
1335 1759 1366 1808 et
1395 1745 1529 1809 meracis

218 1840 419 1924 potionibus,
452 1839 505 1922 qui
529 1859 593 1901 non
618 1838 796 1921 intelligunt
817 1838 897 1901 dicta
924 1838 1108 1912 Ciceronis,
1132 1849 1163 1900 et
1184 1840 1248 1904 hoc
1269 1850 1378 1920 patant
1402 1841 1531 1907 Graeco?

215 1922 309 1996 'more
331 1944 458 2015 potare.
502 1932 562 1994 Est
585 1943 685 1993 antem
703 1933 845 1993 Graecus
860 1952 948 2006 mos,
973 1942 1008 1992 ut
1028 1930 1141 1994 Graeci
1161 1929 1288 2006 dicunt,
1310 1927 1425 2007 ferun
1440 1951 1528 1995 roera

219 2025 340 2106 cyathis
362 2026 510 2088 saltantes
532 2023 646 2087 civium
668 2023 800 2087 libantes
825 2025 927 2106 primo
951 2026 1048 2098 deos,
1082 2022 1193 2086 deinde
1221 2022 1338 2088 amieos
1368 2045 1446 2089 suos
1469 2044 1530 2087 no·

176 2117 382 2192 nominantes.
427 2119 508 2182 Nam
530 2119 647 2182 totiens
668 2137 788 2180 merum
816 2108 945 2195 bibunt,
969 2116 1114 2203 quotiens
1136 2128 1167 2181 et
1187 2120 1263 2181 deos
1286 2128 1317 2181 et
1339 2136 1432 2180 caros
1452 2135 1529 2180 suos

168 2244 169 2249 ¹
218 2210 398 2276 nominatim
421 2224 547 2278 vocant.

302 2306 445 2368 Poscant
468 2304 668 2386 maioribus]
711 2303 789 2366 Sunt
811 2303 864 2389 qui
885 2276 1040 2386 producta
1064 2305 1094 2370 0
1115 2303 1204 2366 litera
1226 2313 1373 2384 poseant
1396 2301 1526 2385 legunt,

313 2518 396 2580 5-4.
416 2521 452 2573 tu
471 2536 563 2573 sersus
588 2524 713 2594 proximo
737 2520 845 2573 scholio
872 2525 1018 2594 postpositi
1045 2535 1108 2575 snut
1134 2525 1163 2573 in
1183 2522 1275 2575 Prior.
1296 2521 1356 2574 Ber.
1376 2518 1440 2573 Atd.
1459 2516 1531 2573 Lot.

312 2598 340 2653 5.
360 2603 403 2646 est
421 2597 478 2663 res]
499 2591 592 2650 Prlac.
613 2593 721 2649 Beratd.
742 2595 803 2649 eid.
825 2596 894 2650 Lod.
912 2625 948 2639 -
966 2614 1012 2647 res
1029 2604 1072 2647 est
1090 2597 1175 2669 Lagd.
1196 2597 1260 2649 Hor.
1281 2597 1358 2650 Mun.
1378 2595 1461 2648 Creo.

310 2669 338 2725 lt.
357 2679 385 2721 et
404 2668 464 2720 ideo
481 2673 567 2739 post]
588 2668 657 2722 Lod.
679 2685 706 2722 et
726 2686 800 2741 seqq.
820 2698 856 2713 -·
874 2680 904 2722 et
920 2670 983 2722 ideo
1001 2675 1030 2722 in
1047 2678 1120 2736 post.
1142 2675 1257 2742 priores.

312 2746 340 2802 6.
359 2761 423 2795 sors
440 2752 498 2808 est,
516 2749 546 2795 s'n
557 2743 625 2815 fac.
644 2744 796 2813 industria]
827 2743 913 2817 Lugd.
934 2745 1000 2798 blot.
1019 2744 1098 2798 Man.
1117 2745 1199 2800 Creo.
1217 2774 1256 2787 -
1272 2750 1393 2808 sortem,
1419 2747 1449 2795 in
1460 2739 1531 2814 soc.

220 2819 387 2871 industriam
427 2823 521 2872 riores.
1525 2832 1530 2838 '

296 2893 367 2948 lbid.
405 2896 512 2962 actum]
549 2892 636 2966 Lupd.
663 2895 729 2948 liat.
757 2893 836 2947 Man.
858 2893 940 2947 Creo.
962 2920 999 2937 ·-
1021 2901 1133 2946 tantam
1159 2895 1250 2948 Ptine.
1275 2889 1337 2947 Ald.
1362 2918 1399 2934 -
1418 2898 1530 2965 tantum

220 2967 327 3023 Bersld.
349 2966 427 3021 Lod..

313 3049 339 3100 7.
358 3043 503 3095 Naturam
521 3041 598 3094 dtctr
615 3072 634 3085 -
653 3073 671 3085 -
689 3071 708 3083 -
724 3045 900 3112 procrearet]
934 3040 981 3095 Sic
1000 3057 1128 3112 corrupte
1147 3043 1241 3096 Pane.
1278 3042 1311 3094 ln
1330 3038 1441 3093 Bersld.
1466 3037 1530 3094 Alb.

220 3115 288 3170 tot.
306 3117 457 3170 descendum
475 3108 621 3169 rnntturrnu
636 3133 679 3170 est
708 3121 737 3170 ln
755 3116 907 3170 dieendssm.
927 3117 990 3171 bid.
1010 3134 1060 3189 pro
1075 3125 1242 3188 procrearet
1260 3115 1342 3168 habet
1358 3110 1512 3185 procreare
1518 3137 1529 3174 ,·

221 3190 289 3244 Lod.
310 3201 414 3244 natura
434 3209 483 3264 pro
503 3200 643 3246 naturam.
672 3219 709 3232 -
735 3191 818 3245 dixit.
845 3209 900 3243 non
925 3197 996 3242 enim
1021 3199 1153 3243 naturam
1169 3191 1351 3263 perductores
1366 3206 1528 3258 procreare.

221 3266 323 3332 Verri,
351 3266 402 3317 sed
417 3266 505 3334 ipsum
526 3266 579 3317 sibi
597 3265 720 3318 docendo
735 3275 802 3336 post
821 3284 869 3317 eos
881 3264 997 3337 fingere
1016 3265 1103 3336 Lugd.
1124 3267 1188 3320 Ηοι.
1208 3266 1286 3320 Man.
1303 3264 1388 3318 Creu.
1408 3292 1445 3307 -
1463 3263 1531 3314 Non

221 3346 293 3393 enias
312 3344 455 3407 naturam]
476 3343 637 3394 Dootissisni
657 3346 709 3394 sirl
730 3343 760 3396 tt.
780 3341 903 3394 Dsneut.
924 3343 1023 3404 Vetas,
1041 3341 1115 3392 'Non
1134 3349 1248 3404 natum,
1271 3338 1323 3389 sed
1340 3346 1453 3389 tantam
1472 3354 1529 3388 na-

221 3421 315 3466 turam
339 3416 414 3467 dixit
437 3413 630 3485 perductorem
641 3415 759 3488 fingere
778 3415 865 3471 Verri
884 3433 940 3467 non
958 3414 1103 3466 &cendum
1117 3423 1219 3486 postea
1233 3412 1414 3486 procreare.”
1440 3410 1529 3465 ΗΟΤ.

297 3490 342 3560 tl.
362 3488 533 3557 laborabat]
557 3489 681 3542 Laborat
700 3489 807 3544 Berald.
827 3489 887 3543 did.
908 3487 976 3543 Lod.

297 3571 341 3623 15.
359 3567 416 3630 vis]
436 3568 480 3613 ius
499 3564 588 3618 Prine.
608 3566 716 3619 Beruld.
737 3570 776 3633 (in
797 3580 882 3637 marg.
903 3564 965 3634 „vel
983 3560 1072 3636 vis.’')

297 3642 340 3697 16.
361 3640 469 3692 Graeco
488 3657 564 3691 mors
581 3640 732 3709 biberetur]
766 3657 823 3695 orn.
848 3643 940 3695 Prion.
962 3637 1070 3692 Berstt.
1090 3635 1151 3692 Ald.
1176 3664 1214 3678 ·-
1238 3634 1362 3688 Portant
1379 3633 1531 3687 maioribus

240 3714 326 3766 oeulis
345 3712 412 3766 Lod.

218 3733 240 3786 p
296 3786 369 3841 lbid.
387 3788 528 3857 inquiant]
559 3786 642 3858 lugd.
661 3788 726 3840 Hos.
748 3788 825 3842 Min.
845 3789 927 3847 Creo.
945 3816 982 3845 -ρ
1001 3790 1090 3858 inquit
1108 3788 1287 3858 antiquiores.

296 3867 342 3919 17.
361 3861 439 3913 dicta
458 3862 533 3930 Cio]
561 3860 637 3914 dieta
655 3862 700 3916 M.
720 3863 777 3917 Cic.
796 3862 862 3917 Lod.

250 3933 258 3947 ⁶
294 3942 339 3996 18.
356 3936 471 4007 potare]
496 3944 599 4006 putare
619 3941 710 3994 Prisc.

282 4015 416 4069 -18-20.
435 4024 495 4062 tum
513 4029 590 4064 mero
609 4047 625 4058 -
643 4043 663 4055 -
680 4043 700 4055 -
718 4014 903 4078 nominantes]
936 4009 1087 4082 Corruptus
1112 4006 1189 4060 locos
1209 4011 1250 4060 sie
1268 4005 1369 4077 legitur
1389 4008 1418 4057 in
1437 4005 1531 4059 Prisc.

178 4117 180 4122 ·
220 4086 369 4154 (libantur)
384 4086 497 4161 ‚Bersld
516 4085 579 4140 Ald.
600 4112 631 4130 ω
653 4105 714 4138 curn
734 4105 809 4138 mera
829 4085 941 4157 cyathis
959 4086 1097 4138 saltantes
1115 4082 1202 4134 libant
1223 4096 1275 4133 cet.
1296 4078 1363 4134 Lod.
1386 4109 1423 4122 -
1449 4099 1531 4156 συμ-

220 4163 297 4220 aaa
315 4165 572 4239 κυαθιζομενους,
592 4180 653 4215 eam
671 4175 774 4213 merum
794 4159 904 4232 cyatbs's
922 4160 1027 4224 libant,
1047 4157 1206 4209 saltitantes
1220 4161 1313 4228 primo
1331 4155 1416 4219 deos,
1433 4152 1531 4205 deinde

219 4240 324 4289 amieos
341 4254 406 4288 seros
423 4240 589 4288 nonsinotisn
616 4240 700 4308 lugd.
731 4238 794 4288 llos.
815 4236 891 4288 Man.
912 4235 994 4288 Creo.
1021 4262 1056 4276 -
1082 4250 1247 4310 ,anparere
1265 4230 1376 4299 acad]
1408 4229 1532 4282 Dsnesii.

218 4312 261 4365 Ex
280 4313 419 4367 Athenaeo
438 4326 576 4382 sumptum
596 4308 729 4364 ridetur.”
767 4309 854 4364 ΗΟΤ.
1536 4336 1539 4342 ·

293 4395 341 4444 2ο.
365 4394 469 4438 totiens
488 4415 506 4427 -
525 4386 699 4458 -qaots'ens1
732 4387 821 4438 Priac.
839 4411 876 4427 -
895 4389 980 4435 toties
999 4414 1017 4425 -
1036 4413 1055 4425 -
1073 4385 1181 4451 quoties
1200 4381 1294 4431 ceteri.

294 4468 345 4522 22.
357 4461 497 4532 producta
517 4463 542 4515 0
562 4462 661 4528 litera]
708 4463 754 4514 Sia
779 4463 891 4532 scripsi.
917 4487 951 4500 -
975 4455 1117 4526 producta
1141 4455 1161 4505 S
1185 4454 1283 4507 littera
1307 4453 1400 4504 Princ.
1426 4446 1535 4504 Bersld.

219 4536 288 4594 Lod.
305 4565 343 4579 -
358 4536 495 4607 producta
514 4539 619 4589 scilicet
638 4537 723 4587 litera
749 4533 811 4590 Alb.
840 4558 877 4574 ·-
902 4532 1041 4603 producta
1064 4530 1171 4582 seilicet
1199 4527 1224 4579 0
1244 4528 1330 4578 litera
1355 4523 1444 4598 Lugd.
1471 4526 1536 4579 Hot-

219 4614 297 4668 taen.
316 4611 399 4666 Creo.
807 4650 813 4660 .

294 4685 366 4742 lbid.
382 4689 510 4756 poscsmt]
554 4687 704 4756 ‚Fortasse
734 4683 781 4736 hle
805 4688 935 4754 potitant
964 4684 1112 4752 scripserat
1139 4677 1274 4731 Asconius
1301 4688 1329 4727 et
1355 4671 1449 4747 paullo
1474 4686 1536 4746 post

218 4765 299 4831 quasi
315 4778 397 4833 saepe
413 4769 529 4835 potent,
547 4776 594 4815 snt
608 4765 708 4822 *nescio
727 4756 801 4831 quod
820 4756 1049 4831 trequentstisuas
1064 4768 1149 4825 posco
1168 4750 1223 4807 sibi
1242 4750 1336 4821 linxit,
1356 4752 1436 4822 qussi
1455 4763 1535 4820 steps
