3210 5280
473 191 522 257 tu
544 192 688 259 onan.
713 190 808 258 ruo
832 191 1001 280 sunna.
1154 135 1157 142 ¹
1340 189 1401 252 an

82 332 233 416 periculis
256 332 388 394 honeste
409 345 519 413 posset
542 335 582 395 ab
605 332 690 397 omni
711 334 823 397 labore
844 330 1067 417 requiescere,
1091 329 1149 393 nisi
1172 328 1293 393 animus
1313 331 1402 392 nullo

83 440 193 509 posset
217 427 284 489 otio
316 448 556 489 consenescere.
600 430 643 491 Et
667 429 738 502 hic,
764 439 913 511 qoaotsun
940 447 1008 487 mea
1035 425 1144 507 opiuio
1173 439 1241 500 est,
1266 425 1403 488 imitatus

84 535 131 583 est
148 521 189 584 C.
207 521 401 582 Gracchum.
446 519 499 582 Sic
514 520 595 582 enim
612 532 642 582 et
657 519 710 583 ille
731 521 793 585 DE
816 519 1017 585 LEGIBUS
1040 519 1401 597 PROMULGATIS,

82 625 117 677 nt
140 616 237 697 ipsius
261 616 351 674 etiatn
376 617 550 677 verborum
574 613 689 676 faciam
713 614 922 679 mentionem:

168 708 209 770 SI
232 709 453 782 VELLEM,
489 707 608 790 inquit,
641 709 767 772 APUT
799 710 890 773 VOS
922 710 1082 774 VERBA
1111 710 1300 774 FACERE
1339 709 1427 772 Eis
1498 790 1505 798 μ

82 804 112 866 Α
138 803 277 866 VOBIS
292 802 592 875 POSTULARE,
616 801 753 881 QUUM
770 803 960 867 GENERE
977 806 1147 869 SUMMO
1164 804 1316 869 ORTUS
1331 804 1403 865 Es-

84 896 180 958 SEM
216 897 278 958 ET
311 896 447 974 QUUM
483 896 714 959 FRATREM
749 896 973 961 PROPTER
1010 900 1100 962 VOS
1141 896 1401 961 AMISISSEM

82 987 175 1052 NEC
210 989 454 1069 QUISOUAM
485 990 546 1051 DE
577 990 619 1051 P.
652 988 877 1053 AFRICANI
905 991 967 1053 ET
997 992 1158 1055 TIBERI
1188 988 1402 1055 GRACCHI

84 1083 286 1145 antttrtn
319 1083 407 1145 NISI
440 1082 533 1144 EGO
562 1083 624 1144 ET
647 1082 771 1145 PUER
801 1084 1132 1157 REMAREMU&
1167 1088 1229 1150 UT
1260 1085 1402 1148 PATE-

83 1177 256 1238 REMINI
290 1174 385 1240 HOC
421 1174 650 1238 TEMPORE
679 1175 750 1236 ME
774 1174 1057 1254 QUIESCERE,
1095 1181 1155 1242 NE
1179 1180 1208 1242 A
1232 1177 1445 1241 STIRPEit

82 1270 235 1332 GENUS
258 1269 484 1332 NOSTRUM
507 1269 767 1331 INTERIRET
789 1270 852 1332 ET
873 1270 950 1334 UTI
967 1272 1149 1352 ALIOUA
1174 1271 1400 1336 PROPAGO

83 1364 285 1426 GENERIS
309 1362 479 1426 NOSTRI
503 1362 711 1442 RELIQUA
736 1365 896 1436 EssEt·;
927 1366 1057 1430 HAUD
1077 1369 1211 1444 SCIO',
1235 1367 1297 1429 AN
1324 1366 1402 1428 LU-

84 1456 313 1521 BENTIBUS
340 1462 369 1519 A
394 1457 533 1521 VORIS
558 1456 912 1520 IMPETRASSEM.

160 1577 196 1653 2.
223 1582 387 1674 Etenim,
414 1585 451 1654 iu
479 1606 550 1679 qua
577 1582 726 1653 civitate
753 1606 831 1653 rem
860 1590 996 1655 tantam
1016 1586 1215 1683 gesserim,
1241 1585 1401 1680 memini,

84 1697 120 1765 in
160 1719 232 1791 qua
274 1697 364 1767 urbe
400 1718 554 1786 verser,
593 1692 778 1791 intellego.
831 1693 987 1769 Plenum
1025 1696 1147 1769 forum
1187 1707 1246 1770 est
1272 1720 1445 1770 eorumss

83 1806 291 1902 hominum,
331 1831 425 1904 quos
453 1830 520 1904 ego
548 1829 568 1876 a
595 1806 732 1878 vestris
760 1807 968 1881 cervicibus
994 1808 1139 1906 depuli,
1178 1811 1341 1907 iudices,
1380 1833 1402 1882 a

82 1922 174 1990 meis
203 1944 274 1992 non
304 1922 457 1992 removi.
693 1916 698 1926 ’

168 2037 318 2120 ligati-u⁹
339 2037 464 2120 quidem
486 2035 517 2095 in
540 2031 739 2096 orationibus
761 2033 906 2115 plurimis
927 2036 1124 2122 frequentata
1147 2035 1315 2114 Ciceroni,
1340 2057 1402 2121 qun

84 2130 170 2194 veln‘t
195 2133 301 2193 divino
325 2135 460 2214 quodam
492 2128 601 2189 meniis
631 2125 777 2189 instinctu
808 2129 1017 2192 imminentem
1047 2131 1106 2194 sibi
1132 2132 1324 2212 providebat
1353 2129 1403 2192 iu-

86 2224 200 2286 vidiam
228 2236 258 2284 et
285 2246 324 2286 ex
352 2246 386 2286 ea
414 2222 606 2304 pericnlum,
642 2223 729 2302 quod
754 2224 871 2286 evenit.
915 2226 1041 2287 Verum
1071 2225 1148 2287 mihi
1178 2224 1270 2289 altius
1296 2223 1445 2286 cousi-tt

83 2319 205 2380 duranti
222 2319 301 2379 hanc
316 2339 453 2390 omnem,
472 2337 563 2400 qnam
580 2313 724 2375 localiter
743 2314 845 2377 intulit
852 2315 1018 2399 figuram
1026 2319 1051 2394 ³,
1076 2317 1218 2381 occurrit
1233 2317 1403 2379 vehemens

84 2426 113 2472 et
143 2415 181 2472 ad
212 2432 335 2472 cainam
366 2412 407 2472 P.
440 2410 547 2490 Syllae
576 2406 745 2470 salubriter
770 2409 932 2490 pertinens
963 2411 1077 2474 virtus.
1132 2412 1213 2473 Nam
1244 2431 1339 2495 qnnm
1370 2409 1402 2472 iu

85 2506 243 2586 praesenti
266 2504 469 2567 exsecutione
492 2513 641 2575 testetur,
667 2502 828 2564 exstinctis
851 2503 910 2566 iarn
937 2503 1076 2585 plurimis
1099 2505 1243 2569 hostibus
1262 2503 1400 2589 patriae,

85 2620 251 2680 superesse
267 2611 369 2660 tannen
385 2595 647 2670 innumerabiles,
666 2595 719 2678 qui
740 2595 802 2656 sibi
818 2618 935 2661 nocere
953 2600 1034 2661 votis
1057 2599 1239 2659 ardentibus
1255 2595 1399 2678 cupiant,

86 2693 148 2753 hoe
170 2692 235 2752 sine
258 2692 355 2753 ‹inbio
381 2691 531 2774 relinquit
553 2687 688 2752 iudicum
720 2689 824 2753 tacitis
849 2689 1116 2774 cogitationibus,
1141 2710 1298 2774 nunquam
1313 2711 1347 2752 se
1363 2690 1445 2754 adit

83 2784 312 2846 defendendum
336 2784 452 2862 Syllam
477 2800 700 2863 processurum
730 2782 846 2860 luisse,
878 2784 905 2848 si
926 2805 997 2846 enm
1022 2784 1071 2847 vel
1098 2784 1184 2846 tenni
1216 2784 1323 2867 aliquo
1350 2777 1401 2845 nr·¹
1455 2806 1458 2811 ⁴
1584 2806 1589 2815 ·

84 2890 237 2960 giunenio
259 2879 394 2939 sensisse
417 2898 485 2939 cum
507 2874 652 2940 hostibus
674 2873 721 2936 rei
745 2896 780 2956 p.
796 2878 1028 2958 suspicaretur,
1054 2875 1105 2939 eui
1120 2877 1302 2937 minuendos
1317 2888 1402 2938 esset

82 2971 166 3033 illins
196 2970 426 3036 coniurationis
454 2988 621 3043 numerus,
656 2986 695 3028 ue
723 2966 829 3050 plnres
858 2971 888 3033 in
918 2979 1084 3053 posterum
1112 2969 1172 3034 sibi
1200 2970 1404 3032 reservarett
1481 2990 1484 3003 ·

81 3085 240 3129 auruncos.

85 3156 190 3166 ιιι-..-

154 3205 177 3250 1.
197 3202 255 3247 Seio
273 3206 323 3258 ipse
345 3207 463 3260 suppissi.
510 3203 534 3250 2.
554 3204 662 3262 Spatium
679 3207 703 3250 isa
722 3207 819 3260 codiee,
847 3206 909 3264 qood
928 3206 1017 3260 repleri
1036 3207 1110 3251 serbo
1122 3204 1224 3269 figere.
1267 3203 1291 3252 ³.
1312 3207 1403 3253 Iisrnm

222 3277 339 3328 spatium,
360 3278 420 3333 quod
439 3278 528 3330 repleri
548 3280 573 3320 ui
594 3289 677 3332 supra.
713 3275 849 3333 (Ornisauus
873 3275 965 3320 videtur
986 3289 1038 3321 soe.
1065 3277 1161 3335 aquuod
1186 3277 1315 3327 Graecum.
1344 3278 1403 3332 Os.)

221 3341 247 3387 i.
267 3344 348 3390 Codex
366 3351 471 3390 reseret.

177 3467 204 3522 5.
225 3463 312 3516 liuius
339 3469 457 3519 oratoris
485 3464 578 3518 laudes
608 3465 753 3539 magnifice
779 3469 952 3540 persequitur
977 3469 1073 3520 itteero
1094 3471 1122 3519 in
1144 3467 1230 3520 Bruto
1250 3467 1404 3532 xxiiim

84 3544 205 3609 itemque
227 3538 280 3590 Dio
302 3541 408 3611 fragm.
429 3542 549 3595 Peiresc.
569 3542 647 3607 XC,
665 3558 692 3596 et
714 3543 875 3596 Plutarchus
896 3546 923 3595 in
944 3543 1088 3596 Gracchis.
1108 3543 1180 3596 'I'um
1197 3544 1228 3595 C.
1243 3541 1404 3597 Gracchum
1479 3558 1484 3568 ·

84 3615 235 3689 pleniorem
266 3615 475 3687 uberioremque
501 3616 608 3670 Catone
634 3635 698 3670 sene
724 3617 792 3670 dicit
821 3634 917 3670 auctor
943 3615 1044 3690 dialogi
1071 3619 1105 3670 dc
1131 3622 1236 3670 caussis
1257 3634 1404 3690 corruptae

84 3689 257 3760 eloquenciae
277 3690 400 3754 xviii,
420 3707 435 3742 a
455 3708 509 3761 quo
531 3709 622 3745 tamen
643 3693 770 3745 dissentit
791 3693 898 3746 Gellius
920 3697 952 3747 x.
972 3700 1000 3752 3.
1039 3695 1282 3762 ingeniosissimus
1301 3712 1327 3745 et
1348 3694 1406 3744 elo·

84 3769 283 3834 quentissimus
301 3767 487 3819 Ronsanorum
507 3768 610 3820 dicitur
630 3770 794 3820 sCieerone
815 3786 865 3841 pro
880 3769 997 3821 Fonteio
1017 3768 1113 3832 xm„
1133 3773 1256 3838 itemque
1275 3766 1405 3822 laudatur

83 3840 117 3892 de
139 3840 249 3912 harusp.
270 3856 339 3912 resp.
361 3842 440 3896 xix.

160 3914 231 3968 ibid.
251 3914 414 3969 Orationem
434 3917 555 3970 Gracchi
574 3916 610 3968 de
628 3917 738 3985 iegibus
752 3917 946 3990 promulgatis
964 3931 1098 3967 memorat
1120 3916 1226 3969 Gellius
1247 3917 1298 3970 ix.
1313 3916 1356 3975 ili.
1377 3933 1404 3970 et

84 3988 121 4042 Χ.
141 3995 168 4048 3.
195 3990 300 4060 aliquot
316 3995 386 4043 ‘eius
413 3992 574 4065 fragmentis
603 3994 728 4063 prolatis.
775 3995 850 4046 Citat
876 3990 990 4043 eandem
1018 3997 1172 4044 orationem
1199 3995 1283 4044 etiam
1312 3995 1405 4046 I'estus

82 4079 142 4115 soe.
163 4073 310 4117 ostentum.
349 4065 423 4120 Raec
443 4084 534 4121 temen
555 4067 705 4140 particula,
726 4066 800 4137 quod
819 4072 923 4130 scism,
951 4066 1040 4118 adbuc
1060 4082 1116 4120 erat
1138 4066 1253 4120 inedita.

176 4143 204 4194 9.
228 4146 241 4191 Ἰ
252 4140 355 4193 iberius
385 4143 565 4216 Sempronius
594 4144 741 4198 Gracchus
771 4142 803 4195 de
832 4141 961 4194 Cornelia
992 4142 1024 4194 P.
1056 4140 1180 4197 Airicaui
1210 4147 1322 4194 maioris
1349 4142 1405 4197 filis

81 4209 227 4268 duodecim
249 4221 370 4289 suscepit
399 4217 515 4272 liberos:
546 4216 593 4270 sed
621 4233 696 4270 tsnta
717 4217 825 4272 soboles
846 4231 952 4268 mature
972 4233 1035 4269 eusn
1054 4234 1132 4291 petre
1151 4222 1207 4271 sita
1226 4216 1323 4270 Iuncta
1343 4234 1403 4285 est,

80 4305 195 4361 excepta
216 4289 287 4355 iilis,
306 4307 389 4363 qusns
410 4292 504 4366 sopio
526 4288 670 4347 Alsieauus
692 4299 784 4346 minor
803 4308 915 4345 osorem
936 4293 1031 4357 duait,
1050 4309 1076 4346 ss
1091 4293 1154 4345 h'Iiis
1168 4291 1275 4345 duobus
1289 4293 1405 4348 Tiberio

80 4380 108 4415 et
129 4366 207 4420 Caio.
257 4365 362 4420 Occiso
391 4372 420 4420 io
447 4368 588 4422 tribunatu
609 4369 744 4435 Tiberio,
776 4369 851 4421 solus
871 4387 884 4419 e
905 4367 1035 4421 musculis
1060 4365 1196 4440 superfuit
1215 4366 1301 4421 irater
1320 4371 1405 4423 Caius

79 4455 143 4491 cum
165 4439 273 4493 Tiberii
302 4441 406 4507 filiolo,
437 4443 470 4497 de
496 4460 550 4515 quo
571 4442 676 4498 Gellius
699 4445 737 4498 II.
758 4447 802 4501 ¹5·
824 4449 852 4497 io
873 4443 933 4496 line.
983 4442 1049 4510 (o‘ed
1070 4460 1162 4496 tameo
1184 4443 1308 4496 Valerius
1328 4446 1404 4501 max.

82 4513 131 4567 tx.
154 4519 179 4571 7.
200 4521 226 4568 2.
249 4523 361 4570 tressis
383 4515 466 4572 luisse
485 4519 547 4571 tib.
568 4519 690 4572 Gracchi
712 4521 805 4585 iiiios.)
859 4526 945 4587 arque
972 4521 1045 4570 hunc
1072 4536 1186 4592 puerum
1206 4514 1323 4572 fortasse
1343 4522 1405 4574 heio

81 4605 285 4643 commemorat
305 4592 398 4647 Caius.
450 4602 575 4648 ceterum
598 4593 760 4648 l'lutsrobus
776 4600 816 4652 ,iu
842 4593 987 4647 Gracchis'
1004 4609 1115 4656 narrat,
1145 4597 1197 4665 ipsi
1223 4598 1309 4647 etiam
1335 4596 1405 4647 Caio

80 4661 166 4715 inisse
187 4665 320 4731 filiolum,
340 4687 420 4739 quern
442 4674 574 4722 nimirum
596 4687 663 4721 utor
683 4671 791 4723 Licinio
813 4684 894 4721 tnonu
915 4667 1042 4736 tenebat,
1060 4687 1144 4741 quom
1163 4674 1357 4726 sitoooctttsit
1371 4668 1406 4727 sd

80 4753 142 4791 esm
163 4742 375 4796 dimicationem
396 4744 560 4819 prodeunti,
580 4748 609 4797 io
628 4760 682 4816 qus
702 4749 858 4799 miserrime
878 4749 971 4817 periit.
