3210 5280
332 243 381 307 IN
406 243 690 309 ORATIONEM
712 244 759 307 IN
783 244 910 309 TOGA
932 242 1154 309 CANDlDA.
1352 240 1392 304 95

95 385 202 466 spania
219 382 356 447 occisum
374 404 442 445 esse
463 383 540 446 dixi.
584 387 684 450 Duas
704 385 794 447 sicas
815 382 980 449 Catilinam
1002 394 1032 445 et
1048 381 1219 446 Antonium
1242 381 1392 463 appellari

88 478 286 539 manifestum
310 487 368 537 est.

169 572 269 630 Hune
285 589 340 630 vos
354 571 473 632 scitote
488 569 655 631 Licinium
666 570 895 653 gladiatorem
910 571 978 630 iarn
993 568 1167 630 immisisse
1187 576 1205 641 †
1225 569 1392 648 capillum

93 657 261 720 Catilinae
282 657 385 719 indie.
407 664 471 740 qui
495 658 534 735 Q.
556 677 598 720 rte
619 659 753 722 Curium
773 661 937 722 hominem
959 659 1201 740 quaestoriam.
1401 685 1462 742 [stt]

176 746 291 810 Curias
320 747 371 807 hic
399 746 578 809 notissimas
607 746 664 808 luit
694 748 830 824 aleator,
864 751 1086 831 damnatasque
1116 759 1225 828 postea
1248 757 1308 809 est.
1352 746 1416 820 1n5

90 839 175 899 ltnnc
196 850 243 899 est
266 838 542 917 hendecasyllabos
566 836 657 902 Calvi
679 842 824 924 eleganst

169 932 209 993 lii
231 933 310 992 iulis
332 933 449 994 Curius
469 931 689 1011 pereruditus.

176 1021 260 1083 Huic
283 1021 419 1085 orationi
451 1018 614 1084 Ciceronis
637 1032 668 1081 et
696 1016 830 1083 Catilina
861 1031 892 1083 et
914 1019 1071 1085 Antonine
1094 1019 1317 1084 contumeliose
1343 1039 1393 1080 re-

96 1115 310 1193 sponderrtut,
335 1115 420 1194 qnod
436 1112 535 1174 solttm
557 1122 721 1192 poterant,
743 1111 859 1175 invecti
881 1114 910 1174 in
927 1114 1096 1177 novitatem
1113 1113 1190 1176 eins.
1236 1115 1392 1175 Ferttntnr

91 1227 219 1288 qtroqne
246 1206 403 1268 orationes
430 1203 553 1268 nomine
578 1203 702 1266 illorum
724 1205 842 1280 editae,
866 1226 928 1267 non
952 1207 991 1266 alr
1012 1204 1088 1285 ipsis
1103 1204 1255 1285 scriptae,
1280 1207 1335 1267 sed
1350 1205 1434 1283 ab„

92 1297 258 1361 Ciceronis
285 1299 570 1361 obtrectatoribus:
594 1318 672 1379 quas
693 1297 798 1358 neseio
824 1318 862 1358 an
884 1297 978 1358 satius
1000 1297 1039 1359 sit
1063 1296 1225 1380 ignorare.
1270 1296 1384 1360 Caete-

92 1411 162 1452 rum
191 1390 308 1455 Cicero
345 1392 455 1454 consul
487 1389 622 1453 omniurn
651 1382 806 1452 cottseustt
834 1387 935 1451 iaetus
966 1401 1032 1451 est:
1064 1391 1221 1452 Antonius
1248 1388 1390 1471 pauculis

95 1480 243 1546 cettttrriis
266 1483 429 1547 Catilinam
450 1480 628 1564 superarit,
652 1503 720 1543 enm
743 1481 771 1543 ei
793 1495 925 1561 propter
947 1481 1045 1563 patris
1067 1503 1181 1545 nomen
1201 1484 1296 1564 paulo
1318 1503 1390 1564 spe·

95 1573 215 1638 eiosior
237 1596 342 1637 manas
363 1577 536 1659 striiragata
558 1584 640 1637 esset
660 1594 752 1656 quam
775 1570 941 1637 Catilinae.

189 1776 214 1825 i.
234 1767 308 1836 diat]
329 1766 412 1840 lugd.
432 1768 498 1822 llot.
520 1768 597 1823 tina
618 1767 699 1823 Creu.
718 1796 754 1810 —
773 1766 842 1819 dicit
860 1771 1037 1837 antiquiores.

189 1843 215 1899 li.
234 1844 362 1911 capillum
388 1844 527 1896 Catilinae
552 1842 635 1896 indic.
659 1842 721 1911 qrsi.
747 1840 782 1912 Q.
806 1859 839 1911 ase
864 1842 989 1914 Curium]
1021 1841 1068 1897 Sia
1092 1858 1221 1917 conopia
1245 1845 1336 1900 Princ.
1356 1872 1393 1887 -

86 1916 220 1991 ‘rapidam
239 1919 255 1952 *
275 1917 414 1970 Catilinae
432 1917 514 1969 iadis.
533 1935 630 1988 qnam,
649 1916 738 1987 err'ue
756 1917 868 1969 Curium
889 1917 993 1970 Berald.
1014 1918 1081 1972 Lod.
1110 1947 1146 1960 -
1164 1917 1290 1988 crepidam
1309 1919 1393 1971 Cati-
1467 1922 1473 1933 “

93 1994 169 2045 linae
187 1990 274 2045 ludio.
295 1989 311 2022 ⁹
329 2009 409 2062 qaam
425 1991 459 2063 Q.
481 2010 516 2045 ve
537 1992 647 2049 Curium
668 1989 782 2046 Ald..-
800 1990 926 2060 cupidam
940 1992 1091 2057 Catilinae,
1112 1993 1228 2060 iudices,
1248 1995 1394 2064 ert'rttrtrrt·

92 2084 144 2136 que
166 2064 248 2139 lugd.
269 2068 343 2118 Mart.
363 2067 417 2139 sig.
437 2066 502 2120 Hot.
522 2095 559 2107 -
583 2064 709 2136 cupidum
732 2066 887 2129 Catilinae,
915 2065 1034 2131 ludices,
1061 2067 1095 2138 Q.
1120 2068 1232 2120 Curiam
1256 2068 1337 2121 Creu.
1359 2098 1389 2111 -

93 2142 236 2211 ,Minime
256 2156 345 2212 patres
365 2145 536 2213 conscriptos
556 2139 659 2192 lrrdiees
677 2139 812 2212 appellare
831 2141 967 2213 potesat.''
986 2140 1044 2195 Oli.
1076 2140 1230 2208 Madvigius
1243 2140 1392 2195 cavendum

94 2233 154 2267 esse
175 2231 283 2279 monet,
301 2234 335 2268 ne
354 2221 430 2287 quis,
451 2231 556 2288 reperta
576 2215 622 2268 illa
642 2215 783 2268 locutione
802 2220 945 2267 immisisse
965 2217 1110 2284 capillum,
1138 2232 1225 2269 seram
1244 2218 1392 2268 let-tionem

95 2307 124 2342 se
145 2294 275 2362 reperisse
296 2305 382 2361 putet.
421 2291 527 2358 ,Video
546 2291 653 2353 enim,”
673 2294 778 2360 inquit,
798 2289 883 2361 ‚fingi
904 2289 1004 2359 aliquid
1025 2308 1104 2363 posse
1123 2291 1156 2344 de
1175 2292 1281 2342 Licinio
1300 2291 1392 2361 capil-

95 2365 152 2416 lum
168 2369 343 2436 promittente
358 2369 385 2417 in
399 2365 548 2427 Catilinae,
563 2363 678 2421 sodalis.
699 2364 817 2429 indicto,
836 2368 908 2435 quod
922 2362 1002 2416 facile
1016 2364 1128 2418 refutari
1143 2380 1241 2437 potest.
1280 2363 1393 2417 Videtur

94 2439 180 2492 latere
200 2456 300 2491 nomen
321 2440 436 2491 hominis
457 2440 499 2505 (C.
522 2441 652 2491 Attilirrm
671 2455 716 2492 aut
736 2438 826 2493 simile
845 2437 938 2509 quid),
963 2443 1009 2510 qui
1031 2439 1110 2492 iudex
1129 2441 1263 2492 Catilinae
1282 2438 1393 2492 luerit.’'

193 2518 217 2569 5.
238 2515 347 2582 Ctrrirrs]
379 2512 586 2585 Intelligendum
606 2531 663 2565 etse
680 2514 732 2566 Μ’.
752 2515 882 2577 Curium,
902 2514 942 2566 M.
962 2519 1074 2568 Antonii
1094 2513 1273 2580 familiarem,
1298 2515 1393 2568 homi-

97 2605 161 2641 nem
182 2587 343 2640 dissolutum
366 2604 394 2641 et
415 2585 549 2641 famosum
574 2588 734 2653 aleatorem,
762 2592 809 2658 qni
830 2605 845 2641 a
865 2589 997 2641 Cicerone
1017 2590 1066 2642 Or.
1086 2589 1207 2662 Philipp.
1230 2591 1261 2643 V.
1281 2595 1307 2647 5.
1328 2605 1392 2642 tne-

96 2679 236 2725 moratur,
256 2667 360 2714 monuit
381 2663 527 2716 Weicltert
547 2667 575 2715 in
595 2664 740 2716 Poitarum
761 2663 849 2715 Latin.
869 2663 957 2734 lleliq.
976 2682 1003 2736 p.
1025 2667 1088 2723 156.

189 2741 217 2796 6.
236 2735 490 2810 hendecasyllnbres]
510 2737 701 2809 endesyllabtss
720 2740 809 2792 Prius.

192 2817 218 2868 7.
236 2820 266 2862 ta
278 2814 313 2879 is]
335 2815 409 2863 lalus
428 2813 518 2865 Ptine.

188 2890 217 2943 9.
235 2885 448 2956 responderant]
478 2884 562 2958 Lugd.
580 2886 645 2938 iios.
664 2886 741 2939 Man.
760 2889 841 2940 Creo.
860 2915 897 2929 -
914 2887 1114 2958 responderant
1132 2894 1246 2962 priores.

173 2970 216 3017 10.
235 2961 339 3026 editae,
360 2979 414 3012 non
433 2958 479 3028 ab]
499 2960 609 3013 aeditae
627 2960 662 3011 ab
683 2964 772 3015 Ptine.

172 3042 215 3092 11.
234 3035 269 3086 ab
288 3035 430 3089 Ciceronis
448 3035 693 3105 obtrectatoribus]
731 3037 776 3104 ,ti
800 3040 937 3089 contraria
965 3034 1051 3090 Tullii
1075 3035 1273 3090 admiratorem
1299 3037 1393 3092 schola

96 3107 236 3184 proiectae
263 3125 325 3162 sunt
351 3114 488 3163 orationes
513 3109 677 3164 subditicios
702 3125 830 3182 quattuor
854 3110 894 3163 vel
920 3115 1047 3183 quinque.
1094 3113 1231 3167 Notabilis
1251 3112 1394 3167 admodum

96 3185 200 3238 locas.''
228 3184 352 3237 oniti..

173 3256 242 3312 lhirl.
261 3262 359 3325 satiris]
380 3262 472 3308 sacius
490 3260 579 3312 Ptine.

171 3338 217 3390 43.
233 3335 341 3402 patris]
358 3340 435 3400 pair.
455 3333 521 3405 (sic)
542 3336 631 3386 l’rinc.

174 3413 217 3466 Η.
235 3426 315 3477 prtum
335 3407 485 3479 Catilinae]
504 3409 618 3462 Crenius
638 3412 729 3480 inepte
748 3403 840 3460 addit:
868 3404 1032 3460 &trentam
1050 3407 1135 3462 deest.
