<?xml version="1.0" encoding="UTF-8"?>
<!DOCTYPE html PUBLIC "-//W3C//DTD XHTML 1.0 Transitional//EN"
    "http://www.w3.org/TR/xhtml1/DTD/xhtml1-transitional.dtd">
<html xmlns="http://www.w3.org/1999/xhtml" xml:lang="en" lang="en">
 <head>
  <title>
</title>
<meta http-equiv="Content-Type" content="text/html;charset=utf-8" />
  <meta name='ocr-system' content='tesseract 3.04.00' />
  <meta name='ocr-capabilities' content='ocr_page ocr_carea ocr_par ocr_line ocrx_word'/>
</head>
<body>
  <div class='ocr_page' id='page_1' title='image "./operaquaesupers03halmgoog/operaquaesupers03halmgoog_0139.png"; bbox 0 0 3210 5280; ppageno 0'>
   <div class='ocr_carea' id='block_1_1' title="bbox 222 213 1082 282">
    <p class='ocr_par' dir='ltr' id='par_1_1' title="bbox 222 213 1082 282">
     <span class='ocr_line' id='line_1_1' title="bbox 222 213 1082 282; baseline -0.001 -3"><span class='ocrx_word' id='word_1_1' title='bbox 222 213 282 279; x_wconf 81' lang='lat' dir='ltr'><strong>tot</strong></span> <span class='ocrx_word' id='word_1_2' title='bbox 654 214 1082 282; x_wconf 71' lang='lat' dir='ltr'><strong>estune-asconius</strong></span> 
     </span>
    </p>
   </div>
   <div class='ocr_carea' id='block_1_2' title="bbox 165 352 1525 2284">
    <p class='ocr_par' dir='ltr' id='par_1_2' title="bbox 165 352 1525 2284">
     <span class='ocr_line' id='line_1_2' title="bbox 221 352 1522 442; baseline -0.001 -25"><span class='ocrx_word' id='word_1_3' title='bbox 221 365 293 417; x_wconf 88' lang='lat' dir='ltr'><strong>nts</strong></span> <span class='ocrx_word' id='word_1_4' title='bbox 318 353 458 419; x_wconf 83' lang='lat' dir='ltr'><strong>Caecilio</strong></span> <span class='ocrx_word' id='word_1_5' title='bbox 480 356 600 419; x_wconf 79' lang='lat' dir='ltr'>Verres</span> <span class='ocrx_word' id='word_1_6' title='bbox 623 367 797 419; x_wconf 74' lang='lat' dir='ltr'><strong>accusetur.</strong></span> <span class='ocrx_word' id='word_1_7' title='bbox 841 355 915 442; x_wconf 82' lang='lat' dir='ltr'><strong>Quo</strong></span> <span class='ocrx_word' id='word_1_8' title='bbox 943 354 1030 418; x_wconf 83' lang='lat' dir='ltr'><strong>iacto</strong></span> <span class='ocrx_word' id='word_1_9' title='bbox 1060 363 1091 416; x_wconf 88' lang='lat' dir='ltr'><strong>et</strong></span> <span class='ocrx_word' id='word_1_10' title='bbox 1119 374 1181 416; x_wconf 89' lang='lat' dir='ltr'><strong>noo</strong></span> <span class='ocrx_word' id='word_1_11' title='bbox 1212 352 1407 416; x_wconf 74' lang='lat' dir='ltr'>damnabitur</span> <span class='ocrx_word' id='word_1_12' title='bbox 1430 375 1522 428; x_wconf 87' lang='lat' dir='ltr'><strong>reus,</strong></span> 
     </span>
     <span class='ocr_line' id='line_1_3' title="bbox 221 445 1521 530; baseline -0.001 -20"><span class='ocrx_word' id='word_1_13' title='bbox 221 458 271 522; x_wconf 90' lang='lat' dir='ltr'><strong>et,</strong></span> <span class='ocrx_word' id='word_1_14' title='bbox 294 468 363 509; x_wconf 90' lang='lat' dir='ltr'><strong>cum</strong></span> <span class='ocrx_word' id='word_1_15' title='bbox 379 448 439 510; x_wconf 88' lang='lat' dir='ltr'><strong>hoc</strong></span> <span class='ocrx_word' id='word_1_16' title='bbox 454 449 575 530; x_wconf 77' lang='lat' dir='ltr'>egerint</span> <span class='ocrx_word' id='word_1_17' title='bbox 591 447 729 524; x_wconf 83' lang='lat' dir='ltr'><strong>indices,</strong></span> <span class='ocrx_word' id='word_1_18' title='bbox 752 459 853 511; x_wconf 86' lang='lat' dir='ltr'><strong>tatnen</strong></span> <span class='ocrx_word' id='word_1_19' title='bbox 875 467 939 509; x_wconf 92' lang='lat' dir='ltr'><strong>uon</strong></span> <span class='ocrx_word' id='word_1_20' title='bbox 962 446 1149 510; x_wconf 83' lang='lat' dir='ltr'><strong>videbuntur</strong></span> <span class='ocrx_word' id='word_1_21' title='bbox 1171 466 1240 526; x_wconf 83' lang='lat' dir='ltr'><strong>esse</strong></span> <span class='ocrx_word' id='word_1_22' title='bbox 1262 445 1426 528; x_wconf 78' lang='lat' dir='ltr'><strong>corrupti,</strong></span> <span class='ocrx_word' id='word_1_23' title='bbox 1450 468 1521 509; x_wconf 81' lang='lat' dir='ltr'><strong>cusu</strong></span> 
     </span>
     <span class='ocr_line' id='line_1_4' title="bbox 220 540 563 623; baseline 0 -20"><span class='ocrx_word' id='word_1_24' title='bbox 220 542 396 603; x_wconf 87' lang='lat' dir='ltr'><strong>tantundem</strong></span> <span class='ocrx_word' id='word_1_25' title='bbox 418 540 563 623; x_wconf 82' lang='lat' dir='ltr'><strong>iecerint.</strong></span> 
     </span>
     <span class='ocr_line' id='line_1_5' title="bbox 301 632 1524 716; baseline -0.002 -21"><span class='ocrx_word' id='word_1_26' title='bbox 301 634 401 695; x_wconf 78' lang='lat' dir='ltr'><strong>Ouios</strong></span> <span class='ocrx_word' id='word_1_27' title='bbox 421 652 486 714; x_wconf 77' lang='lat' dir='ltr'><strong>ego</strong></span> <span class='ocrx_word' id='word_1_28' title='bbox 518 652 627 695; x_wconf 81' lang='lat' dir='ltr'><strong>consa</strong></span> <span class='ocrx_word' id='word_1_29' title='bbox 652 633 785 716; x_wconf 81' lang='lat' dir='ltr'><strong>laboro]</strong></span> <span class='ocrx_word' id='word_1_30' title='bbox 817 633 921 716; x_wconf 89' lang='lat' dir='ltr'><strong>lnepti</strong></span> <span class='ocrx_word' id='word_1_31' title='bbox 943 645 1015 696; x_wconf 85' lang='lat' dir='ltr'><strong>sttut</strong></span> <span class='ocrx_word' id='word_1_32' title='bbox 1035 633 1200 710; x_wconf 86' lang='lat' dir='ltr'><strong>homines,</strong></span> <span class='ocrx_word' id='word_1_33' title='bbox 1223 633 1275 716; x_wconf 82' lang='lat' dir='ltr'><strong>qut</strong></span> <span class='ocrx_word' id='word_1_34' title='bbox 1298 632 1377 692; x_wconf 88' lang='lat' dir='ltr'><strong>hanc</strong></span> <span class='ocrx_word' id='word_1_35' title='bbox 1400 632 1524 694; x_wconf 72' lang='lat' dir='ltr'><strong>clariso-</strong></span> 
     </span>
     <span class='ocr_line' id='line_1_6' title="bbox 196 725 1525 808; baseline -0.003 -18"><span class='ocrx_word' id='word_1_36' title='bbox 196 726 280 792; x_wconf 74' lang='lat' dir='ltr'><strong>stam</strong></span> <span class='ocrx_word' id='word_1_37' title='bbox 303 736 412 788; x_wconf 87' lang='lat' dir='ltr'><strong>notant</strong></span> <span class='ocrx_word' id='word_1_38' title='bbox 434 736 468 787; x_wconf 89' lang='lat' dir='ltr'><strong>nt</strong></span> <span class='ocrx_word' id='word_1_39' title='bbox 490 727 619 800; x_wconf 86' lang='lat' dir='ltr'><strong>maiam,</strong></span> <span class='ocrx_word' id='word_1_40' title='bbox 643 746 713 787; x_wconf 86' lang='lat' dir='ltr'><strong>cum</strong></span> <span class='ocrx_word' id='word_1_41' title='bbox 735 726 775 790; x_wconf 86' lang='lat' dir='ltr'><strong>sit</strong></span> <span class='ocrx_word' id='word_1_42' title='bbox 797 748 838 792; x_wconf 82' lang='lat' dir='ltr'><strong>ox</strong></span> <span class='ocrx_word' id='word_1_43' title='bbox 859 730 1001 808; x_wconf 80' lang='lat' dir='ltr'><strong>spondeo</strong></span> <span class='ocrx_word' id='word_1_44' title='bbox 1024 736 1055 789; x_wconf 91' lang='lat' dir='ltr'><strong>et</strong></span> <span class='ocrx_word' id='word_1_45' title='bbox 1078 725 1218 789; x_wconf 90' lang='lat' dir='ltr'><strong>baccheo</strong></span> <span class='ocrx_word' id='word_1_46' title='bbox 1240 726 1278 786; x_wconf 93' lang='lat' dir='ltr'><strong>de</strong></span> <span class='ocrx_word' id='word_1_47' title='bbox 1293 725 1442 786; x_wconf 84' lang='lat' dir='ltr'><strong>industria</strong></span> <span class='ocrx_word' id='word_1_48' title='bbox 1466 728 1525 787; x_wconf 88' lang='lat' dir='ltr'><strong>dn·</strong></span> 
     </span>
     <span class='ocr_line' id='line_1_7' title="bbox 220 815 1521 901; baseline -0.001 -20"><span class='ocrx_word' id='word_1_49' title='bbox 220 817 290 881; x_wconf 92' lang='lat' dir='ltr'><strong>rior</strong></span> <span class='ocrx_word' id='word_1_50' title='bbox 311 819 348 879; x_wconf 89' lang='lat' dir='ltr'><strong>ad</strong></span> <span class='ocrx_word' id='word_1_51' title='bbox 370 816 604 898; x_wconf 82' lang='lat' dir='ltr'><strong>exprimendam</strong></span> <span class='ocrx_word' id='word_1_52' title='bbox 625 819 807 882; x_wconf 77' lang='lat' dir='ltr'><strong>sententiaro</strong></span> <span class='ocrx_word' id='word_1_53' title='bbox 827 819 932 901; x_wconf 86' lang='lat' dir='ltr'><strong>posita</strong></span> <span class='ocrx_word' id='word_1_54' title='bbox 953 840 1041 882; x_wconf 86' lang='lat' dir='ltr'><strong>more</strong></span> <span class='ocrx_word' id='word_1_55' title='bbox 1063 815 1248 892; x_wconf 86' lang='lat' dir='ltr'><strong>Ciceronis;</strong></span> <span class='ocrx_word' id='word_1_56' title='bbox 1271 828 1304 879; x_wconf 94' lang='lat' dir='ltr'><strong>ut</strong></span> <span class='ocrx_word' id='word_1_57' title='bbox 1326 816 1399 878; x_wconf 83' lang='lat' dir='ltr'><strong>olibi</strong></span> <span class='ocrx_word' id='word_1_58' title='bbox 1420 816 1521 880; x_wconf 86' lang='lat' dir='ltr'><strong>idem:</strong></span> 
     </span>
     <span class='ocr_line' id='line_1_8' title="bbox 220 909 1226 995; baseline -0.002 -22"><span class='ocrx_word' id='word_1_59' title='bbox 220 909 299 973; x_wconf 89' lang='lat' dir='ltr'><strong>Non</strong></span> <span class='ocrx_word' id='word_1_60' title='bbox 318 918 355 971; x_wconf 84' lang='lat' dir='ltr'><strong>tn</strong></span> <span class='ocrx_word' id='word_1_61' title='bbox 374 930 451 972; x_wconf 90' lang='lat' dir='ltr'><strong>enm</strong></span> <span class='ocrx_word' id='word_1_62' title='bbox 471 911 587 991; x_wconf 85' lang='lat' dir='ltr'><strong>patrio</strong></span> <span class='ocrx_word' id='word_1_63' title='bbox 604 912 753 992; x_wconf 76' lang='lat' dir='ltr'><strong>privare,</strong></span> <span class='ocrx_word' id='word_1_64' title='bbox 774 931 845 995; x_wconf 72' lang='lat' dir='ltr'><strong>pun</strong></span> <span class='ocrx_word' id='word_1_65' title='bbox 866 920 978 988; x_wconf 83' lang='lat' dir='ltr'><strong>caret,</strong></span> <span class='ocrx_word' id='word_1_66' title='bbox 997 909 1056 975; x_wconf 84' lang='lat' dir='ltr'><strong>sed</strong></span> <span class='ocrx_word' id='word_1_67' title='bbox 1075 913 1143 972; x_wconf 84' lang='lat' dir='ltr'><strong>vitn</strong></span> <span class='ocrx_word' id='word_1_68' title='bbox 1167 913 1226 972; x_wconf 85' lang='lat' dir='ltr'><strong>vis.</strong></span> 
     </span>
     <span class='ocr_line' id='line_1_9' title="bbox 222 995 1524 1082; baseline -0.001 -20"><span class='ocrx_word' id='word_1_69' title='bbox 222 1031 225 1036; x_wconf 21' lang='grc' dir='ltr'><strong>Δ</strong></span> <span class='ocrx_word' id='word_1_70' title='bbox 303 1001 355 1076; x_wconf 88' lang='lat'><strong>(§.</strong></span> <span class='ocrx_word' id='word_1_71' title='bbox 375 999 443 1077; x_wconf 83' lang='lat' dir='ltr'><strong>tt.)</strong></span> <span class='ocrx_word' id='word_1_72' title='bbox 474 996 605 1082; x_wconf 65' lang='lat' dir='ltr'><strong>Aliquis</strong></span> <span class='ocrx_word' id='word_1_73' title='bbox 626 1008 732 1061; x_wconf 85' lang='lat' dir='ltr'><strong>melos</strong></span> <span class='ocrx_word' id='word_1_74' title='bbox 753 999 933 1071; x_wconf 71' lang='lat' dir='ltr'><strong>adiunctus</strong></span> <span class='ocrx_word' id='word_1_75' title='bbox 964 1001 1007 1062; x_wconf 87' lang='lat' dir='ltr'><strong>sit</strong></span> <span class='ocrx_word' id='word_1_76' title='bbox 1029 999 1080 1061; x_wconf 88' lang='lat' dir='ltr'><strong>od</strong></span> <span class='ocrx_word' id='word_1_77' title='bbox 1096 995 1261 1080; x_wconf 77' lang='lat' dir='ltr'><strong>gratiam]</strong></span> <span class='ocrx_word' id='word_1_78' title='bbox 1305 999 1343 1060; x_wconf 92' lang='lat' dir='ltr'><strong>Id</strong></span> <span class='ocrx_word' id='word_1_79' title='bbox 1364 997 1429 1082; x_wconf 85' lang='lat' dir='ltr'><strong>agit</strong></span> <span class='ocrx_word' id='word_1_80' title='bbox 1450 1019 1524 1061; x_wconf 90' lang='lat' dir='ltr'><strong>cor·</strong></span> 
     </span>
     <span class='ocr_line' id='line_1_10' title="bbox 220 1087 1522 1173; baseline -0.001 -19"><span class='ocrx_word' id='word_1_81' title='bbox 220 1102 354 1173; x_wconf 87' lang='lat' dir='ltr'><strong>ruptor,</strong></span> <span class='ocrx_word' id='word_1_82' title='bbox 398 1099 432 1151; x_wconf 92' lang='lat' dir='ltr'><strong>ut</strong></span> <span class='ocrx_word' id='word_1_83' title='bbox 464 1087 622 1171; x_wconf 83' lang='lat' dir='ltr'><strong>gratiosus</strong></span> <span class='ocrx_word' id='word_1_84' title='bbox 655 1087 749 1151; x_wconf 86' lang='lat' dir='ltr'><strong>iudex</strong></span> <span class='ocrx_word' id='word_1_85' title='bbox 780 1109 844 1153; x_wconf 91' lang='lat' dir='ltr'><strong>non</strong></span> <span class='ocrx_word' id='word_1_86' title='bbox 875 1089 977 1154; x_wconf 84' lang='lat' dir='ltr'><strong>solum</strong></span> <span class='ocrx_word' id='word_1_87' title='bbox 1006 1089 1081 1153; x_wconf 83' lang='lat' dir='ltr'><strong>vetit</strong></span> <span class='ocrx_word' id='word_1_88' title='bbox 1107 1111 1236 1152; x_wconf 82' lang='lat' dir='ltr'><strong>serrare</strong></span> <span class='ocrx_word' id='word_1_89' title='bbox 1258 1090 1441 1171; x_wconf 77' lang='lat' dir='ltr'><strong>corruptori</strong></span> <span class='ocrx_word' id='word_1_90' title='bbox 1463 1112 1522 1154; x_wconf 88' lang='lat' dir='ltr'><strong>sno</strong></span> 
     </span>
     <span class='ocr_line' id='line_1_11' title="bbox 179 1180 1522 1264; baseline -0.002 -16"><span class='ocrx_word' id='word_1_91' title='bbox 179 1186 331 1257; x_wconf 72' lang='lat' dir='ltr'><strong>atonem,</strong></span> <span class='ocrx_word' id='word_1_92' title='bbox 366 1203 474 1245; x_wconf 83' lang='lat' dir='ltr'><strong>rerum</strong></span> <span class='ocrx_word' id='word_1_93' title='bbox 498 1181 590 1245; x_wconf 84' lang='lat' dir='ltr'><strong>etiarn</strong></span> <span class='ocrx_word' id='word_1_94' title='bbox 612 1180 730 1264; x_wconf 82' lang='lat' dir='ltr'><strong>a&#39;iiquid</strong></span> <span class='ocrx_word' id='word_1_95' title='bbox 752 1183 881 1258; x_wconf 87' lang='lat' dir='ltr'><strong>habeat,</strong></span> <span class='ocrx_word' id='word_1_96' title='bbox 918 1204 974 1246; x_wconf 91' lang='lat' dir='ltr'><strong>cnr</strong></span> <span class='ocrx_word' id='word_1_97' title='bbox 996 1183 1046 1245; x_wconf 89' lang='lat' dir='ltr'><strong>vel</strong></span> <span class='ocrx_word' id='word_1_98' title='bbox 1066 1181 1181 1244; x_wconf 85' lang='lat' dir='ltr'><strong>invitus</strong></span> <span class='ocrx_word' id='word_1_99' title='bbox 1204 1191 1339 1264; x_wconf 77' lang='lat' dir='ltr'><strong>cogatur</strong></span> <span class='ocrx_word' id='word_1_100' title='bbox 1361 1184 1399 1243; x_wconf 91' lang='lat' dir='ltr'><strong>ad</strong></span> <span class='ocrx_word' id='word_1_101' title='bbox 1416 1195 1522 1245; x_wconf 88' lang='lat' dir='ltr'><strong>custo-</strong></span> 
     </span>
     <span class='ocr_line' id='line_1_12' title="bbox 221 1273 1522 1360; baseline -0.003 -19"><span class='ocrx_word' id='word_1_102' title='bbox 221 1277 361 1341; x_wconf 85' lang='lat' dir='ltr'><strong>diendam</strong></span> <span class='ocrx_word' id='word_1_103' title='bbox 392 1274 566 1357; x_wconf 74' lang='lat' dir='ltr'><strong>pactionem</strong></span> <span class='ocrx_word' id='word_1_104' title='bbox 599 1273 773 1355; x_wconf 72' lang='lat' dir='ltr'><strong>promissae</strong></span> <span class='ocrx_word' id='word_1_105' title='bbox 803 1296 822 1338; x_wconf 81' lang='lat' dir='ltr'><strong>a</strong></span> <span class='ocrx_word' id='word_1_106' title='bbox 852 1297 887 1340; x_wconf 81' lang='lat' dir='ltr'><strong>se</strong></span> <span class='ocrx_word' id='word_1_107' title='bbox 918 1275 1052 1360; x_wconf 87' lang='lat' dir='ltr'><strong>gratiae.</strong></span> <span class='ocrx_word' id='word_1_108' title='bbox 1096 1275 1180 1355; x_wconf 84' lang='lat' dir='ltr'><strong>Quid</strong></span> <span class='ocrx_word' id='word_1_109' title='bbox 1203 1286 1303 1336; x_wconf 78' lang='lat' dir='ltr'><strong>autern</strong></span> <span class='ocrx_word' id='word_1_110' title='bbox 1332 1285 1398 1348; x_wconf 88' lang='lat' dir='ltr'><strong>est,</strong></span> <span class='ocrx_word' id='word_1_111' title='bbox 1433 1277 1522 1358; x_wconf 85' lang='lat' dir='ltr'><strong>quod</strong></span> 
     </span>
     <span class='ocr_line' id='line_1_13' title="bbox 220 1364 1522 1451; baseline -0.002 -17"><span class='ocrx_word' id='word_1_112' title='bbox 220 1383 333 1434; x_wconf 88' lang='lat' dir='ltr'><strong>metum</strong></span> <span class='ocrx_word' id='word_1_113' title='bbox 357 1369 503 1451; x_wconf 87' lang='lat' dir='ltr'><strong>adiungat</strong></span> <span class='ocrx_word' id='word_1_114' title='bbox 527 1367 564 1429; x_wconf 87' lang='lat' dir='ltr'><strong>ad</strong></span> <span class='ocrx_word' id='word_1_115' title='bbox 586 1364 741 1450; x_wconf 78' lang='lat' dir='ltr'><strong>gratiam?</strong></span> <span class='ocrx_word' id='word_1_116' title='bbox 782 1367 911 1432; x_wconf 87' lang='lat' dir='ltr'><strong>Scilicet</strong></span> <span class='ocrx_word' id='word_1_117' title='bbox 931 1380 984 1433; x_wconf 88' lang='lat' dir='ltr'><strong>aut</strong></span> <span class='ocrx_word' id='word_1_118' title='bbox 1004 1380 1129 1445; x_wconf 84' lang='lat' dir='ltr'><strong>custos,</strong></span> <span class='ocrx_word' id='word_1_119' title='bbox 1153 1378 1207 1431; x_wconf 90' lang='lat' dir='ltr'><strong>aut</strong></span> <span class='ocrx_word' id='word_1_120' title='bbox 1225 1367 1366 1451; x_wconf 85' lang='lat' dir='ltr'><strong>signum,</strong></span> <span class='ocrx_word' id='word_1_121' title='bbox 1389 1378 1442 1430; x_wconf 87' lang='lat' dir='ltr'><strong>aut</strong></span> <span class='ocrx_word' id='word_1_122' title='bbox 1463 1366 1522 1431; x_wconf 82' lang='lat' dir='ltr'><strong>ati·</strong></span> 
     </span>
     <span class='ocr_line' id='line_1_14' title="bbox 220 1460 987 1548; baseline -0.008 -21"><span class='ocrx_word' id='word_1_123' title='bbox 220 1464 293 1548; x_wconf 90' lang='lat' dir='ltr'><strong>quid</strong></span> <span class='ocrx_word' id='word_1_124' title='bbox 318 1460 482 1525; x_wconf 83' lang='lat' dir='ltr'><strong>eiusmodi.</strong></span> <span class='ocrx_word' id='word_1_125' title='bbox 981 1472 987 1487; x_wconf 83' lang='grc'><strong><em>’</em></strong></span> 
     </span>
     <span class='ocr_line' id='line_1_15' title="bbox 298 1551 1518 1638; baseline -0.002 -20"><span class='ocrx_word' id='word_1_126' title='bbox 298 1554 422 1633; x_wconf 78' lang='lat' dir='ltr'><strong>Certos]</strong></span> <span class='ocrx_word' id='word_1_127' title='bbox 444 1554 469 1626; x_wconf 86' lang='lat'><strong>†</strong></span> <span class='ocrx_word' id='word_1_128' title='bbox 490 1551 557 1615; x_wconf 83' lang='lat' dir='ltr'><strong>Ant</strong></span> <span class='ocrx_word' id='word_1_129' title='bbox 577 1552 620 1615; x_wconf 87' lang='lat' dir='ltr'><strong>ob</strong></span> <span class='ocrx_word' id='word_1_130' title='bbox 638 1552 719 1628; x_wconf 91' lang='lat' dir='ltr'><strong>hoc,</strong></span> <span class='ocrx_word' id='word_1_131' title='bbox 741 1563 776 1616; x_wconf 91' lang='lat' dir='ltr'><strong>nt</strong></span> <span class='ocrx_word' id='word_1_132' title='bbox 793 1555 976 1623; x_wconf 83' lang='lat' dir='ltr'><strong>sententiaro</strong></span> <span class='ocrx_word' id='word_1_133' title='bbox 993 1576 1100 1631; x_wconf 85' lang='lat' dir='ltr'><strong>snam,</strong></span> <span class='ocrx_word' id='word_1_134' title='bbox 1124 1575 1181 1617; x_wconf 90' lang='lat' dir='ltr'><strong>cur</strong></span> <span class='ocrx_word' id='word_1_135' title='bbox 1197 1553 1332 1638; x_wconf 84' lang='lat' dir='ltr'><strong>qttisqne</strong></span> <span class='ocrx_word' id='word_1_136' title='bbox 1345 1555 1518 1631; x_wconf 86' lang='lat' dir='ltr'><strong>damnaret,</strong></span> 
     </span>
     <span class='ocr_line' id='line_1_16' title="bbox 178 1638 1373 1729; baseline 0.002 -21"><span class='ocrx_word' id='word_1_137' title='bbox 178 1667 209 1716; x_wconf 77' lang='lat'><strong>15</strong></span> <span class='ocrx_word' id='word_1_138' title='bbox 220 1656 274 1708; x_wconf 85' lang='lat' dir='ltr'><strong>aut</strong></span> <span class='ocrx_word' id='word_1_139' title='bbox 296 1666 353 1707; x_wconf 88' lang='lat' dir='ltr'><strong>cnr</strong></span> <span class='ocrx_word' id='word_1_140' title='bbox 374 1645 504 1728; x_wconf 83' lang='lat' dir='ltr'><strong>qttisque</strong></span> <span class='ocrx_word' id='word_1_141' title='bbox 527 1644 727 1720; x_wconf 87' lang='lat' dir='ltr'><strong>absolveret,</strong></span> <span class='ocrx_word' id='word_1_142' title='bbox 750 1647 998 1729; x_wconf 83' lang='lat' dir='ltr'><strong>perscripsisset.</strong></span> <span class='ocrx_word' id='word_1_143' title='bbox 1368 1638 1373 1648; x_wconf 71' lang='grc'><strong>’</strong></span> 
     </span>
     <span class='ocr_line' id='line_1_17' title="bbox 298 1735 1518 1818; baseline 0.005 -19"><span class='ocrx_word' id='word_1_144' title='bbox 298 1735 376 1801; x_wconf 83' lang='grc' dir='ltr'>Νοιι</span> <span class='ocrx_word' id='word_1_145' title='bbox 396 1739 483 1800; x_wconf 87' lang='lat' dir='ltr'><strong>enirn</strong></span> <span class='ocrx_word' id='word_1_146' title='bbox 502 1737 656 1818; x_wconf 81' lang='lat' dir='ltr'><strong>singulos</strong></span> <span class='ocrx_word' id='word_1_147' title='bbox 673 1738 769 1816; x_wconf 86' lang='lat' dir='ltr'><strong>ferre</strong></span> <span class='ocrx_word' id='word_1_148' title='bbox 789 1742 1005 1814; x_wconf 84' lang='lat' dir='ltr'><strong>sententiam,</strong></span> <span class='ocrx_word' id='word_1_149' title='bbox 1028 1738 1088 1802; x_wconf 87' lang='lat' dir='ltr'><strong>sed</strong></span> <span class='ocrx_word' id='word_1_150' title='bbox 1109 1740 1275 1802; x_wconf 77' lang='lat' dir='ltr'><strong>universos</strong></span> <span class='ocrx_word' id='word_1_151' title='bbox 1301 1742 1518 1818; x_wconf 85' lang='lat' dir='ltr'><strong>constituere]</strong></span> 
     </span>
     <span class='ocr_line' id='line_1_18' title="bbox 220 1826 1519 1908; baseline 0.002 -17"><span class='ocrx_word' id='word_1_152' title='bbox 220 1827 259 1891; x_wconf 88' lang='lat' dir='ltr'><strong>In</strong></span> <span class='ocrx_word' id='word_1_153' title='bbox 282 1826 472 1890; x_wconf 75' lang='lat' dir='ltr'><strong>divinatione</strong></span> <span class='ocrx_word' id='word_1_154' title='bbox 504 1838 534 1889; x_wconf 90' lang='lat' dir='ltr'><strong>et</strong></span> <span class='ocrx_word' id='word_1_155' title='bbox 563 1827 593 1889; x_wconf 93' lang='lat' dir='ltr'><strong>in</strong></span> <span class='ocrx_word' id='word_1_156' title='bbox 616 1827 683 1890; x_wconf 85' lang='lat' dir='ltr'><strong>aliis</strong></span> <span class='ocrx_word' id='word_1_157' title='bbox 711 1827 840 1908; x_wconf 70' lang='lat' dir='ltr'><strong>[musis]</strong></span> <span class='ocrx_word' id='word_1_158' title='bbox 866 1827 1034 1891; x_wconf 86' lang='lat' dir='ltr'><strong>maioribus</strong></span> <span class='ocrx_word' id='word_1_159' title='bbox 1061 1827 1201 1891; x_wconf 83' lang='lat' dir='ltr'><strong>universi</strong></span> <span class='ocrx_word' id='word_1_160' title='bbox 1221 1828 1337 1892; x_wconf 83' lang='lat' dir='ltr'><strong>iudices</strong></span> <span class='ocrx_word' id='word_1_161' title='bbox 1359 1829 1389 1891; x_wconf 91' lang='lat' dir='ltr'><strong>iu</strong></span> <span class='ocrx_word' id='word_1_162' title='bbox 1410 1829 1519 1893; x_wconf 85' lang='lat' dir='ltr'><strong>cistam</strong></span> 
     </span>
     <span class='ocr_line' id='line_1_19' title="bbox 220 1919 1517 2006; baseline 0.002 -23"><span class='ocrx_word' id='word_1_163' title='bbox 220 1920 343 1983; x_wconf 82' lang='lat' dir='ltr'><strong>tabulae</strong></span> <span class='ocrx_word' id='word_1_164' title='bbox 365 1919 457 1983; x_wconf 79' lang='lat' dir='ltr'><strong>simul</strong></span> <span class='ocrx_word' id='word_1_165' title='bbox 477 1919 683 1984; x_wconf 85' lang='lat' dir='ltr'><strong>coniiciebant</strong></span> <span class='ocrx_word' id='word_1_166' title='bbox 704 1943 793 1996; x_wconf 86' lang='lat' dir='ltr'><strong>suas,</strong></span> <span class='ocrx_word' id='word_1_167' title='bbox 826 1943 940 2006; x_wconf 81' lang='lat' dir='ltr'><strong>easque</strong></span> <span class='ocrx_word' id='word_1_168' title='bbox 968 1920 1137 2001; x_wconf 81' lang='lat' dir='ltr'><strong>insculptas</strong></span> <span class='ocrx_word' id='word_1_169' title='bbox 1165 1921 1270 1984; x_wconf 85' lang='lat' dir='ltr'><strong>literas</strong></span> <span class='ocrx_word' id='word_1_170' title='bbox 1295 1923 1444 1985; x_wconf 85' lang='lat' dir='ltr'><strong>habentes</strong></span> <span class='ocrx_word' id='word_1_171' title='bbox 1467 1927 1517 1998; x_wconf 81' lang='lat' dir='ltr'><strong>A,</strong></span> 
     </span>
     <span class='ocr_line' id='line_1_20' title="bbox 165 2010 1519 2099; baseline 0.004 -27"><span class='ocrx_word' id='word_1_172' title='bbox 165 2029 213 2092; x_wconf 82' lang='grc' dir='ltr'>[ιι]</span> <span class='ocrx_word' id='word_1_173' title='bbox 222 2010 447 2086; x_wconf 59' lang='lat' dir='ltr'><strong>absolutiones</strong></span> <span class='ocrx_word' id='word_1_174' title='bbox 485 2012 533 2088; x_wconf 87' lang='lat' dir='ltr'><strong>C,</strong></span> <span class='ocrx_word' id='word_1_175' title='bbox 558 2013 841 2094; x_wconf 76' lang='lat' dir='ltr'><strong>condemnationis3</strong></span> <span class='ocrx_word' id='word_1_176' title='bbox 870 2034 941 2076; x_wconf 88' lang='lat' dir='ltr'><strong>cum</strong></span> <span class='ocrx_word' id='word_1_177' title='bbox 960 2015 999 2076; x_wconf 92' lang='lat' dir='ltr'><strong>de</strong></span> <span class='ocrx_word' id='word_1_178' title='bbox 1017 2013 1146 2076; x_wconf 83' lang='lat' dir='ltr'><strong>alicuius</strong></span> <span class='ocrx_word' id='word_1_179' title='bbox 1166 2015 1268 2096; x_wconf 88' lang='lat' dir='ltr'><strong>capite</strong></span> <span class='ocrx_word' id='word_1_180' title='bbox 1291 2017 1463 2099; x_wconf 83' lang='lat' dir='ltr'><strong>agebatur,</strong></span> <span class='ocrx_word' id='word_1_181' title='bbox 1487 2017 1519 2078; x_wconf 89' lang='lat' dir='ltr'><strong>N</strong></span> 
     </span>
     <span class='ocr_line' id='line_1_21' title="bbox 175 2104 1520 2192; baseline 0.003 -25"><span class='ocrx_word' id='word_1_182' title='bbox 175 2128 207 2178; x_wconf 83' lang='lat'><strong>2⁰</strong></span> <span class='ocrx_word' id='word_1_183' title='bbox 221 2116 251 2167; x_wconf 90' lang='lat' dir='ltr'><strong>et</strong></span> <span class='ocrx_word' id='word_1_184' title='bbox 270 2108 319 2182; x_wconf 88' lang='lat' dir='ltr'><strong>L,</strong></span> <span class='ocrx_word' id='word_1_185' title='bbox 344 2105 569 2188; x_wconf 78' lang='lat' dir='ltr'><strong>ampliatiooio3</strong></span> <span class='ocrx_word' id='word_1_186' title='bbox 593 2106 640 2168; x_wconf 87' lang='lat' dir='ltr'><strong>his</strong></span> <span class='ocrx_word' id='word_1_187' title='bbox 662 2106 741 2169; x_wconf 86' lang='lat' dir='ltr'><strong>coint</strong></span> <span class='ocrx_word' id='word_1_188' title='bbox 761 2106 860 2170; x_wconf 82' lang='lat' dir='ltr'><strong>literis</strong></span> <span class='ocrx_word' id='word_1_189' title='bbox 878 2104 1116 2192; x_wconf 85' lang='lat' dir='ltr'><strong>significabant,</strong></span> <span class='ocrx_word' id='word_1_190' title='bbox 1141 2127 1204 2169; x_wconf 89' lang='lat' dir='ltr'><strong>non</strong></span> <span class='ocrx_word' id='word_1_191' title='bbox 1220 2107 1353 2190; x_wconf 88' lang='lat' dir='ltr'><strong>liquere.</strong></span> <span class='ocrx_word' id='word_1_192' title='bbox 1390 2110 1434 2171; x_wconf 92' lang='lat' dir='ltr'><strong>Et</strong></span> <span class='ocrx_word' id='word_1_193' title='bbox 1447 2108 1520 2171; x_wconf 89' lang='lat' dir='ltr'><strong>ideo</strong></span> 
     </span>
     <span class='ocr_line' id='line_1_22' title="bbox 217 2198 1519 2284; baseline 0 -22"><span class='ocrx_word' id='word_1_194' title='bbox 217 2210 321 2264; x_wconf 82' lang='lat' dir='ltr'><strong>certos</strong></span> <span class='ocrx_word' id='word_1_195' title='bbox 344 2199 434 2284; x_wconf 83' lang='lat' dir='ltr'><strong>qnasi</strong></span> <span class='ocrx_word' id='word_1_196' title='bbox 455 2211 632 2282; x_wconf 83' lang='lat' dir='ltr'><strong>sequestres</strong></span> <span class='ocrx_word' id='word_1_197' title='bbox 658 2199 749 2263; x_wconf 88' lang='lat' dir='ltr'><strong>huius</strong></span> <span class='ocrx_word' id='word_1_198' title='bbox 770 2201 819 2263; x_wconf 86' lang='lat' dir='ltr'><strong>rei</strong></span> <span class='ocrx_word' id='word_1_199' title='bbox 842 2198 925 2263; x_wconf 89' lang='lat' dir='ltr'><strong>inter</strong></span> <span class='ocrx_word' id='word_1_200' title='bbox 938 2198 1067 2264; x_wconf 86' lang='lat' dir='ltr'><strong>indices</strong></span> <span class='ocrx_word' id='word_1_201' title='bbox 1087 2219 1121 2262; x_wconf 86' lang='lat' dir='ltr'><strong>se</strong></span> <span class='ocrx_word' id='word_1_202' title='bbox 1144 2202 1259 2265; x_wconf 81' lang='lat' dir='ltr'><strong>habere</strong></span> <span class='ocrx_word' id='word_1_203' title='bbox 1281 2199 1355 2264; x_wconf 91' lang='lat' dir='ltr'><strong>dicit</strong></span> <span class='ocrx_word' id='word_1_204' title='bbox 1377 2202 1519 2264; x_wconf 89' lang='lat' dir='ltr'><strong>Horten·</strong></span> 
     </span>
    </p>
   </div>
   <div class='ocr_carea' id='block_1_3' title="bbox 212 2449 1518 4766">
    <p class='ocr_par' dir='ltr' id='par_1_3' title="bbox 308 2449 945 2527">
     <span class='ocr_line' id='line_1_23' title="bbox 308 2449 945 2527; baseline 0.006 -23"><span class='ocrx_word' id='word_1_205' title='bbox 308 2458 335 2509; x_wconf 84' lang='lat'><strong>1.</strong></span> <span class='ocrx_word' id='word_1_206' title='bbox 354 2449 435 2513; x_wconf 83' lang='lat' dir='ltr'><strong>facto</strong></span> <span class='ocrx_word' id='word_1_207' title='bbox 453 2462 480 2505; x_wconf 91' lang='lat' dir='ltr'><strong>et</strong></span> <span class='ocrx_word' id='word_1_208' title='bbox 498 2455 564 2521; x_wconf 89' lang='lat' dir='ltr'><strong>non]</strong></span> <span class='ocrx_word' id='word_1_209' title='bbox 582 2451 666 2520; x_wconf 78' lang='lat' dir='ltr'><strong>sacto</strong></span> <span class='ocrx_word' id='word_1_210' title='bbox 687 2471 743 2505; x_wconf 89' lang='lat' dir='ltr'><strong>non</strong></span> <span class='ocrx_word' id='word_1_211' title='bbox 763 2450 847 2527; x_wconf 75' lang='lat' dir='ltr'><strong>Lugd.</strong></span> <span class='ocrx_word' id='word_1_212' title='bbox 867 2452 945 2508; x_wconf 85' lang='lat' dir='ltr'><strong>Mau.</strong></span> 
     </span>
    </p>

    <p class='ocr_par' dir='ltr' id='par_1_4' title="bbox 307 2525 967 2597">
     <span class='ocr_line' id='line_1_24' title="bbox 307 2525 967 2597; baseline 0.005 -18"><span class='ocrx_word' id='word_1_213' title='bbox 307 2531 333 2585; x_wconf 83' lang='grc'><strong>5.</strong></span> <span class='ocrx_word' id='word_1_214' title='bbox 352 2525 479 2597; x_wconf 78' lang='lat' dir='ltr'><strong>baccdeo]</strong></span> <span class='ocrx_word' id='word_1_215' title='bbox 500 2530 590 2582; x_wconf 80' lang='lat' dir='ltr'><strong>Ptine.</strong></span> <span class='ocrx_word' id='word_1_216' title='bbox 611 2526 721 2581; x_wconf 58' lang='grc'><strong>111-</strong></span> <span class='ocrx_word' id='word_1_217' title='bbox 740 2526 851 2580; x_wconf 76' lang='lat' dir='ltr'><strong>bacchio</strong></span> <span class='ocrx_word' id='word_1_218' title='bbox 871 2532 967 2583; x_wconf 79' lang='lat' dir='ltr'><strong>ceteri.</strong></span> 
     </span>
    </p>

    <p class='ocr_par' dir='ltr' id='par_1_5' title="bbox 306 2600 969 2674">
     <span class='ocr_line' id='line_1_25' title="bbox 306 2600 969 2674; baseline 0.006 -21"><span class='ocrx_word' id='word_1_219' title='bbox 306 2605 333 2661; x_wconf 86' lang='lat'><strong>6.</strong></span> <span class='ocrx_word' id='word_1_220' title='bbox 349 2605 456 2673; x_wconf 77' lang='lat' dir='ltr'><strong>posita]</strong></span> <span class='ocrx_word' id='word_1_221' title='bbox 477 2604 524 2658; x_wconf 86' lang='lat' dir='ltr'><strong>Sic</strong></span> <span class='ocrx_word' id='word_1_222' title='bbox 543 2606 651 2674; x_wconf 80' lang='lat' dir='ltr'><strong>scripsi.</strong></span> <span class='ocrx_word' id='word_1_223' title='bbox 672 2600 823 2673; x_wconf 67' lang='lat' dir='ltr'><strong>ingeintur</strong></span> <span class='ocrx_word' id='word_1_224' title='bbox 834 2604 969 2672; x_wconf 74' lang='lat' dir='ltr'><strong>‘postcom</strong></span> 
     </span>
    </p>

    <p class='ocr_par' dir='ltr' id='par_1_6' title="bbox 290 2674 1096 2751">
     <span class='ocr_line' id='line_1_26' title="bbox 290 2674 1096 2751; baseline 0.004 -22"><span class='ocrx_word' id='word_1_225' title='bbox 290 2674 361 2730; x_wconf 90' lang='lat' dir='ltr'><strong>lbid.</strong></span> <span class='ocrx_word' id='word_1_226' title='bbox 381 2685 412 2728; x_wconf 85' lang='lat' dir='ltr'><strong>nt</strong></span> <span class='ocrx_word' id='word_1_227' title='bbox 429 2677 497 2728; x_wconf 84' lang='lat' dir='ltr'><strong>alibi</strong></span> <span class='ocrx_word' id='word_1_228' title='bbox 514 2677 597 2745; x_wconf 86' lang='lat' dir='ltr'><strong>idem]</strong></span> <span class='ocrx_word' id='word_1_229' title='bbox 617 2678 670 2729; x_wconf 90' lang='lat' dir='ltr'><strong>Pro</strong></span> <span class='ocrx_word' id='word_1_230' title='bbox 690 2678 725 2747; x_wconf 90' lang='lat' dir='ltr'><strong>Q.</strong></span> <span class='ocrx_word' id='word_1_231' title='bbox 742 2678 852 2749; x_wconf 75' lang='lat' dir='ltr'><strong>Ligario</strong></span> <span class='ocrx_word' id='word_1_232' title='bbox 872 2693 932 2751; x_wconf 85' lang='lat' dir='ltr'><strong>cap.</strong></span> <span class='ocrx_word' id='word_1_233' title='bbox 949 2678 995 2733; x_wconf 80' lang='lat' dir='ltr'><strong>tt.</strong></span> <span class='ocrx_word' id='word_1_234' title='bbox 1011 2679 1034 2745; x_wconf 83' lang='lat'><strong>§.</strong></span> <span class='ocrx_word' id='word_1_235' title='bbox 1052 2685 1096 2737; x_wconf 87' lang='grc'><strong>11.</strong></span> 
     </span>
    </p>

    <p class='ocr_par' dir='ltr' id='par_1_7' title="bbox 214 2752 1516 3045">
     <span class='ocr_line' id='line_1_27' title="bbox 307 2752 1516 2827; baseline 0.005 -23"><span class='ocrx_word' id='word_1_236' title='bbox 307 2758 370 2811; x_wconf 84' lang='grc'><strong>8-</strong></span> <span class='ocrx_word' id='word_1_237' title='bbox 382 2757 426 2812; x_wconf 77' lang='grc'><strong>15.</strong></span> <span class='ocrx_word' id='word_1_238' title='bbox 447 2752 521 2805; x_wconf 79' lang='lat' dir='ltr'><strong>Haeo</strong></span> <span class='ocrx_word' id='word_1_239' title='bbox 535 2755 627 2826; x_wconf 77' lang='lat' dir='ltr'><strong>posite</strong></span> <span class='ocrx_word' id='word_1_240' title='bbox 642 2767 706 2805; x_wconf 88' lang='lat' dir='ltr'><strong>sont</strong></span> <span class='ocrx_word' id='word_1_241' title='bbox 728 2756 800 2806; x_wconf 89' lang='lat' dir='ltr'><strong>inter</strong></span> <span class='ocrx_word' id='word_1_242' title='bbox 814 2753 894 2806; x_wconf 79' lang='lat' dir='ltr'><strong>verbs</strong></span> <span class='ocrx_word' id='word_1_243' title='bbox 910 2761 961 2804; x_wconf 76' lang='lat' dir='ltr'><strong>atet</strong></span> <span class='ocrx_word' id='word_1_244' title='bbox 973 2752 1106 2805; x_wconf 84' lang='lat' dir='ltr'><strong>eiusmodi</strong></span> <span class='ocrx_word' id='word_1_245' title='bbox 1123 2754 1241 2804; x_wconf 84' lang='lat' dir='ltr'><strong>aliorum</strong></span> <span class='ocrx_word' id='word_1_246' title='bbox 1260 2759 1403 2807; x_wconf 83' lang='lat' dir='ltr'><strong>criminum</strong></span> <span class='ocrx_word' id='word_1_247' title='bbox 1419 2753 1459 2827; x_wconf 87' lang='lat' dir='ltr'><strong>(p.</strong></span> <span class='ocrx_word' id='word_1_248' title='bbox 1471 2761 1516 2811; x_wconf 83' lang='grc'><strong>12.</strong></span> 
     </span>
     <span class='ocr_line' id='line_1_28' title="bbox 214 2824 1516 2902; baseline 0.002 -22"><span class='ocrx_word' id='word_1_249' title='bbox 214 2825 293 2891; x_wconf 75' lang='lat' dir='ltr'><strong>ssot.)</strong></span> <span class='ocrx_word' id='word_1_250' title='bbox 312 2840 339 2879; x_wconf 93' lang='lat' dir='ltr'><strong>et</strong></span> <span class='ocrx_word' id='word_1_251' title='bbox 356 2827 423 2878; x_wconf 83' lang='lat' dir='ltr'><strong>Non</strong></span> <span class='ocrx_word' id='word_1_252' title='bbox 441 2832 512 2878; x_wconf 87' lang='lat' dir='ltr'><strong>enim</strong></span> <span class='ocrx_word' id='word_1_253' title='bbox 529 2825 656 2895; x_wconf 71' lang='lat' dir='ltr'><strong>singulos</strong></span> <span class='ocrx_word' id='word_1_254' title='bbox 673 2831 747 2899; x_wconf 72' lang='lat' dir='ltr'><strong>(pag.</strong></span> <span class='ocrx_word' id='word_1_255' title='bbox 768 2834 811 2884; x_wconf 87' lang='lat'><strong>10.</strong></span> <span class='ocrx_word' id='word_1_256' title='bbox 831 2824 889 2902; x_wconf 85' lang='lat' dir='ltr'><strong>fin.)</strong></span> <span class='ocrx_word' id='word_1_257' title='bbox 910 2832 937 2880; x_wconf 88' lang='lat' dir='ltr'><strong>in</strong></span> <span class='ocrx_word' id='word_1_258' title='bbox 958 2826 1035 2883; x_wconf 82' lang='lat' dir='ltr'><strong>editt.</strong></span> <span class='ocrx_word' id='word_1_259' title='bbox 1051 2830 1143 2882; x_wconf 89' lang='lat' dir='ltr'><strong>Prine.</strong></span> <span class='ocrx_word' id='word_1_260' title='bbox 1162 2826 1268 2884; x_wconf 87' lang='lat' dir='ltr'><strong>Beraid.</strong></span> <span class='ocrx_word' id='word_1_261' title='bbox 1291 2828 1351 2883; x_wconf 79' lang='lat' dir='ltr'><strong>Atd,</strong></span> <span class='ocrx_word' id='word_1_262' title='bbox 1371 2829 1439 2883; x_wconf 92' lang='lat' dir='ltr'><strong>Lod.</strong></span> <span class='ocrx_word' id='word_1_263' title='bbox 1483 2831 1516 2882; x_wconf 88' lang='lat' dir='ltr'><strong>lu</strong></span> 
     </span>
     <span class='ocr_line' id='line_1_29' title="bbox 214 2899 1512 2976; baseline 0.002 -22"><span class='ocrx_word' id='word_1_264' title='bbox 214 2899 301 2974; x_wconf 76' lang='lat' dir='ltr'><strong>Lngd.</strong></span> <span class='ocrx_word' id='word_1_265' title='bbox 319 2900 384 2954; x_wconf 86' lang='lat' dir='ltr'><strong>hnic</strong></span> <span class='ocrx_word' id='word_1_266' title='bbox 401 2901 508 2955; x_wconf 87' lang='lat' dir='ltr'><strong>scholio</strong></span> <span class='ocrx_word' id='word_1_267' title='bbox 524 2905 676 2974; x_wconf 78' lang='lat' dir='ltr'><strong>praeposito</strong></span> <span class='ocrx_word' id='word_1_268' title='bbox 695 2917 759 2955; x_wconf 88' lang='lat' dir='ltr'><strong>suot</strong></span> <span class='ocrx_word' id='word_1_269' title='bbox 780 2901 827 2955; x_wconf 82' lang='lat' dir='ltr'><strong>ille</strong></span> <span class='ocrx_word' id='word_1_270' title='bbox 844 2901 915 2970; x_wconf 84' lang='lat' dir='ltr'><strong>dno,</strong></span> <span class='ocrx_word' id='word_1_271' title='bbox 933 2918 1002 2975; x_wconf 84' lang='lat' dir='ltr'><strong>quas</strong></span> <span class='ocrx_word' id='word_1_272' title='bbox 1021 2900 1092 2957; x_wconf 83' lang='lat' dir='ltr'><strong>inira</strong></span> <span class='ocrx_word' id='word_1_273' title='bbox 1110 2903 1252 2976; x_wconf 75' lang='lat' dir='ltr'><strong>leguntur,</strong></span> <span class='ocrx_word' id='word_1_274' title='bbox 1272 2907 1300 2955; x_wconf 78' lang='lat' dir='ltr'><em>A</em></span> <span class='ocrx_word' id='word_1_275' title='bbox 1314 2909 1410 2974; x_wconf 76' lang='lat' dir='ltr'><strong>peteris</strong></span> <span class='ocrx_word' id='word_1_276' title='bbox 1431 2904 1512 2956; x_wconf 82' lang='lat' dir='ltr'><strong>nobil.</strong></span> 
     </span>
     <span class='ocr_line' id='line_1_30' title="bbox 214 2974 754 3045; baseline 0 -15"><span class='ocrx_word' id='word_1_277' title='bbox 214 2980 268 3030; x_wconf 81' lang='lat' dir='ltr'><strong>c&#39;et.</strong></span> <span class='ocrx_word' id='word_1_278' title='bbox 288 2990 315 3029; x_wconf 88' lang='lat' dir='ltr'><strong>et</strong></span> <span class='ocrx_word' id='word_1_279' title='bbox 334 2976 365 3026; x_wconf 83' lang='lat' dir='ltr'><strong>st</strong></span> <span class='ocrx_word' id='word_1_280' title='bbox 384 2993 403 3026; x_wconf 87' lang='lat' dir='ltr'><em>a</em></span> <span class='ocrx_word' id='word_1_281' title='bbox 420 2974 681 3045; x_wconf 78' lang='lat' dir='ltr'><strong>quadruplatoribus</strong></span> <span class='ocrx_word' id='word_1_282' title='bbox 700 2991 754 3031; x_wconf 85' lang='lat' dir='ltr'><strong>eet.</strong></span> 
     </span>
    </p>

    <p class='ocr_par' dir='ltr' id='par_1_8' title="bbox 288 3052 1041 3117">
     <span class='ocr_line' id='line_1_31' title="bbox 288 3052 1041 3117; baseline -0.001 -11"><span class='ocrx_word' id='word_1_283' title='bbox 288 3057 333 3107; x_wconf 80' lang='grc'><strong>12.</strong></span> <span class='ocrx_word' id='word_1_284' title='bbox 351 3052 456 3102; x_wconf 87' lang='lat' dir='ltr'><strong>scilicet</strong></span> <span class='ocrx_word' id='word_1_285' title='bbox 473 3059 523 3102; x_wconf 84' lang='lat' dir='ltr'><strong>aut</strong></span> <span class='ocrx_word' id='word_1_286' title='bbox 540 3052 643 3117; x_wconf 85' lang='lat' dir='ltr'><strong>custos]</strong></span> <span class='ocrx_word' id='word_1_287' title='bbox 663 3052 768 3103; x_wconf 84' lang='lat' dir='ltr'><strong>scilicet</strong></span> <span class='ocrx_word' id='word_1_288' title='bbox 787 3059 820 3104; x_wconf 86' lang='lat' dir='ltr'><strong>ut</strong></span> <span class='ocrx_word' id='word_1_289' title='bbox 840 3059 932 3104; x_wconf 81' lang='lat' dir='ltr'><strong>custos</strong></span> <span class='ocrx_word' id='word_1_290' title='bbox 950 3053 1041 3108; x_wconf 68' lang='lat' dir='ltr'><strong>Petne.</strong></span> 
     </span>
    </p>

    <p class='ocr_par' dir='ltr' id='par_1_9' title="bbox 213 3124 1518 3348">
     <span class='ocr_line' id='line_1_32' title="bbox 289 3124 1517 3199; baseline -0.002 -19"><span class='ocrx_word' id='word_1_291' title='bbox 289 3124 325 3182; x_wconf 82' lang='lat' dir='ltr'><strong>tlt</strong></span> <span class='ocrx_word' id='word_1_292' title='bbox 343 3141 370 3178; x_wconf 89' lang='lat' dir='ltr'><strong>et</strong></span> <span class='ocrx_word' id='word_1_293' title='bbox 391 3129 433 3182; x_wconf 83' lang='lat'><strong>15.</strong></span> <span class='ocrx_word' id='word_1_294' title='bbox 453 3126 513 3178; x_wconf 81' lang='lat' dir='ltr'><strong>Hoc</strong></span> <span class='ocrx_word' id='word_1_295' title='bbox 532 3124 658 3180; x_wconf 83' lang='lat' dir='ltr'><strong>scholion</strong></span> <span class='ocrx_word' id='word_1_296' title='bbox 680 3131 801 3198; x_wconf 87' lang='lat' dir='ltr'><strong>positum</strong></span> <span class='ocrx_word' id='word_1_297' title='bbox 818 3141 859 3180; x_wconf 89' lang='lat' dir='ltr'><strong>est</strong></span> <span class='ocrx_word' id='word_1_298' title='bbox 877 3142 938 3199; x_wconf 90' lang='lat' dir='ltr'><strong>post</strong></span> <span class='ocrx_word' id='word_1_299' title='bbox 959 3124 1038 3179; x_wconf 83' lang='lat' dir='ltr'><strong>verba</strong></span> <span class='ocrx_word' id='word_1_300' title='bbox 1058 3142 1114 3177; x_wconf 89' lang='lat' dir='ltr'><strong>non</strong></span> <span class='ocrx_word' id='word_1_301' title='bbox 1131 3126 1232 3196; x_wconf 75' lang='lat' dir='ltr'><strong>liquere</strong></span> <span class='ocrx_word' id='word_1_302' title='bbox 1247 3130 1467 3199; x_wconf 80' lang='lat' dir='ltr'><strong>(pag.11.init.)</strong></span> <span class='ocrx_word' id='word_1_303' title='bbox 1487 3130 1517 3179; x_wconf 90' lang='lat' dir='ltr'><strong>in</strong></span> 
     </span>
     <span class='ocr_line' id='line_1_33' title="bbox 214 3198 1518 3274; baseline 0 -21"><span class='ocrx_word' id='word_1_304' title='bbox 214 3199 291 3253; x_wconf 83' lang='lat' dir='ltr'><strong>editt.</strong></span> <span class='ocrx_word' id='word_1_305' title='bbox 308 3202 400 3254; x_wconf 82' lang='lat' dir='ltr'><strong>Ptine.</strong></span> <span class='ocrx_word' id='word_1_306' title='bbox 415 3198 521 3254; x_wconf 84' lang='lat' dir='ltr'><strong>Bereid.</strong></span> <span class='ocrx_word' id='word_1_307' title='bbox 539 3200 599 3255; x_wconf 75' lang='lat' dir='ltr'><strong>Ald.</strong></span> <span class='ocrx_word' id='word_1_308' title='bbox 613 3199 679 3254; x_wconf 84' lang='lat' dir='ltr'><strong>Lod.</strong></span> <span class='ocrx_word' id='word_1_309' title='bbox 717 3202 794 3271; x_wconf 81' lang='lat' dir='ltr'><strong>Quae</strong></span> <span class='ocrx_word' id='word_1_310' title='bbox 810 3206 906 3256; x_wconf 84' lang='lat' dir='ltr'><strong>stetim</strong></span> <span class='ocrx_word' id='word_1_311' title='bbox 922 3215 984 3273; x_wconf 88' lang='lat' dir='ltr'><strong>post</strong></span> <span class='ocrx_word' id='word_1_312' title='bbox 1002 3219 1029 3254; x_wconf 81' lang='lat' dir='ltr'><strong>r.</strong></span> <span class='ocrx_word' id='word_1_313' title='bbox 1042 3205 1250 3269; x_wconf 78' lang='lat' dir='ltr'><strong>perscripsisset</strong></span> <span class='ocrx_word' id='word_1_314' title='bbox 1266 3199 1425 3274; x_wconf 75' lang='lat' dir='ltr'><strong>legebantur</strong></span> <span class='ocrx_word' id='word_1_315' title='bbox 1436 3200 1518 3256; x_wconf 76' lang='lat' dir='ltr'><strong>verbs</strong></span> 
     </span>
     <span class='ocr_line' id='line_1_34' title="bbox 213 3272 1296 3348; baseline 0.001 -20"><span class='ocrx_word' id='word_1_316' title='bbox 213 3272 253 3328; x_wconf 81' lang='lat' dir='ltr'><strong>Et</strong></span> <span class='ocrx_word' id='word_1_317' title='bbox 267 3274 330 3326; x_wconf 90' lang='lat' dir='ltr'><strong>ideo</strong></span> <span class='ocrx_word' id='word_1_318' title='bbox 348 3306 367 3318; x_wconf 93' lang='lat'><em>-</em></span> <span class='ocrx_word' id='word_1_319' title='bbox 385 3305 403 3318; x_wconf 92' lang='lat'><strong>·</strong></span> <span class='ocrx_word' id='word_1_320' title='bbox 421 3305 437 3318; x_wconf 87' lang='lat'>-</span> <span class='ocrx_word' id='word_1_321' title='bbox 455 3280 650 3348; x_wconf 71' lang='lat' dir='ltr'><strong>conscripserit</strong></span> <span class='ocrx_word' id='word_1_322' title='bbox 669 3291 718 3327; x_wconf 86' lang='lat' dir='ltr'><strong>not</strong></span> <span class='ocrx_word' id='word_1_323' title='bbox 734 3281 857 3346; x_wconf 89' lang='lat' dir='ltr'><strong>sequenti</strong></span> <span class='ocrx_word' id='word_1_324' title='bbox 876 3275 981 3329; x_wconf 84' lang='lat' dir='ltr'><strong>scholio</strong></span> <span class='ocrx_word' id='word_1_325' title='bbox 999 3273 1141 3328; x_wconf 88' lang='lat' dir='ltr'><strong>inserenda</strong></span> <span class='ocrx_word' id='word_1_326' title='bbox 1161 3273 1296 3330; x_wconf 80' lang='lat' dir='ltr'><strong>duximus.</strong></span> 
     </span>
    </p>

    <p class='ocr_par' dir='ltr' id='par_1_10' title="bbox 214 3347 1518 3495">
     <span class='ocr_line' id='line_1_35' title="bbox 290 3347 1518 3416; baseline 0.001 -14"><span class='ocrx_word' id='word_1_327' title='bbox 290 3353 333 3406; x_wconf 73' lang='grc'><strong>111.</strong></span> <span class='ocrx_word' id='word_1_328' title='bbox 352 3349 387 3402; x_wconf 78' lang='lat' dir='ltr'><strong>ob</strong></span> <span class='ocrx_word' id='word_1_329' title='bbox 404 3347 455 3402; x_wconf 75' lang='lat' dir='ltr'><strong>doc</strong></span> <span class='ocrx_word' id='word_1_330' title='bbox 472 3359 505 3402; x_wconf 82' lang='lat' dir='ltr'><strong>stt</strong></span> <span class='ocrx_word' id='word_1_331' title='bbox 523 3351 702 3416; x_wconf 80' lang='lat' dir='ltr'><strong>sententiam]</strong></span> <span class='ocrx_word' id='word_1_332' title='bbox 719 3351 816 3406; x_wconf 79' lang='lat' dir='ltr'><strong>Ptine.</strong></span> <span class='ocrx_word' id='word_1_333' title='bbox 839 3348 901 3407; x_wconf 72' lang='lat' dir='ltr'><strong>did.</strong></span> <span class='ocrx_word' id='word_1_334' title='bbox 919 3347 987 3403; x_wconf 82' lang='lat' dir='ltr'><strong>Lod.</strong></span> <span class='ocrx_word' id='word_1_335' title='bbox 1004 3377 1043 3392; x_wconf 88' lang='lat'>-</span> <span class='ocrx_word' id='word_1_336' title='bbox 1066 3351 1099 3401; x_wconf 80' lang='lat' dir='ltr'><strong>ob</strong></span> <span class='ocrx_word' id='word_1_337' title='bbox 1115 3355 1282 3402; x_wconf 83' lang='lat' dir='ltr'><strong>sententiam</strong></span> <span class='ocrx_word' id='word_1_338' title='bbox 1301 3347 1405 3404; x_wconf 76' lang='lat' dir='ltr'><strong>tersit.</strong></span> <span class='ocrx_word' id='word_1_339' title='bbox 1428 3379 1465 3394; x_wconf 89' lang='lat'><strong>-·</strong></span> <span class='ocrx_word' id='word_1_340' title='bbox 1483 3350 1518 3403; x_wconf 78' lang='lat' dir='ltr'><strong>ob</strong></span> 
     </span>
     <span class='ocr_line' id='line_1_36' title="bbox 214 3421 938 3495; baseline -0.001 -19"><span class='ocrx_word' id='word_1_341' title='bbox 214 3421 266 3476; x_wconf 82' lang='lat' dir='ltr'><strong>icoc</strong></span> <span class='ocrx_word' id='word_1_342' title='bbox 282 3424 355 3494; x_wconf 78' lang='lat' dir='ltr'><strong>quod</strong></span> <span class='ocrx_word' id='word_1_343' title='bbox 371 3429 537 3476; x_wconf 87' lang='lat' dir='ltr'><strong>sententiam</strong></span> <span class='ocrx_word' id='word_1_344' title='bbox 554 3423 643 3495; x_wconf 72' lang='lat' dir='ltr'><strong>Lugd.</strong></span> <span class='ocrx_word' id='word_1_345' title='bbox 669 3424 734 3478; x_wconf 85' lang='lat' dir='ltr'><strong>Hor.</strong></span> <span class='ocrx_word' id='word_1_346' title='bbox 753 3426 831 3480; x_wconf 81' lang='lat' dir='ltr'><strong>Mon.</strong></span> <span class='ocrx_word' id='word_1_347' title='bbox 856 3428 938 3479; x_wconf 88' lang='lat' dir='ltr'><strong>Creo.</strong></span> 
     </span>
    </p>

    <p class='ocr_par' dir='ltr' id='par_1_11' title="bbox 212 3495 1517 3647">
     <span class='ocr_line' id='line_1_37' title="bbox 289 3495 1517 3571; baseline 0.001 -21"><span class='ocrx_word' id='word_1_348' title='bbox 289 3503 334 3555; x_wconf 88' lang='grc'><strong>15.</strong></span> <span class='ocrx_word' id='word_1_349' title='bbox 349 3502 568 3568; x_wconf 76' lang='lat' dir='ltr'><strong>perscripsisset]</strong></span> <span class='ocrx_word' id='word_1_350' title='bbox 589 3501 699 3554; x_wconf 78' lang='lat' dir='ltr'><strong>Graevii</strong></span> <span class='ocrx_word' id='word_1_351' title='bbox 717 3502 778 3554; x_wconf 76' lang='lat' dir='ltr'><strong>ms:</strong></span> <span class='ocrx_word' id='word_1_352' title='bbox 796 3503 1058 3570; x_wconf 81' lang='lat' dir='ltr'><strong>-proscripsisset</strong></span> <span class='ocrx_word' id='word_1_353' title='bbox 1077 3500 1166 3554; x_wconf 81' lang='lat' dir='ltr'><strong>Ptine.</strong></span> <span class='ocrx_word' id='word_1_354' title='bbox 1178 3495 1320 3556; x_wconf 58' lang='lat' dir='ltr'><strong>atdnod.</strong></span> <span class='ocrx_word' id='word_1_355' title='bbox 1338 3527 1375 3538; x_wconf 98' lang='lat'>-</span> <span class='ocrx_word' id='word_1_356' title='bbox 1390 3504 1517 3571; x_wconf 81' lang='lat' dir='ltr'><strong>proscri-</strong></span> 
     </span>
     <span class='ocr_line' id='line_1_38' title="bbox 212 3573 1148 3647; baseline 0.005 -25"><span class='ocrx_word' id='word_1_357' title='bbox 212 3578 366 3645; x_wconf 73' lang='lat' dir='ltr'><strong>psissetque</strong></span> <span class='ocrx_word' id='word_1_358' title='bbox 384 3573 491 3627; x_wconf 80' lang='lat' dir='ltr'><strong>Beraid.</strong></span> <span class='ocrx_word' id='word_1_359' title='bbox 513 3600 550 3615; x_wconf 90' lang='lat'>-</span> <span class='ocrx_word' id='word_1_360' title='bbox 565 3579 647 3645; x_wconf 79' lang='lat' dir='ltr'><strong>prins</strong></span> <span class='ocrx_word' id='word_1_361' title='bbox 663 3573 782 3627; x_wconf 74' lang='lat' dir='ltr'><strong>dixisset</strong></span> <span class='ocrx_word' id='word_1_362' title='bbox 796 3573 883 3647; x_wconf 73' lang='lat' dir='ltr'><strong>Lugd.</strong></span> <span class='ocrx_word' id='word_1_363' title='bbox 898 3575 962 3627; x_wconf 83' lang='lat' dir='ltr'><strong>Hor.</strong></span> <span class='ocrx_word' id='word_1_364' title='bbox 976 3574 1053 3627; x_wconf 85' lang='lat' dir='ltr'><strong>Man.</strong></span> <span class='ocrx_word' id='word_1_365' title='bbox 1066 3575 1148 3627; x_wconf 81' lang='lat' dir='ltr'><strong>cren.</strong></span> 
     </span>
    </p>

    <p class='ocr_par' dir='ltr' id='par_1_12' title="bbox 214 3649 1517 3798">
     <span class='ocr_line' id='line_1_39' title="bbox 290 3649 1517 3724; baseline -0.001 -22"><span class='ocrx_word' id='word_1_366' title='bbox 290 3651 368 3706; x_wconf 89' lang='grc'><strong>16-</strong></span> <span class='ocrx_word' id='word_1_367' title='bbox 381 3654 425 3704; x_wconf 83' lang='grc'><strong>20.</strong></span> <span class='ocrx_word' id='word_1_368' title='bbox 444 3649 512 3700; x_wconf 89' lang='lat' dir='ltr'><strong>Non</strong></span> <span class='ocrx_word' id='word_1_369' title='bbox 529 3654 601 3701; x_wconf 83' lang='lat' dir='ltr'><strong>enim</strong></span> <span class='ocrx_word' id='word_1_370' title='bbox 620 3650 745 3716; x_wconf 74' lang='lat' dir='ltr'><strong>singulos</strong></span> <span class='ocrx_word' id='word_1_371' title='bbox 759 3681 778 3693; x_wconf 92' lang='lat'><em>-</em></span> <span class='ocrx_word' id='word_1_372' title='bbox 796 3681 815 3693; x_wconf 91' lang='lat'><em>-</em></span> <span class='ocrx_word' id='word_1_373' title='bbox 834 3681 852 3693; x_wconf 94' lang='lat'>-</span> <span class='ocrx_word' id='word_1_374' title='bbox 870 3667 926 3701; x_wconf 89' lang='lat' dir='ltr'><strong>non</strong></span> <span class='ocrx_word' id='word_1_375' title='bbox 944 3650 1057 3720; x_wconf 78' lang='lat' dir='ltr'><strong>liquore]</strong></span> <span class='ocrx_word' id='word_1_376' title='bbox 1087 3650 1160 3702; x_wconf 80' lang='lat' dir='ltr'><strong>Hace</strong></span> <span class='ocrx_word' id='word_1_377' title='bbox 1182 3652 1254 3702; x_wconf 85' lang='lat' dir='ltr'><strong>inter</strong></span> <span class='ocrx_word' id='word_1_378' title='bbox 1270 3655 1411 3724; x_wconf 82' lang='lat' dir='ltr'><strong>superiora</strong></span> <span class='ocrx_word' id='word_1_379' title='bbox 1433 3649 1517 3702; x_wconf 77' lang='lat' dir='ltr'><strong>rerba</strong></span> 
     </span>
     <span class='ocr_line' id='line_1_40' title="bbox 214 3720 1492 3798; baseline 0.002 -22"><span class='ocrx_word' id='word_1_380' title='bbox 214 3731 265 3776; x_wconf 79' lang='lat' dir='ltr'><strong>aut</strong></span> <span class='ocrx_word' id='word_1_381' title='bbox 283 3722 389 3794; x_wconf 73' lang='lat' dir='ltr'><strong>adqutd</strong></span> <span class='ocrx_word' id='word_1_382' title='bbox 402 3723 536 3775; x_wconf 80' lang='lat' dir='ltr'><strong>eiusmodi</strong></span> <span class='ocrx_word' id='word_1_383' title='bbox 552 3738 579 3776; x_wconf 91' lang='lat' dir='ltr'><strong>et</strong></span> <span class='ocrx_word' id='word_1_384' title='bbox 600 3724 699 3777; x_wconf 78' lang='lat' dir='ltr'><strong>Certos</strong></span> <span class='ocrx_word' id='word_1_385' title='bbox 715 3732 766 3775; x_wconf 78' lang='lat' dir='ltr'><strong>ent</strong></span> <span class='ocrx_word' id='word_1_386' title='bbox 780 3728 870 3798; x_wconf 78' lang='lat' dir='ltr'><strong>posite</strong></span> <span class='ocrx_word' id='word_1_387' title='bbox 889 3739 953 3777; x_wconf 87' lang='lat' dir='ltr'><strong>sunt</strong></span> <span class='ocrx_word' id='word_1_388' title='bbox 971 3729 1001 3777; x_wconf 86' lang='lat' dir='ltr'><strong>ia</strong></span> <span class='ocrx_word' id='word_1_389' title='bbox 1017 3720 1096 3776; x_wconf 86' lang='lat' dir='ltr'><strong>editt.</strong></span> <span class='ocrx_word' id='word_1_390' title='bbox 1114 3727 1204 3778; x_wconf 78' lang='lat' dir='ltr'><strong>Petne.</strong></span> <span class='ocrx_word' id='word_1_391' title='bbox 1220 3723 1327 3778; x_wconf 83' lang='lat' dir='ltr'><strong>Bereld.</strong></span> <span class='ocrx_word' id='word_1_392' title='bbox 1344 3725 1405 3778; x_wconf 74' lang='lat' dir='ltr'><strong>did.</strong></span> <span class='ocrx_word' id='word_1_393' title='bbox 1423 3725 1492 3778; x_wconf 83' lang='lat' dir='ltr'><strong>Lod.</strong></span> 
     </span>
    </p>

    <p class='ocr_par' dir='ltr' id='par_1_13' title="bbox 215 3797 1518 3946">
     <span class='ocr_line' id='line_1_41' title="bbox 290 3797 1518 3870; baseline 0.002 -22"><span class='ocrx_word' id='word_1_394' title='bbox 290 3802 333 3854; x_wconf 89' lang='grc'><strong>17.</strong></span> <span class='ocrx_word' id='word_1_395' title='bbox 352 3797 536 3865; x_wconf 83' lang='lat' dir='ltr'><strong>divinatione]</strong></span> <span class='ocrx_word' id='word_1_396' title='bbox 556 3797 663 3852; x_wconf 85' lang='lat' dir='ltr'><strong>Berold.</strong></span> <span class='ocrx_word' id='word_1_397' title='bbox 683 3797 749 3852; x_wconf 81' lang='lat' dir='ltr'><strong>Lod.</strong></span> <span class='ocrx_word' id='word_1_398' title='bbox 762 3797 849 3870; x_wconf 73' lang='lat' dir='ltr'><strong>Lugd.</strong></span> <span class='ocrx_word' id='word_1_399' title='bbox 864 3800 939 3852; x_wconf 82' lang='lat' dir='ltr'><strong>Meo.</strong></span> <span class='ocrx_word' id='word_1_400' title='bbox 956 3827 992 3841; x_wconf 93' lang='lat'><strong>·-</strong></span> <span class='ocrx_word' id='word_1_401' title='bbox 1011 3797 1194 3850; x_wconf 78' lang='lat' dir='ltr'><strong>divinationis</strong></span> <span class='ocrx_word' id='word_1_402' title='bbox 1211 3802 1302 3853; x_wconf 83' lang='lat' dir='ltr'><strong>Ptine.</strong></span> <span class='ocrx_word' id='word_1_403' title='bbox 1314 3801 1369 3855; x_wconf 79' lang='lat' dir='ltr'><strong>did.</strong></span> <span class='ocrx_word' id='word_1_404' title='bbox 1388 3827 1426 3842; x_wconf 88' lang='lat'>-</span> <span class='ocrx_word' id='word_1_405' title='bbox 1444 3799 1518 3852; x_wconf 83' lang='lat' dir='ltr'><strong>divi·</strong></span> 
     </span>
     <span class='ocr_line' id='line_1_42' title="bbox 215 3870 1321 3946; baseline 0.004 -23"><span class='ocrx_word' id='word_1_406' title='bbox 215 3872 375 3925; x_wconf 80' lang='lat' dir='ltr'><strong>nntionidus</strong></span> <span class='ocrx_word' id='word_1_407' title='bbox 390 3873 453 3926; x_wconf 83' lang='lat' dir='ltr'><strong>Hor.</strong></span> <span class='ocrx_word' id='word_1_408' title='bbox 471 3873 552 3927; x_wconf 86' lang='lat' dir='ltr'><strong>Creo.</strong></span> <span class='ocrx_word' id='word_1_409' title='bbox 848 3878 893 3930; x_wconf 89' lang='grc'><strong>17.</strong></span> <span class='ocrx_word' id='word_1_410' title='bbox 912 3876 1013 3940; x_wconf 77' lang='lat' dir='ltr'><strong>camis]</strong></span> <span class='ocrx_word' id='word_1_411' title='bbox 1035 3873 1097 3926; x_wconf 82' lang='lat' dir='ltr'><strong>edd.</strong></span> <span class='ocrx_word' id='word_1_412' title='bbox 1117 3870 1183 3926; x_wconf 86' lang='lat' dir='ltr'><strong>Lod.</strong></span> <span class='ocrx_word' id='word_1_413' title='bbox 1203 3888 1230 3927; x_wconf 91' lang='lat' dir='ltr'><strong>et</strong></span> <span class='ocrx_word' id='word_1_414' title='bbox 1247 3890 1321 3946; x_wconf 82' lang='lat' dir='ltr'><strong>seqq.</strong></span> 
     </span>
    </p>

    <p class='ocr_par' dir='ltr' id='par_1_14' title="bbox 212 3947 1518 4169">
     <span class='ocr_line' id='line_1_43' title="bbox 290 3947 1518 4022; baseline 0.001 -22"><span class='ocrx_word' id='word_1_415' title='bbox 290 3947 359 4000; x_wconf 85' lang='lat' dir='ltr'><strong>ibid.</strong></span> <span class='ocrx_word' id='word_1_416' title='bbox 378 3948 528 4000; x_wconf 83' lang='lat' dir='ltr'><strong>maioribus</strong></span> <span class='ocrx_word' id='word_1_417' title='bbox 547 3950 681 4016; x_wconf 76' lang='lat' dir='ltr'><strong>universi]</strong></span> <span class='ocrx_word' id='word_1_418' title='bbox 703 3948 833 4022; x_wconf 81' lang='lat' dir='ltr'><strong>Zumptio</strong></span> <span class='ocrx_word' id='word_1_419' title='bbox 847 3952 980 4020; x_wconf 78' lang='lat' dir='ltr'><strong>interpret</strong></span> <span class='ocrx_word' id='word_1_420' title='bbox 996 3948 1102 4001; x_wconf 80' lang='lat' dir='ltr'><strong>videtur</strong></span> <span class='ocrx_word' id='word_1_421' title='bbox 1114 3949 1231 4001; x_wconf 85' lang='lat' dir='ltr'><strong>voluisse</strong></span> <span class='ocrx_word' id='word_1_422' title='bbox 1247 3954 1277 3999; x_wconf 87' lang='lat' dir='ltr'><strong>in</strong></span> <span class='ocrx_word' id='word_1_423' title='bbox 1293 3953 1385 4000; x_wconf 84' lang='lat' dir='ltr'><strong>causis</strong></span> <span class='ocrx_word' id='word_1_424' title='bbox 1399 3953 1518 4001; x_wconf 87' lang='lat' dir='ltr'><strong>mino-</strong></span> 
     </span>
     <span class='ocr_line' id='line_1_44' title="bbox 215 4021 1518 4097; baseline 0.004 -26"><span class='ocrx_word' id='word_1_425' title='bbox 215 4023 249 4072; x_wconf 88' lang='lat' dir='ltr'><strong>ri</strong></span> <span class='ocrx_word' id='word_1_426' title='bbox 255 4021 328 4076; x_wconf 84' lang='lat' dir='ltr'><strong>dns.</strong></span> <span class='ocrx_word' id='word_1_427' title='bbox 369 4027 403 4077; x_wconf 82' lang='lat' dir='ltr'><strong>At</strong></span> <span class='ocrx_word' id='word_1_428' title='bbox 423 4022 532 4090; x_wconf 73' lang='lat' dir='ltr'><strong>confer,</strong></span> <span class='ocrx_word' id='word_1_429' title='bbox 551 4039 619 4094; x_wconf 78' lang='lat' dir='ltr'><strong>qnae</strong></span> <span class='ocrx_word' id='word_1_430' title='bbox 635 4028 729 4076; x_wconf 83' lang='lat' dir='ltr'><strong>statim</strong></span> <span class='ocrx_word' id='word_1_431' title='bbox 745 4026 887 4097; x_wconf 75' lang='lat' dir='ltr'><strong>leguntur,</strong></span> <span class='ocrx_word' id='word_1_432' title='bbox 906 4023 1055 4091; x_wconf 77' lang='lat' dir='ltr'><strong>Singuli</strong></span> <span class='ocrx_word' id='word_1_433' title='bbox 1071 4032 1165 4076; x_wconf 83' lang='lat' dir='ltr'><strong>nutem</strong></span> <span class='ocrx_word' id='word_1_434' title='bbox 1183 4030 1350 4075; x_wconf 82' lang='lat' dir='ltr'><strong>sententiam</strong></span> <span class='ocrx_word' id='word_1_435' title='bbox 1368 4022 1401 4075; x_wconf 88' lang='lat' dir='ltr'><strong>de</strong></span> <span class='ocrx_word' id='word_1_436' title='bbox 1421 4025 1518 4076; x_wconf 82' lang='lat' dir='ltr'><strong>tabula</strong></span> 
     </span>
     <span class='ocr_line' id='line_1_45' title="bbox 212 4096 1499 4169; baseline 0.004 -22"><span class='ocrx_word' id='word_1_437' title='bbox 212 4096 435 4168; x_wconf 75' lang='lat' dir='ltr'><strong>pronunciabant</strong></span> <span class='ocrx_word' id='word_1_438' title='bbox 452 4103 482 4148; x_wconf 86' lang='lat' dir='ltr'><strong>tn</strong></span> <span class='ocrx_word' id='word_1_439' title='bbox 496 4096 702 4151; x_wconf 80' lang='lat' dir='ltr'><strong>levioribus</strong></span> <span class='ocrx_word' id='word_1_440' title='bbox 717 4104 825 4166; x_wconf 73' lang='lat' dir='ltr'><strong>omnis,</strong></span> <span class='ocrx_word' id='word_1_441' title='bbox 843 4113 874 4152; x_wconf 84' lang='lat' dir='ltr'><strong>et</strong></span> <span class='ocrx_word' id='word_1_442' title='bbox 890 4096 923 4150; x_wconf 91' lang='lat' dir='ltr'><strong>de</strong></span> <span class='ocrx_word' id='word_1_443' title='bbox 943 4096 1073 4150; x_wconf 85' lang='lat' dir='ltr'><strong>motando</strong></span> <span class='ocrx_word' id='word_1_444' title='bbox 1090 4113 1184 4152; x_wconf 86' lang='lat' dir='ltr'><strong>nostro</strong></span> <span class='ocrx_word' id='word_1_445' title='bbox 1202 4098 1265 4151; x_wconf 88' lang='lat' dir='ltr'><strong>loco</strong></span> <span class='ocrx_word' id='word_1_446' title='bbox 1285 4114 1339 4150; x_wconf 89' lang='lat' dir='ltr'><strong>oon</strong></span> <span class='ocrx_word' id='word_1_447' title='bbox 1353 4099 1499 4169; x_wconf 70' lang='lat' dir='ltr'><strong>cogitabit.</strong></span> 
     </span>
    </p>

    <p class='ocr_par' dir='ltr' id='par_1_15' title="bbox 213 4170 1518 4388">
     <span class='ocr_line' id='line_1_46' title="bbox 288 4170 1518 4244; baseline 0.004 -22"><span class='ocrx_word' id='word_1_448' title='bbox 288 4177 333 4230; x_wconf 83' lang='lat'><strong>18.</strong></span> <span class='ocrx_word' id='word_1_449' title='bbox 352 4170 483 4223; x_wconf 75' lang='lat' dir='ltr'><strong>latentes</strong></span> <span class='ocrx_word' id='word_1_450' title='bbox 504 4175 544 4237; x_wconf 78' lang='lat' dir='ltr'><strong>A,</strong></span> <span class='ocrx_word' id='word_1_451' title='bbox 571 4172 768 4234; x_wconf 73' lang='lat' dir='ltr'><strong>absolutioniss</strong></span> <span class='ocrx_word' id='word_1_452' title='bbox 798 4175 835 4238; x_wconf 85' lang='lat' dir='ltr'><strong>C,</strong></span> <span class='ocrx_word' id='word_1_453' title='bbox 854 4172 1108 4233; x_wconf 83' lang='lat' dir='ltr'><strong>condemnationis,·</strong></span> <span class='ocrx_word' id='word_1_454' title='bbox 1134 4173 1208 4244; x_wconf 85' lang='lat' dir='ltr'><strong>cnm]</strong></span> <span class='ocrx_word' id='word_1_455' title='bbox 1235 4170 1320 4244; x_wconf 77' lang='lat' dir='ltr'><strong>Lugd.</strong></span> <span class='ocrx_word' id='word_1_456' title='bbox 1350 4174 1414 4226; x_wconf 82' lang='lat' dir='ltr'><strong>Hor.</strong></span> <span class='ocrx_word' id='word_1_457' title='bbox 1440 4176 1518 4228; x_wconf 80' lang='lat' dir='ltr'><strong>Meo.</strong></span> 
     </span>
     <span class='ocr_line' id='line_1_47' title="bbox 215 4245 1517 4306; baseline 0.004 -9"><span class='ocrx_word' id='word_1_458' title='bbox 215 4245 295 4300; x_wconf 87' lang='lat' dir='ltr'><strong>Creo.</strong></span> <span class='ocrx_word' id='word_1_459' title='bbox 326 4274 364 4289; x_wconf 89' lang='lat'><em>-</em></span> <span class='ocrx_word' id='word_1_460' title='bbox 393 4245 524 4298; x_wconf 76' lang='lat' dir='ltr'><strong>habentes</strong></span> <span class='ocrx_word' id='word_1_461' title='bbox 544 4247 725 4299; x_wconf 77' lang='lat' dir='ltr'><strong>absolutionis</strong></span> <span class='ocrx_word' id='word_1_462' title='bbox 751 4253 811 4300; x_wconf 86' lang='lat' dir='ltr'><strong>stne</strong></span> <span class='ocrx_word' id='word_1_463' title='bbox 831 4247 1075 4301; x_wconf 80' lang='lat' dir='ltr'><strong>condemnationis.</strong></span> <span class='ocrx_word' id='word_1_464' title='bbox 1095 4249 1331 4300; x_wconf 79' lang='lat' dir='ltr'><strong>condemnationis</strong></span> <span class='ocrx_word' id='word_1_465' title='bbox 1347 4265 1409 4299; x_wconf 85' lang='lat' dir='ltr'><strong>cum</strong></span> <span class='ocrx_word' id='word_1_466' title='bbox 1426 4252 1517 4306; x_wconf 80' lang='lat' dir='ltr'><strong>Ptine.</strong></span> 
     </span>
     <span class='ocr_line' id='line_1_48' title="bbox 213 4319 1341 4388; baseline 0.002 -14"><span class='ocrx_word' id='word_1_467' title='bbox 213 4319 274 4375; x_wconf 76' lang='lat' dir='ltr'><strong>Ald.</strong></span> <span class='ocrx_word' id='word_1_468' title='bbox 297 4349 331 4364; x_wconf 90' lang='lat'><em>-</em></span> <span class='ocrx_word' id='word_1_469' title='bbox 349 4319 481 4372; x_wconf 80' lang='lat' dir='ltr'><strong>hahentes</strong></span> <span class='ocrx_word' id='word_1_470' title='bbox 500 4322 698 4387; x_wconf 81' lang='lat' dir='ltr'><strong>absolutionis,</strong></span> <span class='ocrx_word' id='word_1_471' title='bbox 718 4327 778 4374; x_wconf 83' lang='lat' dir='ltr'><strong>sive</strong></span> <span class='ocrx_word' id='word_1_472' title='bbox 797 4323 1048 4388; x_wconf 82' lang='lat' dir='ltr'><strong>condemnationis,</strong></span> <span class='ocrx_word' id='word_1_473' title='bbox 1069 4341 1128 4374; x_wconf 86' lang='lat' dir='ltr'><strong>cum</strong></span> <span class='ocrx_word' id='word_1_474' title='bbox 1146 4320 1254 4375; x_wconf 82' lang='lat' dir='ltr'><strong>Berald.</strong></span> <span class='ocrx_word' id='word_1_475' title='bbox 1273 4322 1341 4375; x_wconf 88' lang='lat' dir='ltr'><strong>Lod.</strong></span> 
     </span>
    </p>

    <p class='ocr_par' dir='ltr' id='par_1_16' title="bbox 287 4395 1516 4468">
     <span class='ocr_line' id='line_1_49' title="bbox 287 4395 1516 4468; baseline 0.003 -20"><span class='ocrx_word' id='word_1_476' title='bbox 287 4401 332 4454; x_wconf 84' lang='grc'><strong>19.</strong></span> <span class='ocrx_word' id='word_1_477' title='bbox 350 4397 384 4448; x_wconf 88' lang='lat' dir='ltr'><em>N</em></span> <span class='ocrx_word' id='word_1_478' title='bbox 388 4405 416 4447; x_wconf 89' lang='lat' dir='ltr'><strong>st</strong></span> <span class='ocrx_word' id='word_1_479' title='bbox 425 4396 459 4463; x_wconf 84' lang='lat' dir='ltr'><strong>L]</strong></span> <span class='ocrx_word' id='word_1_480' title='bbox 471 4395 530 4450; x_wconf 81' lang='lat' dir='ltr'><strong>ald.</strong></span> <span class='ocrx_word' id='word_1_481' title='bbox 541 4397 607 4451; x_wconf 84' lang='lat' dir='ltr'><strong>Lod.</strong></span> <span class='ocrx_word' id='word_1_482' title='bbox 629 4424 664 4436; x_wconf 93' lang='lat'>-</span> <span class='ocrx_word' id='word_1_483' title='bbox 683 4415 738 4449; x_wconf 90' lang='lat' dir='ltr'><strong>non</strong></span> <span class='ocrx_word' id='word_1_484' title='bbox 750 4406 780 4449; x_wconf 86' lang='lat' dir='ltr'><strong>et</strong></span> <span class='ocrx_word' id='word_1_485' title='bbox 792 4398 820 4452; x_wconf 80' lang='lat' dir='ltr'><strong>L.</strong></span> <span class='ocrx_word' id='word_1_486' title='bbox 836 4397 1043 4451; x_wconf 70' lang='lat' dir='ltr'><strong>reinolterstu.</strong></span> <span class='ocrx_word' id='word_1_487' title='bbox 1064 4425 1101 4439; x_wconf 93' lang='lat'><em>-</em></span> <span class='ocrx_word' id='word_1_488' title='bbox 1119 4397 1172 4450; x_wconf 87' lang='lat' dir='ltr'><strong>NL</strong></span> <span class='ocrx_word' id='word_1_489' title='bbox 1185 4395 1269 4468; x_wconf 76' lang='lat' dir='ltr'><strong>Lngd.</strong></span> <span class='ocrx_word' id='word_1_490' title='bbox 1278 4396 1516 4453; x_wconf 69' lang='lat' dir='ltr'><strong>nonnionem.</strong></span> 
     </span>
    </p>

    <p class='ocr_par' dir='ltr' id='par_1_17' title="bbox 213 4468 1517 4766">
     <span class='ocr_line' id='line_1_50' title="bbox 288 4468 1516 4543; baseline -0.002 -16"><span class='ocrx_word' id='word_1_491' title='bbox 288 4477 333 4527; x_wconf 78' lang='grc'><strong>20.</strong></span> <span class='ocrx_word' id='word_1_492' title='bbox 354 4472 427 4524; x_wconf 86' lang='lat' dir='ltr'><strong>inter</strong></span> <span class='ocrx_word' id='word_1_493' title='bbox 447 4471 525 4524; x_wconf 79' lang='lat' dir='ltr'><strong>verbs</strong></span> <span class='ocrx_word' id='word_1_494' title='bbox 544 4490 599 4524; x_wconf 88' lang='lat' dir='ltr'><strong>non</strong></span> <span class='ocrx_word' id='word_1_495' title='bbox 617 4473 719 4543; x_wconf 81' lang='lat' dir='ltr'><strong>liquere</strong></span> <span class='ocrx_word' id='word_1_496' title='bbox 735 4487 816 4542; x_wconf 82' lang='lat' dir='ltr'><strong>atque</strong></span> <span class='ocrx_word' id='word_1_497' title='bbox 832 4472 871 4525; x_wconf 82' lang='lat' dir='ltr'><strong>Et</strong></span> <span class='ocrx_word' id='word_1_498' title='bbox 885 4471 948 4523; x_wconf 88' lang='lat' dir='ltr'><strong>ideo</strong></span> <span class='ocrx_word' id='word_1_499' title='bbox 964 4475 1094 4524; x_wconf 83' lang='lat' dir='ltr'><strong>intertum</strong></span> <span class='ocrx_word' id='word_1_500' title='bbox 1111 4487 1152 4525; x_wconf 85' lang='lat' dir='ltr'><strong>est</strong></span> <span class='ocrx_word' id='word_1_501' title='bbox 1170 4468 1332 4543; x_wconf 78' lang='lat' dir='ltr'><strong>praecedens</strong></span> <span class='ocrx_word' id='word_1_502' title='bbox 1346 4469 1470 4523; x_wconf 83' lang='lat' dir='ltr'><strong>scholion</strong></span> <span class='ocrx_word' id='word_1_503' title='bbox 1489 4477 1516 4524; x_wconf 89' lang='lat' dir='ltr'><strong>in</strong></span> 
     </span>
     <span class='ocr_line' id='line_1_51' title="bbox 213 4541 1517 4616; baseline 0.004 -20"><span class='ocrx_word' id='word_1_504' title='bbox 213 4541 293 4599; x_wconf 89' lang='lat' dir='ltr'><strong>editt.</strong></span> <span class='ocrx_word' id='word_1_505' title='bbox 314 4548 406 4600; x_wconf 80' lang='lat' dir='ltr'><strong>Ptine.</strong></span> <span class='ocrx_word' id='word_1_506' title='bbox 419 4545 525 4600; x_wconf 85' lang='lat' dir='ltr'><strong>Berald.</strong></span> <span class='ocrx_word' id='word_1_507' title='bbox 539 4546 599 4601; x_wconf 70' lang='lat' dir='ltr'><strong>did.</strong></span> <span class='ocrx_word' id='word_1_508' title='bbox 614 4548 679 4601; x_wconf 84' lang='lat' dir='ltr'><strong>Lod.</strong></span> <span class='ocrx_word' id='word_1_509' title='bbox 718 4548 804 4600; x_wconf 80' lang='lat' dir='ltr'><strong>Verba</strong></span> <span class='ocrx_word' id='word_1_510' title='bbox 824 4547 861 4599; x_wconf 81' lang='lat' dir='ltr'><strong>Et</strong></span> <span class='ocrx_word' id='word_1_511' title='bbox 880 4547 942 4598; x_wconf 88' lang='lat' dir='ltr'><strong>idco</strong></span> <span class='ocrx_word' id='word_1_512' title='bbox 959 4576 976 4588; x_wconf 92' lang='lat'>-</span> <span class='ocrx_word' id='word_1_513' title='bbox 994 4576 1013 4588; x_wconf 91' lang='lat'><em>-</em></span> <span class='ocrx_word' id='word_1_514' title='bbox 1030 4577 1049 4588; x_wconf 95' lang='lat'>-</span> <span class='ocrx_word' id='word_1_515' title='bbox 1068 4552 1263 4616; x_wconf 78' lang='lat' dir='ltr'><strong>conscripserit</strong></span> <span class='ocrx_word' id='word_1_516' title='bbox 1278 4550 1306 4598; x_wconf 88' lang='lat' dir='ltr'><strong>in</strong></span> <span class='ocrx_word' id='word_1_517' title='bbox 1320 4543 1418 4598; x_wconf 82' lang='lat' dir='ltr'><strong>lisdem</strong></span> <span class='ocrx_word' id='word_1_518' title='bbox 1437 4545 1517 4602; x_wconf 91' lang='lat' dir='ltr'><strong>editt.</strong></span> 
     </span>
     <span class='ocr_line' id='line_1_52' title="bbox 214 4619 1515 4694; baseline 0.002 -22"><span class='ocrx_word' id='word_1_519' title='bbox 214 4624 307 4673; x_wconf 79' lang='lat' dir='ltr'><strong>iuncta</strong></span> <span class='ocrx_word' id='word_1_520' title='bbox 330 4638 394 4673; x_wconf 87' lang='lat' dir='ltr'><strong>com</strong></span> <span class='ocrx_word' id='word_1_521' title='bbox 420 4623 594 4691; x_wconf 78' lang='lat' dir='ltr'><strong>sequentibus</strong></span> <span class='ocrx_word' id='word_1_522' title='bbox 621 4623 694 4675; x_wconf 80' lang='lat' dir='ltr'><strong>Vult</strong></span> <span class='ocrx_word' id='word_1_523' title='bbox 712 4640 783 4691; x_wconf 76' lang='lat' dir='ltr'><strong>ergo</strong></span> <span class='ocrx_word' id='word_1_524' title='bbox 799 4638 853 4677; x_wconf 85' lang='lat' dir='ltr'><strong>cet.</strong></span> <span class='ocrx_word' id='word_1_525' title='bbox 873 4620 907 4673; x_wconf 89' lang='lat' dir='ltr'><strong>ab</strong></span> <span class='ocrx_word' id='word_1_526' title='bbox 932 4621 976 4673; x_wconf 86' lang='lat' dir='ltr'><strong>his</strong></span> <span class='ocrx_word' id='word_1_527' title='bbox 995 4636 1201 4694; x_wconf 78' lang='lat' dir='ltr'><strong>separaverunt,</strong></span> <span class='ocrx_word' id='word_1_528' title='bbox 1232 4637 1262 4673; x_wconf 88' lang='lat' dir='ltr'><strong>ot</strong></span> <span class='ocrx_word' id='word_1_529' title='bbox 1291 4619 1324 4672; x_wconf 84' lang='lat' dir='ltr'><strong>ed</strong></span> <span class='ocrx_word' id='word_1_530' title='bbox 1353 4621 1515 4693; x_wconf 81' lang='lat' dir='ltr'><strong>praecedens</strong></span> 
     </span>
     <span class='ocr_line' id='line_1_53' title="bbox 213 4694 934 4766; baseline 0 -18"><span class='ocrx_word' id='word_1_531' title='bbox 213 4695 338 4748; x_wconf 81' lang='lat' dir='ltr'><strong>scholion</strong></span> <span class='ocrx_word' id='word_1_532' title='bbox 356 4709 549 4761; x_wconf 79' lang='lat' dir='ltr'><strong>annecterent,</strong></span> <span class='ocrx_word' id='word_1_533' title='bbox 570 4694 655 4766; x_wconf 79' lang='lat' dir='ltr'><strong>Lngd.</strong></span> <span class='ocrx_word' id='word_1_534' title='bbox 674 4697 738 4752; x_wconf 84' lang='grc' dir='ltr'><strong>Ηοι.</strong></span> <span class='ocrx_word' id='word_1_535' title='bbox 758 4696 835 4750; x_wconf 85' lang='lat' dir='ltr'><strong>Men.</strong></span> <span class='ocrx_word' id='word_1_536' title='bbox 853 4698 934 4750; x_wconf 84' lang='lat' dir='ltr'><strong>Creo.</strong></span> 
     </span>
    </p>
   </div>
   <div class='ocr_carea' id='block_1_4' title="bbox 287 4769 1465 4844">
    <p class='ocr_par' dir='ltr' id='par_1_18' title="bbox 287 4769 1465 4844">
     <span class='ocr_line' id='line_1_54' title="bbox 287 4769 1465 4844; baseline -0.002 -17"><span class='ocrx_word' id='word_1_537' title='bbox 287 4770 359 4827; x_wconf 79' lang='lat' dir='ltr'><strong>tntu.</strong></span> <span class='ocrx_word' id='word_1_538' title='bbox 379 4769 419 4825; x_wconf 76' lang='lat' dir='ltr'><strong>Bt</strong></span> <span class='ocrx_word' id='word_1_539' title='bbox 432 4769 505 4839; x_wconf 72' lang='lat' dir='ltr'><strong>ideo]</strong></span> <span class='ocrx_word' id='word_1_540' title='bbox 527 4774 617 4828; x_wconf 83' lang='lat' dir='ltr'><strong>Ptine.</strong></span> <span class='ocrx_word' id='word_1_541' title='bbox 631 4769 737 4827; x_wconf 80' lang='lat' dir='ltr'><strong>Bereid.</strong></span> <span class='ocrx_word' id='word_1_542' title='bbox 751 4769 810 4828; x_wconf 79' lang='lat' dir='ltr'><strong>did.</strong></span> <span class='ocrx_word' id='word_1_543' title='bbox 824 4770 893 4828; x_wconf 78' lang='lat' dir='ltr'><strong>tot.</strong></span> <span class='ocrx_word' id='word_1_544' title='bbox 904 4794 946 4816; x_wconf 89' lang='lat'>····</span> <span class='ocrx_word' id='word_1_545' title='bbox 964 4777 1015 4825; x_wconf 78' lang='lat' dir='ltr'><strong>atti</strong></span> <span class='ocrx_word' id='word_1_546' title='bbox 1033 4769 1095 4827; x_wconf 73' lang='lat' dir='ltr'><strong>ideo</strong></span> <span class='ocrx_word' id='word_1_547' title='bbox 1115 4769 1201 4844; x_wconf 65' lang='lat' dir='ltr'><strong>tuga.</strong></span> <span class='ocrx_word' id='word_1_548' title='bbox 1214 4772 1279 4826; x_wconf 84' lang='lat' dir='ltr'><strong>Hot.</strong></span> <span class='ocrx_word' id='word_1_549' title='bbox 1289 4769 1371 4827; x_wconf 67' lang='grc' dir='ltr'><strong>Μία.</strong></span> <span class='ocrx_word' id='word_1_550' title='bbox 1384 4770 1465 4826; x_wconf 83' lang='lat' dir='ltr'><strong>Gren.</strong></span> 
     </span>
    </p>
   </div>
   <div class='ocr_carea' id='block_1_5' title="bbox 0 0 1610 5280">
    <p class='ocr_par' dir='ltr' id='par_1_19' title="bbox 0 0 1610 5280">
     <span class='ocr_line' id='line_1_55' title="bbox 0 0 1610 5280; baseline 0 0"><span class='ocrx_word' id='word_1_551' title='bbox 0 0 1610 5280; x_wconf 95' lang='lat' dir='ltr'><strong> </strong></span> 
     </span>
    </p>
   </div>
  </div>
 </body>
</html>
