3210 5280
431 173 917 289 1n'onemeos‘rnsn.
940 221 989 287 ιιι
1012 221 1111 288 sen.
1363 223 1423 288 ere

197 361 234 440 2.
261 365 304 440 L.
333 365 435 440 Piso.

204 487 264 530 -¹
287 484 465 547 insectatur
482 502 545 547 non
566 494 684 548 tantum
707 498 812 547 mores
828 479 911 557 eins,
935 484 991 545 sed
1012 480 1103 545 etiam
1128 481 1303 548 liniamenta
1318 483 1423 548 voltus

120 586 152 639 et
181 597 302 640 omnem
334 577 492 650 habitum,
530 597 595 660 qino
631 576 818 662 gravitatem
847 595 911 639 non
941 576 1121 658 praeferat,
1154 579 1211 639 sed
1243 576 1421 640 mentiatur.

120 670 236 734 Oratio
252 691 321 732 cum
337 672 506 733 acerbitate
527 670 681 733 stomachi
700 679 871 752 concepta,
894 679 929 733 nt
941 668 1018 752 ipsis
1033 670 1204 731 verborum
1221 670 1421 753 qrralitatibns

118 761 238 825 animus
260 761 423 825 irascentis
447 775 610 843 appareat.
1358 848 1361 854 Ι
1431 759 1447 811 ⁵

197 888 230 959 3.
258 884 334 962 Sed
359 870 406 959 ne
432 886 532 960 luctu
558 887 704 987 quidem
729 912 771 961 ae
797 888 932 961 vestitu
957 888 1014 961 rei
1039 913 1075 986 p.
1103 889 1310 962 subvenire.

178 1004 306 1085 'Quum
332 1004 525 1067 decrevisset
546 1004 627 1068 enim
650 1017 773 1068 senatus
798 1003 896 1068 vestis
923 1003 1152 1081 mutationem,
1167 1004 1311 1069 videlicet
1335 1005 1422 1070 adin-

118 1109 207 1161 turus
228 1118 351 1161 cansam
375 1097 565 1174 Ciceronis,
589 1101 629 1162 ab
643 1097 750 1162 iisdem
767 1098 947 1161 consulibus
968 1110 1098 1162 coactns
1112 1109 1160 1161 est
1181 1100 1316 1162 habitum
1332 1120 1421 1162 sunm

116 1191 303 1274 pristinum,
326 1192 488 1256 laetiorem
508 1191 646 1268 scilieet,
669 1212 871 1275 recuperare.
915 1193 958 1255 Et
978 1213 1013 1254 se
1033 1190 1133 1274 igitur
1156 1190 1342 1273 amplificat,
1367 1189 1420 1275 qni

117 1287 175 1366 [P.
192 1286 280 1367 aab]
303 1297 420 1349 tanturm
444 1286 586 1349 dolorem
616 1285 751 1349 omnium
782 1283 930 1362 mernit²,
966 1296 997 1348 et
1021 1285 1104 1348 herne
1124 1285 1212 1377 qrrasi
1237 1287 1464 1365 tyranunm³to

122 1378 312 1456 insectatur,
339 1380 394 1464 qui
414 1380 534 1444 senatui
555 1401 613 1442 neo
633 1380 744 1462 lugere
764 1378 956 1462 permiserit.

197 1500 233 1577 4.
264 1501 456 1602 Capuaene
482 1514 518 1577 te
544 1498 727 1602 putabas?
859 1550 864 1570 .

205 1620 279 1685 Fuit
301 1621 380 1685 enim
403 1621 482 1687 Piso
504 1621 629 1686 natione
652 1619 865 1704 Campannsl.
898 1620 1047 1710 Ruspinae⁵
1076 1618 1181 1706 itaque
1203 1619 1422 1703 Capnensibns

121 1712 272 1797 adscribit
293 1714 403 1778 vitium
427 1714 614 1798 superbiae:
636 1718 724 1800 qnod
744 1715 844 1797 ipsum
870 1727 902 1780 et
928 1715 959 1780 in
981 1737 1015 1780 ea
1043 1717 1186 1782 oratione
1213 1718 1307 1794 lacit,
1330 1741 1422 1804 qnam

120 1805 229 1870 habuit
252 1820 362 1871 eontra
389 1808 494 1892 legem
516 1808 673 1895 agrariam
693 1808 854 1893 copiosius
876 1809 975 1872 multo
1000 1821 1032 1874 et
1057 1809 1200 1874 ellusins.
1434 1814 1464 1862 ¹⁵

198 1925 234 2005 5.
262 1930 317 2004 Te
352 1931 626 2006 misericordem
659 1927 803 2007 luisse?
841 1955 914 2032 quo
946 1935 1063 2008 verbo
1096 1944 1242 2009 ceteros
1276 1935 1424 2010 demon·

121 2044 269 2118 strabae
294 2043 462 2118 crudeles
492 2046 618 2120 fnisse.

200 2154 257 2224 Ἕκ
279 2161 336 2225 τοῦ
357 2161 512 2228 ἐναντίου.
553 2160 748 2248 syllogismo
778 2183 853 2226 nsns
884 2173 932 2226 est
956 2162 1141 2226 brevitera
1175 2163 1355 2242 contrario,
1389 2176 1423 2229 nt

121 2252 175 2339 qui
197 2274 231 2318 se
254 2251 485 2319 misericordem
507 2255 636 2333 dixerit,
661 2255 874 2319 crudelitatem
896 2255 1015 2320 senatui
1037 2258 1291 2339 exprobraverit.

198 2371 234 2452 6.
263 2377 320 2452 Τιι
345 2380 558 2454 misericors
584 2405 641 2454 me
667 2361 821 2463 adfinem
846 2378 974 2454 ῐιιιιιιι6
1001 2383 1240 2456 constrictum
1265 2383 1422 2457 inimicis
1432 2383 1464 2432 ²⁰

120 2490 318 2563 tradidisti.

202 2603 263 2673 'En
307 2651 317 2671 .
360 2652 371 2672 .
412 2633 490 2694 pero
534 2654 544 2674 .
589 2653 600 2675 .
644 2607 739 2674 .⁷in
771 2613 900 2674 eundem
935 2608 1083 2675 Pisonem
1114 2610 1245 2676 retorsit
1274 2610 1421 2678 invidiam

122 2701 336 2777 crudelitatis,
360 2702 413 2786 qni
436 2725 493 2767 nec
514 2703 575 2770 sibi
598 2705 860 2789 contemplatione
881 2703 1049 2769 adfinitatis
1069 2727 1161 2788 opem
1175 2705 1298 2783 tulerit,
1322 2708 1422 2794 magis

122 2795 319 2879 consentiens
344 2795 519 2861 actionibus
541 2797 717 2863 Clodianis.

197 2912 235 2994 7.
261 2919 430 2994 Nondum
455 2921 573 3020 palam
600 2922 734 2996 sactum
761 2933 843 2997 erat
867 2923 1046 2997 occidisse
1071 2948 1150 2997 rem
1175 2949 1212 3022 p.
1433 2937 1466 2988 as

205 3037 296 3101 Haec
315 3037 405 3101 etiam
420 3035 596 3130 μεταφορὰ
610 3052 657 3104 est
671 3043 711 3103 ab
725 3039 902 3105 hominibus
917 3040 975 3104 iam
998 3040 1169 3104 demortuis
1184 3052 1214 3103 et
1233 3043 1422 3123 deploratis,

122 3131 297 3215 dequibus
320 3131 858 3210 diciturPALAMFACTUM,
888 3156 982 3220 quum
1008 3152 1097 3198 mors
1120 3155 1227 3197 eorunm
1251 3135 1423 3201 enuntiatur.

123 3223 270 3288 Arbitrio
286 3248 365 3291 vero
386 3226 523 3302 lnneris,
547 3238 690 3310 sumptus
712 3226 788 3290 dieii
808 3226 900 3305 illos,
926 3226 979 3312 qui
1001 3227 1040 3289 ad
1060 3226 1282 3290 exhibitionem
1303 3227 1423 3294 lunaris

121 3315 344 3400 impenduntur
372 3341 430 3401 pen
460 3340 534 3395 eos,
568 3320 622 3404 qui
651 3319 863 3405 expediendae
891 3321 1070 3406 sepulturae
1097 3321 1226 3384 enram⁸
1257 3325 1423 3388 sustinent.

120 3410 168 3476 Et
186 3412 247 3475 hos
268 3431 348 3498 ergo
369 3412 541 3477 inimieosl
584 3413 603 3448 ⁶
643 3413 661 3448 ⁶
703 3413 721 3448 ⁶
1309 3419 1312 3427 '
1435 3423 1466 3474 tt

473 3533 771 3636 [Desiderantur
797 3537 965 3648 paginae
994 3533 1084 3638 sem]

173 3664 254 3740 XV.
282 3658 316 3739 l.
342 3663 444 3739 Nom
470 3667 510 3739 C.
535 3665 704 3739 Marius.

208 3783 263 3866 [Q.
289 3782 384 3846 LVI.
408 3783 450 3847 P.
474 3778 565 3861 232]
607 3781 626 3818 ⁶
645 3781 663 3818 ⁹
684 3781 703 3816 ⁶
723 3780 742 3818 “
761 3794 878 3847 senotn
892 3785 1078 3848 decernente
1092 3806 1163 3858 corn
1176 3783 1243 3849 lilio
1264 3783 1420 3858 exulavit,

124 3886 156 3939 et
176 3875 209 3940 in
227 3876 338 3940 Africa
360 3874 480 3940 delituit
501 3873 707 3961 aliquamdiu,
730 3887 843 3960 postea
865 3898 944 3943 vero
959 3877 1044 3942 bello
1062 3875 1149 3941 cirili
1164 3888 1299 3953 exorto,
1320 3877 1425 3960 qnod⁹

194 4069 218 4117 l.
237 4071 342 4127 Spatium
361 4071 472 4116 versit-oli
489 4070 534 4116 Gr.
578 4067 604 4115 2.
624 4067 750 4128 (Fortasse
770 4073 897 4117 merserit.
925 4071 986 4127 Oa.)
1027 4071 1051 4117 3.
1071 4071 1131 4118 Cod.
1150 4077 1276 4139 reponens.¹
1318 4078 1343 4136 ⁴.
1362 4077 1424 4118 cod.

261 4153 376 4198 reponere.
413 4138 902 4210 s.1n‹oate0ne·nrmesapmg.
940 4138 965 4186 6.
983 4141 1144 4187 Comitatus.
1181 4139 1210 4187 7.
1228 4141 1367 4187 Veraienlea
1378 4141 1423 4187 Ge.

264 4210 364 4256 deletus.
401 4207 426 4255 d.
444 4209 506 4256 Cod.
524 4222 619 4255 eorem.
657 4208 681 4256 9.
700 4211 761 4256 Coi.
780 4216 870 4257 exorta
886 4223 943 4271 qao.

194 4310 239 4366 15.
259 4309 432 4381 Quamquam
451 4327 548 4382 genere
561 4308 736 4377 Gallicanos,
756 4325 849 4364 tameo
860 4312 970 4384 capuae
988 4323 1068 4363 sarna
1087 4324 1145 4364 erat
1157 4310 1237 4377 Piso,
1256 4311 1329 4386 qnod
1348 4327 1427 4386 prae-

123 4397 165 4435 ter
188 4398 315 4438 nostram
343 4388 520 4456 interpretem
546 4381 619 4437 hand
644 4389 705 4438 ecio
730 4401 765 4438 au
789 4389 934 4460 qaisquam
958 4383 1067 4438 dixerit.
1116 4388 1204 4456 Atque
1224 4388 1290 4441 binc
1314 4389 1426 4440 demam

122 4457 302 4530 intelligimus
320 4458 405 4512 Tullii
426 4455 649 4533 reprehendentis
668 4475 794 4516 acumen.
832 4460 958 4516 milis.
1003 4460 1110 4526 (Meros
1129 4460 1176 4513 bic
1195 4478 1236 4517 est
1254 4463 1425 4520 scholiastae

122 4550 216 4596 error,
237 4548 252 4584 a
273 4534 350 4588 blais
370 4538 456 4587 nimia
476 4550 541 4588 cnm
559 4530 693 4589 iaoilitate
712 4549 837 4611 receptos
857 4550 888 4589 ae
905 4549 1080 4610 propagatus.
1111 4535 1176 4605 Oa.)

196 4610 244 4815 ἐξ).
261 4607 566 4825 {iiidiefiiunoren
595 4680 752 4739 formulam.
803 4683 932 4740 statue.
992 4685 1079 4754 <sain
1107 4701 1174 4742 oeta
1201 4689 1301 4745 eriam·
1317 4686 1427 4743 abrade

121 4770 190 4812 erat.
244 4773 271 4815 a.
422 4789 425 4792 >
872 4790 879 4812 ι
