3210 5280
485 189 534 256 lu
557 189 698 255 onst.
720 189 818 257 PRO
837 187 1059 259 PLANCIO.
1360 191 1422 258 261

191 327 396 409 xxv1.1.
435 332 549 408 Iubes
587 332 792 407 Plancium
826 336 870 409 de
900 333 1008 409 vitiis
1039 333 1258 409 Laterensis
1292 333 1426 408 dicere.

114 443 232 523 Nihil
248 461 396 543 potest,
423 443 500 518 uisi
524 466 610 517 eum
628 441 744 516 nimis
769 443 808 516 iu
824 469 865 518 se
882 444 1111 518 iracundum
1122 443 1281 542 putabis
1287 444 1426 540 fuisse

203 559 259 644 [P.
275 560 415 641 160.].
449 602 460 624 .
503 557 648 663 .partim
670 557 831 624 malitiosis
860 558 1024 623 fraudibus
1044 561 1305 651 deprehensum¹.
1347 560 1426 624 Ideo

116 658 240 718 tantum
268 652 397 738 negavit
425 654 465 718 ab
493 672 527 716 se
555 648 661 714 statim
690 651 809 733 puniri,
845 654 933 736 quod
956 652 1056 716 iratus
1084 664 1177 717 esset.
1221 652 1348 734 Quippe
1376 652 1427 717 vir

115 745 271 828 sapientia
292 746 453 832 praeditus
475 746 587 810 altiore
608 763 672 806 non
696 745 819 826 putavit
841 744 948 809 iudicii
968 745 1106 811 futurum
1128 744 1279 832 quidquid
1298 744 1451 810 iecissets

115 838 250 905 iratus.-

203 958 240 1037 2.
266 962 351 1037 Nou
367 988 504 1038 vereor
520 988 567 1037 ue
585 960 674 1036 mihi
692 961 848 1061 aliquid,
874 963 1035 1062 iudices,
1061 944 1212 1039 videar²
1233 963 1426 1065 adrogare,

118 1076 154 1150 si
180 1076 225 1148 de
251 1085 450 1175 quaestura
477 1086 561 1148 mea
582 1076 723 1151 dixero.

203 1193 249 1258 Ut
278 1213 312 1257 se
340 1193 525 1257 Laterensis
554 1197 735 1257 ostenderet
764 1190 919 1256 aedib‘tate
943 1191 1042 1257 irrisae
1074 1188 1207 1255 Plancio
1232 1187 1436 1275 digniorem,

117 1295 425 1349 commemoraverat
459 1307 493 1349 se
529 1287 613 1366 apud
647 1288 821 1352 Praeneste
853 1289 945 1350 ludos
977 1283 1130 1348 edidisse:
1168 1281 1303 1362 Cyrenis
1337 1282 1426 1346 etiam
1439 1292 1470 1341 tt

117 1398 239 1443 stimma
261 1378 448 1443 liberalitate
469 1380 502 1444 iu
523 1378 710 1462 publicanos
734 1381 854 1467 egisse;
876 1379 908 1443 in
924 1377 1029 1444 socios
1043 1376 1140 1441 fuisse
1155 1377 1309 1459 denique³
1322 1375 1428 1439 iustis·

118 1470 245 1536 simum.
304 1472 395 1552 Quae
422 1472 525 1537 omnia
554 1472 719 1537 iactantius
748 1476 787 1536 ab
819 1472 875 1535 illo
905 1471 989 1537 dicta
1015 1490 1107 1554 quam
1140 1469 1302 1552 eleganter
1327 1467 1431 1531 elevet

120 1575 154 1628 et
178 1563 294 1627 abiciat
312 1565 366 1628 Μ.
394 1564 536 1639 Tullius,
561 1565 811 1629 consideremus.
855 1566 1053 1629 Persuadere
1079 1563 1148 1624 vult
1169 1583 1301 1647 namque
1326 1557 1428 1624 omnia

118 1654 192 1733 illa,
216 1677 296 1740 quae
314 1655 394 1722 ioris
420 1658 572 1742 gesserit,
597 1668 674 1740 aput
698 1655 918 1722 conscientiam
945 1655 1056 1740 populi
1079 1656 1122 1718 R.
1149 1655 1246 1718 latere
1273 1652 1428 1736 potuisse.

122 1753 176 1815 Ac
200 1771 240 1813 ne
264 1750 409 1814 acerbius
433 1752 565 1814 auianum
580 1752 732 1814 laederet
759 1732 929 1825 audientis,
953 1752 991 1812 de
1014 1760 1181 1833 quaestura
1202 1769 1257 1810 sua
1280 1746 1346 1831 egit
1367 1760 1471 1810 nonts

121 1843 190 1907 sine
226 1841 330 1926 ligura
361 1845 593 1933 cuyaptcsuc⁴3
636 1847 723 1927 quod
756 1866 850 1950 qurum
880 1842 1059 1922 Lilybaco⁵
1088 1843 1245 1905 decedens
1274 1841 1431 1906 Puteolos

122 1941 342 2011 adventasset,
378 1958 486 2003 omnes
513 1960 581 2003 eum
608 1937 826 2020 ignoraverint
851 1937 952 2026 primo
979 1958 1020 2000 ex
1042 1933 1227 2017 provincia,
1259 1932 1354 1995 tunc⁶
1375 1936 1430 1996 de·

121 2030 196 2095 inde
224 2051 265 2094 ex
286 2029 408 2105 Sicilia
430 2035 471 2094 ad
497 2033 693 2100 οιιῑιιιιιιιιιι1
722 2053 761 2094 ex
790 2027 1018 2110 Lilybaetana⁸
1052 2026 1181 2101 venire;
1219 2024 1372 2108 quibus
1363 2045 1431 2106 rpse

122 2121 212 2187 varia
233 2121 462 2187 sciscitantibus
486 2125 659 2191 novissime
682 2148 750 2189 cum
766 2124 969 2208 permistione
983 2122 1115 2205 quisdam
1130 2116 1283 2186 stomachi
1296 2138 1432 2198 respou-

123 2216 182 2299 [P.
206 2216 296 2298 159.]
315 2217 415 2291 derit,
438 2239 472 2281 se
495 2221 536 2280 ad
559 2240 657 2305 aqtvas
681 2216 787 2303 potius
808 2216 838 2279 in
867 2212 1077 2296 Campalniam
1106 2210 1248 2286 venisse,
1272 2223 1305 2273 ut
1331 2209 1432 2272 inter·
1418 2228 1475 2276 ·to

122 2309 309 2393 rogationes
332 2309 474 2392 ipsorum
496 2308 535 2373 ab
550 2333 584 2374 se
607 2323 789 2394 respueret,
814 2329 894 2394 qrtos
916 2304 1047 2369 moleste
1072 2304 1223 2369 serebat
1213 2325 1344 2389 ignaros
1365 2324 1433 2366 esse

125 2412 331 2489 quaesturae,
365 2423 458 2509 quam
484 2425 517 2466 se
544 2407 725 2468 meminerat
753 2422 863 2508 magna
893 2423 962 2468 eum
992 2401 1083 2463 laude
1109 2398 1256 2485 gessisse.
1301 2395 1434 2461 Proicit

122 2497 163 2560 ad
187 2494 270 2559 illam
292 2496 531 2578 responsionem
551 2497 646 2562 multa
661 2496 815 2562 Romae
806 2492 970 2578 ignorari,
999 2514 1080 2578 qttae
1101 2492 1183 2556 soris
1207 2503 1295 2576 gestu
1320 2501 1392 2554 stent
1417 2511 1434 2553 a
1550 2520 1556 2535 ·

122 2586 341 2651 senatoribus:
366 2609 402 2651 ac
420 2600 590 2670 propterea
606 2592 811 2654 Laterensem
831 2588 951 2651 frustra
967 2585 998 2649 in
1014 2585 1093 2662 illis,
1117 2604 1196 2663 quae
1212 2595 1301 2646 extra
1323 2586 1433 2646 urbem

124 2691 285 2767 gesserat,
309 2680 454 2745 babuisse
480 2680 638 2747 fiduciam.
682 2685 719 2748 ln
746 2694 888 2746 extremo
911 2692 1011 2744 tameo
1036 2679 1097 2742 line
1122 2677 1214 2741 buius
1239 2676 1348 2760 capitis
1376 2677 1433 2739 ali·
1444 2703 1475 2751 ts

124 2785 245 2857 quanto
267 2774 434 2837 obscurius
455 2768 554 2840 dixit.
1347 2788 1355 2803 ¹

204 2894 313 2969 XXb
315 2896 364 2971 11
392 2891 427 2972 l.
455 2897 532 2975 Sed
549 2927 592 2974 ea
608 2925 694 2998 res
720 2901 885 2995 iudices,
902 2895 1020 2973 baud⁹
1048 2899 1126 2971 scio
1147 2921 1194 2968 an
1210 2896 1328 2994 pluris
1346 2892 1434 2967 mihi

126 3006 261 3102 suerit,
288 3034 394 3106 quam
422 3013 454 3085 si
480 3013 569 3085 mibi
594 3023 669 3086 tum
697 3021 823 3086 esseut
848 2987 974 3084 ouiues
997 3008 1182 3109 gratulati.

213 3125 289 3188 Hoc
313 3125 372 3204 ait,
397 3127 495 3210 magis
519 3129 650 3193 lactatus
675 3152 743 3193 sum
770 3129 936 3213 ignorasse
965 3126 1100 3200 multos,
1125 3146 1166 3188 ex
1189 3145 1250 3208 qua
1273 3119 1435 3229 provincia

127 3221 287 3294 venirem,
311 3220 453 3303 quamsi
471 3221 608 3285 venienti
624 3222 699 3286 mihi
713 3224 958 3307 gratularentur.
1002 3219 1225 3303 Perstringere
1240 3217 1320 3279 enim
1335 3215 1437 3280 voluit
1447 3233 1478 3281 st

130 3309 278 3373 invidiam
304 3313 479 3393 praesidum
492 3316 534 3391 ¹⁰,
568 3315 621 3398 qui
647 3316 823 3399 spoliatis¹¹
851 3310 1024 3396 provinciis
1048 3322 1267 3376 tevet¹⁸n¹t¹t²
1300 3329 1337 3372 ²⁰
1360 3327 1438 3389 ΡΜ·

131 3412 244 3488 pterea
260 3424 316 3468 eos
337 3405 428 3468 amici
443 3406 491 3469 sui
505 3429 575 3470 crim
591 3409 800 3493 gratulatione
814 3406 1000 3491 suscipiant,
1023 3407 1112 3491 quod
1133 3403 1244 3468 divites
1262 3400 1438 3466 evenerint.

205 3522 242 3601 2.
268 3526 402 3603 Eadem
429 3532 561 3629 igitur,
596 3532 723 3630 Cassi,
760 3535 820 3607 via
845 3532 983 3606 munita
1008 3528 1205 3602 Laterensi
1232 3538 1309 3622 est,
1342 3526 1437 3598 idem

129 3640 280 3714 virtutis
307 3665 438 3714 cursus
466 3644 512 3715 ad
537 3643 713 3743 gloriam,
750 3643 820 3718 boe
854 3643 999 3717 facilior
1025 3640 1207 3736 sortasse,
1245 3637 1344 3737 quod
1370 3659 1437 3735 ego

127 3748 199 3824 buc
225 3748 285 3824 a¹²
312 3776 369 3825 me
395 3765 500 3828 ortus
528 3765 565 3828 et
589 3781 657 3853 per
683 3782 739 3830 me
767 3759 875 3830 nixus
904 3754 1065 3830 ascendi.
1448 3788 1479 3837 ss

213 3869 299 3931 Nota
322 3869 584 3953 gratificationem
612 3874 774 3938 molestam
797 3884 921 3937 etcum
945 3870 1066 3958 magnis
1088 3867 1301 3933 amaritudinis
1323 3865 1439 3931 aculeis

129 3960 361 4043 interpositam.
405 3965 522 4029 Dicens
542 3986 674 4050 namque
700 3986 764 4030 non
790 3964 883 4029 aliter
906 3968 944 4029 ad
967 3967 1106 4029 bonores
1127 3961 1344 4044 adipiscendos
1364 3979 1439 4040 per-

130 4055 190 4138 [Q.
213 4056 291 4120 Lx.
313 4058 356 4122 Ρ.
381 4057 469 4140 188.]
502 4070 667 4124 venturum
697 4061 1025 4134 essellLaterensem,
1061 4056 1189 4140 quam¹³
1217 4053 1341 4117 Tullius
1370 4052 1438 4133 ipse

129 4179 172 4195 ·-
193 4181 235 4193 -
256 4152 295 4212 dn
317 4181 357 4197 ··
379 4153 455 4197 -¹⁴
476 4152 638 4214 subiunxit
660 4151 870 4226 testificando,
892 4171 1011 4215 senon
1035 4148 1160 4234 generis
1181 4146 1361 4219 nobilitate,
1385 4144 1441 4206 sed

143 4251 1433 4278 ---—---.-.--.-—-.-------—-—-—-

202 4317 225 4362 1.
245 4318 306 4363 (lod.
328 4316 534 4375 depraedantem.
571 4320 633 4373 (Cir.
660 4321 757 4364 cannino
775 4320 804 4364 ele
826 4319 870 4364 boc
891 4319 983 4364 semus
1005 4316 1122 4360 Wandsri
1143 4315 1295 4360 Plancianum
1321 4326 1344 4368 p.
1372 4307 1440 4361 tto.)

272 4384 296 4432 2.
316 4388 483 4433 Codrideus.
521 4386 545 4434 3.
566 4385 828 4449 Cnd.itern1nsuisae.
858 4384 883 4432 1.
902 4387 1034 4443 spatiolum
1047 4386 1081 4429 sie
1094 4387 1184 4439 repleo.
1217 4383 1241 4428 6.
1261 4379 1440 4437 (ὶο1.1.ι’ὸγσι.

272 4453 296 4500 6.
317 4455 388 4502 Tarne
406 4471 449 4513 pro
466 4464 518 4502 tum
535 4459 683 4503 archaismus
695 4464 740 4503 est.
777 4458 837 4503 vite
854 4457 907 4502 Cle.
927 4459 955 4502 ds
975 4471 1026 4511 rap.
1041 4455 1073 4500 ΙΙ.
1088 4451 1130 4511 9.;
1150 4453 1283 4504 semmaeb.
1298 4453 1442 4507 probavero

269 4539 321 4580 rap.
342 4527 373 4570 ΙΙ.
413 4525 436 4571 7.
457 4528 517 4572 eoa.
536 4526 566 4571 da
591 4533 739 4572 extremum.
777 4527 801 4571 8.
822 4528 882 4571 ent.
903 4525 1057 4584 Lilybitano.
1096 4521 1120 4571 1.
1140 4525 1200 4568 Cod.
1226 4527 1279 4567 cat.
1318 4518 1358 4564 to.
1379 4520 1440 4563 Cod.

266 4595 434 4652 praesidium.
474 4596 738 4654 1¹.Cot.spolintiis.
779 4594 819 4642 12.
839 4595 899 4643 eos.
919 4595 961 4642 ad.
1000 4591 1040 4640 13.
1060 4594 1215 4654 Campum.
1254 4588 1295 4638 11.
1314 4590 1442 4635 Perierunt

272 4664 295 4708 in
318 4665 353 4708 bis
374 4667 458 4720 spatiis
477 4667 587 4712 verstentt
606 4668 662 4714 dno.

225 4749 254 4807 ὅ.
274 4745 374 4800 Rursus
394 4745 481 4800 codsa
500 4745 727 4802 mediolanensis.
