3210 5280
430 191 481 258 IN
503 188 613 257 ACT.
636 191 666 256 1.
689 192 739 257 IN
763 188 806 257 C.
828 190 1045 257 VERREM.
1342 192 1405 257 899

168 331 318 400 Pecunia
339 332 483 414 maiore]
523 333 612 396 Bene
627 333 785 420 maiore,
816 330 966 417 quoniam
993 340 1100 394 certus
1128 341 1198 395 erat
1222 334 1261 395 de
1282 329 1407 396 iudiciis

93 427 353 511 corruurpendis3
381 438 418 500 ¹et
445 426 551 509 primo
580 447 712 510 parram
744 424 909 509 pecuniam
936 423 1040 502 dedit,
1071 413 1225 509 ‘qnoniam
1251 425 1407 490 incertum

85 524 206 588 exitum
229 522 327 587 sortis
349 532 518 603 acceperat
539 542 598 602 per
624 524 753 584 eosdem
776 530 999 600 corruptores.
1061 603 1062 606 Ἴ

172 614 255 697 Cap.
279 615 363 679 Vll.
388 615 440 677 18.
463 617 559 680 Nam
581 626 619 677 nt
633 618 676 698 Q.
691 613 915 694 Hortensius]
936 613 1000 676 Hic
1020 612 1088 675 vult
1111 615 1298 691 ostendere,
1322 615 1405 677 nude

83 719 160 792 post
193 707 448 789 desperationem
481 706 705 788 corrumpendi
740 705 849 770 iudicii
882 726 953 787 spes
990 705 1111 787 ceperit
1151 706 1297 770 Verres:
1335 707 1436 772 nami

84 806 178 879 dicit,
215 801 392 866 Hortensio
430 802 562 865 consule
596 801 782 887 designato,
818 798 992 864 Curionem
1031 801 1184 883 quendam
1219 803 1406 883 gaudentem

84 898 201 961 dixisse
224 896 343 969 Verri,
374 915 446 958 eum
472 895 702 959 absolutionem
728 914 860 977 sperare
882 896 1018 972 debere,
1048 896 1138 979 quod
1164 906 1319 977 patronus
1340 894 1407 959 eins

83 992 195 1056 consui
218 1001 266 1052 est
288 990 403 1051 sactus.
1078 1035 1080 1038 ψ

168 1088 279 1167 Quem
300 1105 367 1165 ego
388 1081 559 1145 hominem
579 1079 734 1162 horroris]
757 1079 910 1145 Dicturus
933 1102 1002 1154 eum
1031 1077 1149 1154 dixisse
1175 1100 1241 1143 rem
1265 1090 1403 1165 turpem,

83 1179 219 1243 honoris
242 1198 334 1240 causa
361 1177 450 1239 ilium
475 1197 508 1239 se
536 1176 611 1239 dicit
639 1176 820 1251 nominare,
855 1187 894 1238 ut
925 1186 958 1238 et
983 1173 1156 1237 amicitiae
1181 1172 1288 1236 iliius.
1312 1178 1450 1263 (cet,)tt

86 1275 130 1336 Et
158 1272 189 1334 in
220 1272 283 1333 hoc
310 1271 397 1332 ilium
422 1270 533 1346 laedit,
564 1291 660 1353 quum
683 1289 717 1331 se
742 1267 817 1331 dicit
842 1289 975 1351 parcere
1000 1280 1031 1331 ei
1052 1285 1189 1354 propter
1217 1272 1402 1347 amicitiam,

86 1386 168 1450 quae
191 1363 250 1426 dici
272 1384 335 1426 non
363 1365 514 1437 debeant,
539 1361 660 1444 prodit.

160 1458 225 1522 Ι19.
253 1457 349 1522 Vidit
373 1457 421 1518 ad
444 1457 557 1539 ipsium
567 1454 752 1547 fornicem
773 1452 973 1532 Fabianum]
997 1454 1127 1519 Sacram
1154 1457 1405 1544 ingredientibus

86 1550 168 1615 viam
197 1562 272 1632 post
300 1549 449 1636 tempium
481 1548 645 1624 Castoris,
676 1549 707 1611 in
737 1569 802 1633 quo
832 1546 899 1609 eius
927 1547 1065 1610 familiae
1091 1571 1203 1615 nornen
1234 1553 1405 1636 ascriptum

85 1657 147 1708 est.
192 1643 289 1718 Fabi,
313 1656 352 1705 tre
374 1644 559 1708 Maximus
580 1644 637 1705 ille
658 1665 707 1707 es.
753 1645 859 1705 Arcus
881 1641 1031 1703 Latinum
1054 1665 1117 1707 non
1140 1658 1200 1709 est.
1417 1663 1448 1712 ts

173 1739 321 1802 Verbum
331 1735 578 1827 nadiumfonit]
592 1738 693 1798 Tanta
707 1748 753 1798 est
766 1733 898 1798 amicitia
908 1737 1082 1816 praelatus,
1094 1750 1127 1800 ut
1135 1742 1246 1820 perdat
1255 1737 1404 1804 officium.

170 1831 273 1912 Quod
293 1852 397 1914 quum
426 1843 496 1892 tam
525 1831 637 1910 multi]
675 1831 725 1892 Ne
754 1829 824 1913 quis
853 1840 984 1912 qrraerat
1014 1844 1196 1907 auctorem,
1231 1836 1270 1895 de
1300 1832 1406 1895 anteitis

85 1922 249 2006 cognitum
273 1922 364 1996 dicit;
398 1924 484 2006 quod
509 1922 541 1984 iu
568 1934 736 2006 utrumque
766 1925 918 2005 prodest:
947 1934 979 1986 et
1002 1925 1142 2005 populus
1171 1947 1235 1990 non
1260 1925 1406 2009 poscitur

84 2015 175 2078 testis
197 2029 228 2077 et
249 2016 369 2080 iirurius
392 2028 457 2090 est,
482 2017 568 2098 qrrod
591 2036 608 2076 a
631 2015 774 2095 piurimis
796 2027 946 2078 cattsatur
969 2017 1121 2080 auditum.

171 2109 224 2171 20.
248 2107 604 2189 (Ratiociuabanrmn
628 2107 823 2170 Ratiocinari
845 2109 1045 2189 prudentium
1068 2120 1129 2174 est.
1414 2135 1448 2184 ρο

170 2201 286 2266 Pridie
311 2203 382 2264 iam
402 2223 436 2266 se
462 2201 534 2283 ipse
555 2201 818 2294 condemnatum
835 2201 994 2285 putabar]
1029 2203 1099 2268 Una
1122 2202 1173 2267 die
1195 2203 1292 2283 dicit,
1316 2207 1404 2292 quod

86 2298 127 2358 ad
148 2297 380 2360 absolutionem
403 2314 462 2359 reo
484 2307 640 2376 patronus
664 2293 681 2328 ὓ
704 2293 721 2328 ‘³
743 2301 761 2335 ⁴
872 2332 874 2337 .

588 2419 725 2494 (Cetera
744 2413 895 2495 desunt.)

564 2574 939 2591 ἡ

229 2724 676 2902 SCHOLIASTn
735 2728 1259 2837 GRONOVIANUS

719 2948 769 3007 IN
1414 2972 1446 3020 rs

158 3099 1414 3192 ACTIONISSECUNDAE‘.

718 3291 767 3338 tit

530 3434 574 3508 C.
628 3433 663 3507 V
688 3433 718 3507 E
744 3433 778 3509 R
804 3434 837 3508 R
865 3435 895 3509 E
921 3437 960 3510 Μ

556 3605 722 3719 ‘tranunt
748 3607 918 3668 rurutut.

639 3759 843 3773 ῃ

534 3878 949 3946 ARGUMENTUM.

171 4003 189 4039 ⁶
211 4001 228 4036 ⁰
250 4005 268 4046 ⁸
290 3999 469 4072 Philodami
491 3999 625 4082 hospitis
647 3999 741 4062 filiam
757 4021 816 4083 per
831 4001 893 4064 rim
909 4012 1055 4085 stuprare
1070 4005 1293 4087 temptaverin
1316 4009 1404 4091 qrrod

84 4117 315 4180 myoparonem
344 4095 543 4158 Milesiorum
575 4094 765 4168 vendiderit;
799 4097 1069 4179 quod'Mrdieoio
1099 4112 1270 4184 quaestore
1301 4102 1404 4165 Dola·

157 4281 184 4337 6.
203 4307 239 4321 -
259 4294 334 4345 spem
358 4274 391 4328 de
418 4275 528 4329 Graevii
549 4277 686 4326 sententia
712 4275 776 4340 Scir.
817 4279 860 4331 12.
885 4299 923 4316 -·
951 4285 979 4328 et
997 4296 1079 4348 quum
1093 4289 1213 4349 prepter
1233 4279 1265 4334 de
1292 4282 1405 4335 Graevii

82 4357 220 4407 sententia
240 4354 304 4406 Scit.
343 4352 372 4403 F.
391 4354 418 4402 ei
433 4368 513 4420 pare.
530 4367 578 4420 pr.
596 4367 652 4401 arn.
670 4357 715 4413 et,
735 4367 804 4418 qnae
825 4365 880 4404 cet.
906 4352 960 4405 On.
1000 4358 1044 4410 12.
1063 4353 1129 4422 dier]
1151 4355 1183 4408 de
1205 4357 1314 4410 Graevii
1328 4372 1404 4408 ‚001-

83 4444 152 4481 tect.
179 4427 243 4480 Scb.
261 4455 299 4468 -
317 4424 387 4476 dicit
407 4429 442 4478 (i.
464 4427 514 4478 Gr.
554 4423 625 4477 ibid.
646 4453 679 4467 ι·
699 4441 756 4477 om.
773 4424 873 4495 prodii
893 4425 957 4480 Scit.
979 4431 1023 4484 15.
1046 4433 1112 4482 Aen.
1132 4433 1166 4494 6,
1187 4435 1251 4492 856,
1291 4436 1336 4486 17.
1358 4436 1405 4487 Ne

83 4505 157 4575 quis]
188 4502 234 4555 Sic
253 4499 316 4554 dedi
343 4500 376 4553 de
403 4502 425 4554 l.
451 4501 480 4554 F.
501 4501 636 4555 Gronovii
658 4503 732 4553 coni.
754 4528 785 4541 -
807 4518 856 4551 aec
875 4506 936 4571 qtta’s
953 4503 989 4557 G.
1009 4531 1045 4546 -
1064 4504 1168 4574 Ecquis
1186 4506 1237 4560 Gt.
1264 4533 1300 4548 -
1321 4504 1359 4557 Et
1379 4510 1405 4558 si

83 4583 145 4649 quir
163 4577 227 4631 Sch.
270 4584 314 4636 18.
336 4578 382 4629 Sia
402 4579 509 4648 scripsi.
528 4601 565 4614 -
590 4572 624 4625 de
643 4575 739 4626 multis
757 4583 909 4643 cognatum
928 4577 966 4632 G.
986 4576 1035 4631 Gr.
1062 4608 1099 4624 ·-
1125 4599 1143 4631 a
1162 4580 1405 4634 multimodarum

84 4653 151 4707 Scit.
188 4658 234 4708 20.
257 4653 316 4704 Hoc
335 4650 436 4705 lemma
465 4652 576 4703 inserui.
597 4648 650 4703 Oa.
688 4655 733 4706 at.
752 4654 820 4717 iam]
842 4651 905 4704 Scir.
926 4680 962 4694 -
984 4671 1067 4723 quam
1087 4657 1123 4711 G.
1140 4658 1191 4712 Gr.
1239 4654 1311 4713 ibid.
1332 4654 1405 4728 ipss]

84 4727 122 4782 G.
142 4755 178 4770 —
197 4733 288 4799 ipsum
307 4726 357 4780 Gr.
397 4725 469 4780 ttud.
488 4724 528 4778 ad
544 4723 619 4790 aba]
641 4725 679 4781 G.
697 4751 735 4768 -
754 4725 790 4778 ab
808 4725 990 4782 admiratione.
1009 4729 1061 4784 Gr.
