3210 5280
383 234 433 300 IN
455 231 563 299 ACT.
585 230 634 296 ll.
656 230 706 295 lu
729 226 772 294 C.
793 223 996 291 VERREM
1018 219 1111 285 LIB.
1133 217 1166 282 1.
1363 221 1424 287 113

114 372 228 440 clienta
257 375 372 441 Verris
396 368 531 441 Chelido
560 372 639 448 luit,
673 391 754 457 quae
781 366 868 432 illum
890 366 982 429 etiam
1005 362 1140 426 moriens
1160 359 1237 427 lecit
1255 362 1423 426 heredem:

118 489 183 554 qus
204 491 298 534 eausa
320 470 445 552 impure
466 470 549 533 illam
572 466 766 530 meretricem
788 461 927 545 appellat
949 469 1073 522 orator.

200 566 246 642 (§.
271 564 358 642 199.)
380 562 548 628 Tribunus
567 555 684 642 plebis]
720 557 771 621 M.
795 550 919 618 Lollius
943 552 1124 616 Palicanus.

201 657 303 722 Gaius
323 659 387 737 ret]
426 658 501 719 Nou
527 656 558 716 in
584 657 694 728 eodem
722 648 872 736 negotio,
895 647 952 710 aed
977 645 1187 731 generaliter:
1210 646 1299 711 cuius
1320 644 1426 711 crimi-

117 749 184 827 nis,
208 749 241 813 id
263 760 338 825 est‚'
358 748 562 813 crudelitatis.
974 812 977 821 .
1437 752 1452 802 i

199 845 271 908 Suo
293 845 454 929 tempore]
497 845 547 907 Dc
574 838 748 925 suppliciis.

201 942 247 1019 (§.
271 937 361 1016 193.)
382 937 475 999 Viros
496 936 600 1000 bonos
620 944 652 1000 ei
672 931 841 1011 honestos]
884 924 1055 1007 Quomodo
1070 924 1169 1010 igitur
1182 925 1294 1003 fallunt
1308 929 1428 993 mortui
1531 987 1532 992 ,

117 1032 336 1102 voluntatem,
360 1050 431 1090 cum
455 1029 493 1108 ad
514 1030 651 1090 Verrem
681 1021 816 1085 adeunt?
844 1023 897 1085 Au
923 1030 1046 1082 vetuste
1072 1022 1174 1083 bonos
1200 1041 1261 1102 pro
1285 1022 1424 1105 magnis,

118 1126 269 1190 honestos
280 1142 343 1205 pro
355 1120 502 1184 divitibus
514 1117 645 1202 posuit?
666 1117 719 1181 An
734 1117 837 1179 bonos
850 1124 882 1176 et
894 1114 1065 1187 honestos,
1090 1124 1123 1174 ut
1140 1113 1207 1195 ipse
1227 1115 1428 1178 crediderat?
1458 1116 1461 1120 ’

201 1216 269 1279 Dat
295 1216 342 1277 eis
362 1211 615 1294 possessiouem]
671 1208 804 1272 Iniuste.
849 1206 918 1270 Aut
939 1206 1034 1269 solvi
1064 1205 1145 1267 enim
1178 1206 1286 1289 potius
1319 1209 1427 1271 debuit
1440 1214 1470 1264 ¹⁰

118 1315 353 1376 testamentum,
385 1304 471 1385 quod
496 1314 606 1365 contra
630 1303 731 1386 legem
759 1298 941 1364 Corneliam
963 1299 1082 1362 iactum
1106 1299 1230 1375 linerat,
1264 1312 1318 1363 ant
1347 1301 1428 1365 intc-

122 1423 212 1485 grum
235 1419 305 1460 cum
329 1395 491 1459 volumtate
513 1396 628 1459 mortui
650 1413 845 1478 permanere.

203 1498 249 1569 (§.
273 1490 362 1567 191.)
383 1487 455 1554 Lex
475 1497 541 1551 esi:
560 1509 670 1570 pocna
690 1484 753 1563 esi]
795 1485 992 1561 Accusatur,
1016 1483 1133 1570 inquit,
1158 1504 1228 1548 cum
1245 1485 1374 1561 lecerit,
1398 1498 1430 1550 et

122 1589 298 1649 damnetur.
342 1583 417 1644 Hoc
447 1577 603 1661 praetoris
633 1590 696 1654 est,
732 1598 795 1643 non
818 1579 1008 1661 prohibere,
1042 1601 1082 1642 ne
1106 1579 1213 1643 iaciat.
1257 1581 1321 1660 Qui
1348 1580 1429 1642 enirn

121 1678 166 1741 ius
196 1677 290 1749 dicit,
324 1674 481 1737 laetorum
512 1670 608 1735 iudex
638 1682 704 1750 est,
739 1694 803 1735 non
827 1673 1024 1748 futurorum,
1059 1676 1209 1740 duntaxat
1230 1671 1261 1736 in
1283 1673 1472 1741 civilibusts

122 1791 235 1835 causis.

205 1865 233 1926 0
256 1860 445 1926 modestum
466 1855 628 1939 ordinem]
673 1857 753 1937 Quia
770 1858 919 1922 ordinem
932 1855 1028 1931 dixit,
1054 1855 1192 1942 equitum
1209 1859 1430 1924 Romanorum

122 1959 264 2026 ordinem
295 1951 354 2013 dici
379 1950 503 2033 quidam
529 1961 651 2031 putant.
706 1951 769 2013 Sed
796 1949 961 2013 libertinos
992 1950 1166 2034 significat,
1200 1973 1336 2034 quorum
1365 1968 1492 2026 nuntiat

123 2049 365 2117 conditionem,
389 2045 443 2104 sed
468 2063 558 2105 more
582 2063 641 2105 suo
664 2042 753 2126 quasi
777 2044 981 2106 honestorum
1005 2045 1153 2108 ordinem
1175 2056 1282 2107 vocat.
1314 2044 1318 2050 ’

172 2204 175 2210 Δ
206 2143 251 2216 (§.
275 2137 363 2212 195.)
386 2135 418 2197 0.
439 2134 614 2215 Sulpicius
636 2135 799 2216 Olympus
811 2134 904 2214 fuit]
941 2137 1044 2198 Vetus
1060 2135 1201 2199 locutio:
1223 2136 1362 2202 Eminus
1383 2148 1473 2205 etita

124 2232 308 2296 Volturcius
331 2228 450 2306 Capua
469 2227 536 2285 tria
556 2223 668 2285 millia
688 2243 861 2304 passuum.
1221 2205 1236 2231 ³

214 2370 242 2419 1.
261 2360 374 2426 clienta]
395 2357 486 2412 Prius.
505 2351 565 2408 ild.
584 2354 621 2396 -'
639 2355 769 2406 cliemula
788 2360 882 2412 ceteri.

123 2511 140 2564 6
213 2442 243 2494 2.
245 2435 379 2563 cq'sttpure]
417 2427 591 2484 ieiunant.
614 2457 653 2472 -
675 2436 784 2501 impune
804 2435 900 2484 ceteri.
927 2431 1037 2502 lntpure
1055 2431 1193 2506 significat
1218 2439 1324 2507 ,turpi
1340 2455 1432 2492 vaca.

141 2512 218 2567 ulo.”
273 2527 297 2562 a.

215 2591 243 2646 3.
262 2582 368 2636 Lollius
387 2579 546 2647 Palicanus]
567 2575 653 2651 Lugd.
672 2579 737 2633 llos.
757 2576 835 2632 Man.
857 2579 938 2633 Creu.
956 2608 995 2622 -
1012 2578 1099 2632 lolius
1113 2582 1269 2651 palacanus
1283 2586 1376 2640 Prino.
1395 2617 1432 2632 .-

121 2661 209 2714 lolius
227 2659 368 2711 Piacanus
385 2653 494 2710 Berald.
522 2683 559 2695 -
587 2654 682 2706 Lolius
699 2653 856 2705 Palacanus
875 2652 933 2707 ald.
959 2681 996 2695 -
1023 2654 1119 2708 Latius
1139 2661 1289 2712 Palicanus
1307 2660 1375 2714 Lnd.
1395 2692 1433 2705 .-

123 2734 205 2789 Cani.
234 2731 411 2787 Gerlachiuar
439 2735 469 2783 in
494 2731 649 2782 comment.
671 2727 705 2780 ad
731 2727 832 2781 salust.
856 2725 954 2801 fragm.
980 2748 1007 2801 p.
1034 2736 1079 2788 27.
1101 2745 1158 2802 seq.
1184 2739 1246 2806 qni,
1274 2753 1357 2807 quum
1383 2741 1433 2790 tri·

122 2809 227 2863 hunum
246 2822 370 2860 nostrum
394 2801 603 2876 apudQutntil.
627 2804 720 2857 lnttit.
743 2802 792 2856 Or.
816 2804 861 2858 lv.
887 2811 920 2868 2,
939 2810 965 2858 9.
990 2809 1019 2856 ia
1041 2809 1154 2877 optimis
1175 2806 1254 2862 codd.
1274 2815 1366 2863 vocari
1386 2811 1432 2866 M.

123 2886 228 2938 Ollium
248 2881 290 2935 tel
310 2880 402 2933 Olium
421 2878 559 2931 docuisset
580 2893 608 2929 et
627 2877 733 2929 Lolliae
746 2882 820 2948 genti
834 2894 987 2950 cognomen
1001 2875 1084 2932 luisse
1097 2880 1258 2935 Palicanum
1272 2889 1432 2938 testimonio

122 2974 301 3013 nummorum
321 2960 500 3025 interpretum
519 2952 677 3025 probasset,
710 2967 801 3004 tamen
821 2953 954 3024 Madvigii
982 2951 1023 3025 (p.
1043 2959 1118 3021 117.)
1143 2964 1308 3012 auctoritate
1333 2958 1431 3013 ductu.

123 3052 204 3101 eunt,
224 3048 254 3086 ut
274 3036 304 3084 iu
323 3028 504 3082 deterioribus
524 3027 690 3095 Quintiliani
710 3026 804 3092 libris,
823 3028 943 3079 Acilium
962 3033 1099 3081 nominari
1114 3030 1220 3086 maluit.
1258 3035 1432 3088 Contrarium

123 3112 290 3163 ermenricus
318 3119 392 3157 recte
417 3102 556 3174 amplexus
583 3116 623 3154 est
646 3101 792 3173 Zumptins
813 3099 847 3153 ad
865 3105 1045 3156 Ciceronem:
1076 3122 1241 3178 quamquam
1260 3108 1306 3162 hie
1324 3126 1432 3182 quaqua

124 3189 153 3237 in
179 3181 347 3253 Quintiliani
371 3176 491 3231 editions
517 3175 655 3249 vulgarem
675 3176 824 3230 lectionem
846 3181 978 3242 retinuit,
1006 3194 1085 3248 quatu
1113 3185 1218 3254 primus
1238 3183 1432 3238 emendaturus

122 3274 165 3312 cst
184 3259 306 3312 Meierus
326 3269 428 3306 noster.

216 3334 300 3390 1-5.
320 3329 379 3380 Hoc
399 3324 525 3380 scholion
552 3329 677 3397 proximo
703 3327 890 3397 postpositam
912 3340 953 3379 est
976 3329 1006 3379 in
1027 3327 1120 3384 Princ.
1141 3329 1259 3385 Berald.·
1274 3330 1335 3387 ati.
1361 3331 1432 3388 Lod.

216 3407 245 3463 6.
264 3405 320 3456 Sua
339 3410 470 3471 ternpore.
507 3402 553 3453 De
571 3402 724 3470 suppliciis]
762 3401 856 3452 Princ.
873 3398 981 3454 nenti.
1000 3400 1063 3457 Altl.
1081 3402 1149 3458 Lod.
1168 3434 1207 3449 -
1223 3407 1280 3458 Suo
1300 3415 1432 3479 ternpore.

125 3481 193 3536 Cant
209 3487 316 3548 agetur
334 3476 368 3528 ds
386 3476 527 3547 suppliciis
547 3475 632 3548 Lugd.
653 3477 716 3527 liat.
736 3473 814 3527 Mau.
835 3475 918 3531 Creu.

215 3555 297 3615 7-9.
318 3552 392 3604 llaec
415 3565 567 3621 sequuntur
587 3553 743 3622 proximum
768 3547 895 3603 scholion
915 3552 944 3602 iu
963 3549 1056 3605 Ptine.
1075 3551 1185 3609 Berald.
1204 3552 1265 3609 aud.
1284 3553 1353 3611 Lod.
1443 3582 1448 3588 ·

216 3634 245 3686 7.
266 3628 368 3696 Viros]
397 3625 483 3698 Lugd.
504 3625 568 3677 Hot.
591 3626 668 3678 Man.
688 3624 769 3677 Cten.
795 3652 833 3665 -
859 3623 889 3674 Is
906 3628 985 3675 viros
1004 3628 1096 3682 Princ.
1115 3627 1224 3684 ΒιηΙά.
1242 3629 1305 3686 Ald.
1333 3661 1372 3676 -
1400 3631 1432 3686 P.

122 3702 278 3757 Trebonius
295 3707 375 3755 viros
393 3700 462 3753 Lod.
776 3703 820 3756 10.
840 3702 891 3767 eis]
912 3697 956 3750 iac
974 3698 1043 3753 Lod.
1066 3729 1097 3743 -
1117 3701 1161 3755 itis
1179 3700 1257 3758 editt,
1278 3705 1434 3760 ciceroni&

197 3775 270 3831 ibid.
288 3780 349 3829 Aut
366 3775 441 3827 salvi
458 3775 541 3842 anim]
574 3773 668 3827 Ptine.
694 3773 802 3828 Berald.
824 3771 882 3828 Ald.
903 3771 972 3827 Lod.
999 3802 1038 3817 -
1064 3779 1126 3829 Atti
1149 3784 1222 3831 eninr
1246 3782 1320 3833 salui
1345 3781 1432 3855 Lugd.

124 3853 189 3907 nat.
207 3853 285 3906 Man.
306 3851 388 3905 Creu.
654 3889 662 3905 .

197 3934 244 3988 18.
261 3926 416 3991 libertinos]
437 3923 585 3975 libertinas
602 3921 695 3975 Ptine.
788 3919 859 3973 lbid.
878 3925 1004 3993 quarm]
1033 3932 1152 3994 quatuor
1171 3928 1264 3984 Ptine.

199 4005 244 4060 19.
263 4000 462 4068 conffitionem]
495 3993 582 4069 Lugd.
602 3997 666 4050 llas.
686 3994 764 4049 Man.
783 3996 866 4049 Creu.
884 4024 923 4039 -
941 3997 1096 4052 conditiona
1115 4005 1229 4073 priores.

198 4075 270 4130 lbid.
288 4074 387 4144 vocat]
414 4073 474 4127 ald.
494 4088 522 4125 et
543 4088 618 4142 seqq.
638 4099 673 4113 -
691 4076 772 4122 vetui
790 4069 881 4123 Ptine.
900 4071 1007 4125 Barald.

198 4155 244 4207 9ο.
263 4150 296 4205 V
294 4157 355 4202 sius
372 4153 474 4200 locutio
494 4150 561 4214 cen]
601 4150 772 4215 ,asteriscus
791 4143 837 4197 hie
850 4160 891 4198 est
906 4149 936 4197 iu
955 4146 1035 4203 editt.
1048 4151 1167 4222 Oporlttl
1186 4149 1288 4223 ailquid
1308 4151 1431 4207 indicans

125 4222 282 4280 desiderati.
321 4228 403 4277 Deest
434 4227 517 4274 etiam
541 4238 641 4273 nomen
669 4217 786 4273 fortasse
814 4224 951 4286 ructarit,
980 4223 1052 4276 uude
1072 4225 1148 4278 locus
1169 4242 1209 4279 est
1238 4224 1272 4279 tle
1295 4229 1431 4280 Vulturno

124 4298 276 4353 desumtus:
297 4316 376 4369 quem
390 4296 501 4368 quidem
509 4314 569 4349 non
582 4311 660 4348 vacat
673 4299 819 4364 inquirere.
858 4296 899 4348 lta
922 4313 985 4349 vero
1001 4314 1028 4352 se
1048 4299 1126 4352 locus
1145 4299 1192 4354 ille
1211 4300 1311 4354 habere
1325 4309 1429 4374 potuit,

123 4390 154 4427 ut
174 4376 302 4428 Livianus
323 4376 368 4425 hic
391 4374 427 4424 ll.
448 4377 492 4431 52.
530 4372 563 4423 In
588 4371 704 4423 Sacrum
729 4377 848 4422 mantem
874 4378 1033 4438 secessisse,
1062 4383 1145 4426 trans
1170 4376 1304 4427 Anienem
1323 4395 1432 4430 amnem

124 4457 182 4512 est,
212 4455 272 4500 iria
290 4450 325 4500 ab
344 4448 410 4499 turbe
428 4448 517 4497 millia
533 4463 675 4516 passuum.
713 4443 841 4497 Ceterum
861 4449 891 4497 in
911 4446 1046 4501 Tullianis
1066 4451 1269 4504 narrationibus
1289 4451 1360 4504 nihil
1380 4454 1433 4506 hac

122 4523 367 4588 inmansuetius,
387 4538 416 4575 ut
431 4538 480 4591 pra
492 4520 602 4575 cluent.
616 4524 642 4576 5.
662 4520 706 4576 16.
724 4523 769 4571 cui
786 4533 880 4572 tamea
893 4536 950 4573 noa
964 4522 1069 4577 uidetur
1084 4530 1266 4579 Ascaniauutn
1277 4526 1431 4599 exemplant

123 4598 261 4652 accedere.
300 4597 353 4651 Sed
373 4595 486 4649 mutilus
505 4611 546 4648 est
566 4593 730 4648 Asconius.”
756 4593 892 4648 GARAT.

195 4679 241 4731 21.
260 4671 435 4724 natusest
454 4670 610 4724 Vuitmnus
629 4671 695 4735 ceu]
734 4666 808 4737 Quid
827 4669 880 4721 tibi
900 4670 952 4724 hoe
971 4671 1052 4736 velit,
1073 4688 1119 4728 aut
1137 4692 1187 4728 cue
1205 4673 1365 4732 adnotatam
1385 4683 1431 4746 sit,

123 4765 177 4802 aon
201 4764 340 4820 assequor.
378 4743 492 4801 Aliunde
511 4745 565 4800 huc
586 4743 748 4800 transsatam
768 4739 902 4800 ridetur.’'
928 4744 1106 4802 Selium.

172 4907 179 4918 .
206 4851 328 4895 muna..
342 4852 364 4891 i.
380 4851 423 4889 ti..
439 4847 484 4887 vn.
500 4847 525 4886 v.
552 4852 573 4890 e
1142 4827 1181 4892 13
