3210 5280
224 204 285 270 262
633 200 836 271 senonis
859 200 1109 268 Bosstssustu

223 355 333 409 contra
350 365 436 407 rrum
454 342 504 408 rel
517 362 580 426 pro
599 363 657 408 reo
679 365 718 407 ex
739 342 806 424 ipss
828 342 962 406 ueritate
982 343 1203 425 perhiberent,
1227 336 1320 424 quis¹
1342 337 1411 405 siue
1434 336 1534 405 dnbio

223 439 297 523 quid
322 450 403 500 esset
426 449 500 520 aput
521 438 652 500 tribules
672 459 748 501 suos
771 447 916 537 gestum,
941 437 1059 518 optime
1080 434 1208 498 scirent.

299 544 400 617 xvi.
433 537 467 617 l.
494 547 595 641 Aput
627 566 776 642 eosque.
800 567 880 638 me,
918 566 965 614 ne
1000 543 1161 640 quinque
1187 539 1334 638 quidem
1358 541 1532 636 reiectis,

223 659 339 758 quod·
355 659 392 730 in
427 656 597 753 proximo
632 679 697 728 reo
735 655 779 727 de
805 656 952 763 consilii
977 654 1160 728 sententia
1184 654 1425 726 constitutum
1452 661 1531 749 est,

198 776 333 870 'scogas
360 791 505 840 caussam
535 767 670 841 dicere.

305 877 371 939 iam
395 878 432 938 de
453 875 611 939 sodaliciis
629 897 753 940 csssssm
774 876 899 941 dixerst
920 877 962 940 P.
982 871 1128 939 Vstinius
1143 872 1255 936 eodem
1275 868 1463 933 defendente
1477 867 1531 933 Μ.

222 966 421 1035 Cicerone²s
454 969 543 1031 ossius
572 971 719 1051 exemplo
751 982 845 1056 neget
870 967 1053 1054 iniquitate³
1085 963 1271 1030 Laterensis
1299 982 1370 1027 esse
1397 961 1531 1027 Plancio

220 1062 406 1145 permissum
428 1062 565 1147 qusinque
585 1063 694 1126 soltesn
718 1063 835 1126 iudices
857 1063 992 1136 reicere,
1016 1080 1083 1144 qsso
1104 1058 1266 1122 mentiens
1287 1054 1327 1118 sit
1341 1053 1532 1136 improbitas

222 1155 379 1219 obstinate
401 1155 570 1218 conitentis
590 1155 723 1233 inimici,
749 1167 783 1218 ut
805 1177 879 1220 reus
900 1154 1051 1220 innocens
1077 1152 1274 1235 opprimatur
1295 1146 1530 1230 conspiratione

181 1249 279 1332 ¹⁰[P.
296 1247 386 1326 tsi]
413 1249 510 1332 msgis
525 1248 706 1334 iniquorum
728 1249 884 1323 iudicum,
907 1268 999 1332 quarn
1018 1245 1157 1311 criminis
1176 1243 1309 1309 veritate
1329 1240 1528 1306 conivictus.

296 1348 332 1428 2.
358 1353 444 1428 Non
469 1355 564 1427 enim
591 1357 624 1428 si
650 1364 713 1428 aut
729 1355 902 1428 Plancius
920 1357 971 1427 ita
987 1355 1099 1447 vixit,
1125 1360 1167 1424 ut
1182 1348 1390 1423 offenderet
1406 1348 1528 1419 sciens

220 1467 421 1561 neminem,
468 1476 531 1540 aut
569 1475 609 1538 tu
645 1469 697 1539 ita
735 1469 890 1558 errasti,
927 1474 968 1539 ut
1002 1488 1067 1538 eos
1106 1458 1261 1537 ederes⁴
1299 1459 1528 1557 inprudens3

220 1583 263 1648 ut
287 1573 377 1671 nos,
403 1577 520 1649 invito
546 1586 605 1670 te,
633 1585 753 1651 tamen
780 1578 825 1650 ad
851 1574 1011 1673 iudices,
1035 1600 1112 1649 non
1138 1576 1184 1648 sd
1210 1571 1403 1646 carnifices
1427 1570 1529 1644 veni·

221 1710 368 1782 remus3
394 1687 534 1762 idcirco
560 1689 633 1762 ista
658 1691 770 1764 editio
796 1716 864 1789 per
891 1715 930 1764 se
956 1712 1032 1762 nou
1058 1690 1193 1762 acerbo
1218 1694 1287 1759 cst.

180 1799 212 1850 li
306 1791 518 1860 Periculosius
539 1796 730 1882 sliqusntrun
753 1798 857 1862 isrerst
882 1808 1031 1872 emotus,
1054 1809 1089 1860 ut
1110 1798 1174 1860 boc
1198 1794 1352 1868 dicendo,
1376 1789 1530 1866 ,votnini

222 1884 408 1963 Plsncium,
446 1890 651 1965 Laterensis,
688 1901 763 1974 aput
795 1890 937 1955 inimicos
970 1887 1089 1953 indices
1124 1886 1307 1961 sccussri'',
1348 1886 1529 1949 offenderet

222 1978 343 2046 animos
370 2000 500 2059 eurtum,
534 1982 589 2068 qssi
609 1996 698 2050 erant
718 1987 757 2048 de
781 2005 875 2047 csuss
905 1980 1155 2066 pronuntisturi.
1212 1978 1395 2063 Vigilsnter
1425 1976 1531 2064 itsque

220 2073 308 2137 illum
329 2073 455 2159 quidem
477 2079 539 2141 boc
563 2075 658 2140 nnimi
678 2077 825 2142 habuisse
845 2087 977 2141 teststos
1002 2088 1067 2154 est,
1091 2088 1125 2139 ut
1145 2096 1219 2139 reus
1240 2072 1356 2158 iniqstis
1376 2071 1531 2136 iudicibus

221 2178 382 2232 uteretur:
405 2171 461 2233 sed
474 2170 634 2233 loctunam
656 2172 755 2234 multo
776 2170 960 2254 prosperius
981 2170 1185 2242 secundnsse,
1208 2178 1243 2230 nt
1268 2164 1328 2228 viri
1350 2167 1531 2246 spectstse⁵

180 2260 422 2326 inhumanitatis
445 2273 475 2326 et
497 2262 700 2346 incorruptae
714 2263 879 2348 religionis
894 2263 924 2327 in
939 2264 1021 2326 bsnc
1035 2261 1248 2347 cognitionem
1266 2258 1425 2334 venirent,
1450 2281 1530 2344 qssse

223 2351 382 2419 innocenti
407 2375 466 2419 reo
493 2357 608 2418 obesse
631 2378 694 2421 non
716 2368 836 2438 posset.
879 2355 1006 2420 ludices
1030 2375 1110 2440 ergo
1135 2375 1199 2418 non
1220 2352 1327 2428 lsesit,
1350 2363 1382 2414 et
1406 2374 1530 2436 propo-

222 2444 313 2511 situm
335 2446 483 2512 malitiosi
505 2449 696 2512 accusatoris
719 2450 870 2515 ostendit.

284 2551 420 2628 xvii.
466 2552 525 2628 An
550 2577 642 2628 vero
668 2579 786 2654 nuper
814 2555 1009 2629 clarissimi
1035 2556 1135 2627 cives
1161 2576 1295 2626 nomen
1320 2548 1528 2627 editicinm‘

221 2662 353 2738 iudicis
378 2687 453 2737 non
478 2660 671 2739 tulerunt?

181 2786 213 2837 ιι
307 2763 443 2827 Adhuc⁷
464 2767 612 2841 eandem,
637 2777 785 2849 qrsantum
801 2767 894 2830 rebus
909 2764 985 2850 ipsis
1008 2776 1156 2850 apparet,
1179 2762 1314 2828 inculcet
1335 2760 1528 2847 iniquitatem

222 2851 346 2932 iudicii,
374 2852 461 2941 qssod
483 2858 666 2921 Laterensis
696 2871 730 2922 ut
752 2880 794 2922 ex
821 2858 955 2923 editiciis
983 2861 1132 2934 haberet,
1157 2856 1289 2919 maxime
1312 2855 1528 2919 laboraverat.

223 2949 267 3014 Et
280 2950 340 3012 hac
354 2949 385 3013 in
406 2961 496 3035 parte
514 2953 842 3019 commemorationem
867 2951 990 3016 videtur
1010 2951 1117 3016 iacere
1138 2950 1262 3015 Tutilius
1278 2947 1344 3012 eius
1361 2946 1529 3033 temporis,

222 3061 288 3126 quo
310 3041 445 3108 Seruius
466 3043 649 3128 Sulpicius.
699 3091 710 3110 .
756 3090 821 3166 Ἀ.
870 3130 888 3165 α
974 3135 991 3171 ο

562 3211 862 3316 [Desiderantur
879 3216 1051 3327 paginae
1076 3212 1193 3315 octo]

182 3355 213 3406 so
299 3325 383 3401 XX.
412 3319 446 3400 l.
473 3326 563 3401 Non
589 3327 729 3432 exigua
747 3352 845 3424 pars
866 3326 1023 3427 populi,
1053 3328 1119 3400 scd
1142 3326 1343 3401 universus
1362 3325 1530 3427 populus

223 3435 459 3510 voluntatem
483 3464 594 3511 suam
619 3437 843 3510 declararit.

308 3552 364 3632 [P.
389 3552 475 3636 172]
522 3595 532 3617 .
577 3595 587 3616 .
632 3594 642 3616 .
685 3551 871 3636 suffragium
889 3550 1031 3630 tulisset,
1056 3573 1125 3616 eum
1147 3551 1244 3618 totisu
1261 3549 1373 3635 populi
1394 3571 1528 3616 consen·

224 3644 313 3710 sione
335 3645 432 3730 gestis
453 3644 648 3730 designatum
670 3645 738 3709 esse
760 3645 954 3708 menifestum
978 3645 1041 3709 sit.-

295 3788 318 3836 i.
337 3750 398 3836 (iod
417 3788 468 3847 pisi.
505 3786 529 3833 2.
550 3788 611 3833 Cod.
630 3786 781 3834 Ciceronsns.
818 3785 842 3834 ³.
861 3789 922 3834 Coi.
942 3789 1106 3850 iniquitatem.
1144 3787 1169 3839 i.
1189 3791 1250 3836 Cori.
1269 3789 1383 3837 edsrssss.
1421 3791 1445 3838 3.
1465 3793 1525 3837 Cod.

360 3863 476 3915 spectris.
514 3856 538 3903 ⁶.
560 3858 621 3902 Edd.
639 3858 708 3903 sdits'.
745 3856 769 3904 i.
789 3857 850 3903 Cod.
869 3858 903 3903 cd
919 3857 992 3907 none.

315 3925 343 3982 6.
363 3923 422 3975 lioe
442 3926 502 3994 ipso
527 3937 616 3989 sono,
644 3940 697 3994 quo
723 3927 807 3976 etism
828 3922 954 3997 Plsncius
979 3920 1105 3976 defensus
1132 3939 1183 3978 est.
1233 3923 1304 3978 Nssn
1333 3927 1468 3980 Asconius
1494 3922 1528 3977 sd

223 3996 301 4063 Orsi.
318 4014 372 4067 pro
391 3997 496 4048 Scauro
516 4012 631 4053 testetur
650 3999 812 4051 Ciceronem
832 3995 932 4050 dixisse
951 4014 1000 4070 pro
1021 4000 1150 4064 Vstlnio,
1170 3999 1198 4051 l..
1219 3999 1344 4053 Domitio
1366 4000 1528 4055 Aenobsrbo

222 4088 249 4127 et
270 4075 359 4145 Appio
378 4069 494 4124 Claudio
514 4071 632 4124 Pulchro
652 4087 742 4137 cose,
764 4089 879 4144 quorum
900 4077 928 4125 in
943 4073 1091 4126 eonsulsru
1113 4073 1236 4128 i’lsncius
1256 4073 1381 4127 defensus
1397 4074 1528 4129 creditur.

222 4146 325 4201 Confer
345 4146 435 4202 Cicer.
455 4147 488 4200 sd
509 4147 545 4215 Q.
564 4147 650 4199 Frstr.
671 4147 722 4202 lll.
744 4153 769 4202 1.
788 4149 855 4220 Cep.
872 4151 895 4204 i.
915 4162 942 4200 et
955 4145 1015 4201 uide
1030 4148 1141 4201 Paulum
1154 4149 1311 4202 Menenium
1326 4153 1354 4202 ln
1368 4165 1529 4222 srgumenro

222 4221 302 4276 buius
332 4225 464 4274 orssionis
481 4239 536 4292 pro
556 4220 679 4276 Plancio.
733 4223 791 4276 ism
812 4237 878 4294 quos
898 4221 963 4275 sliss
983 4237 1076 4276 csusss
1097 4224 1149 4275 hoe
1168 4225 1264 4276 eodem
1286 4240 1358 4277 snno
1377 4222 1528 4279 defenderis

222 4298 319 4350 Cicero
347 4312 467 4368 quosque
492 4300 596 4370 scripse
621 4312 697 4350 exrrs
722 4295 813 4351 lorum
841 4295 975 4364 ediderit,
1001 4296 1057 4351 disi
1084 4315 1133 4370 ego
1159 4302 1188 4352 ln
1213 4297 1298 4372 prsel.
1324 4299 1358 4352 sd
1384 4299 1471 4354 libros
1496 4299 1528 4353 ds

212 4371 419 4523 ‘Replz’tdipitsl‘
430 4446 536 4518 supplet
562 4445 597 4500 N.
623 4460 784 4517 monetque,
813 4461 844 4500 ιιι
869 4444 1030 4500 consuletur
1056 4447 1223 4502 Gsrssonius
1250 4445 1284 4501 sd
1303 4446 1398 4502 Plsnc.
1419 4467 1444 4521 p.
1467 4453 1526 4508 138.

224 4526 299 4582 1594
330 4525 375 4591 qul
397 4519 506 4591 quidem
526 4537 679 4593 postremus
699 4537 829 4593 prosocer
847 4521 881 4573 sd
902 4523 961 4575 Cic.
982 4538 1032 4595 pro
1052 4523 1126 4577 ntur.
1145 4524 1270 4590 xxiii,
1300 4523 1347 4578 ubl
1368 4522 1443 4577 Serv.
1462 4523 1528 4583 bui-

221 4601 310 4668 piclus
331 4595 432 4647 dicitur
453 4595 604 4664 postuletne
624 4593 728 4649 iudices
747 4594 885 4650 editicios.

295 4675 340 4728 it.
360 4669 429 4724 iieic
448 4675 539 4724 insero
558 4668 655 4723 lolium
675 4671 846 4737 Romanum,
872 4668 944 4743 quod
963 4685 1005 4725 est
1025 4675 1213 4743 quaternionis
1245 4674 1362 4730 Lvntt.
1381 4675 1526 4736 intimum,

219 4741 408 4813 deficientibus
427 4741 549 4799 serundo
568 4761 595 4800 es
615 4748 707 4800 tertio.
