3210 5280
575 229 625 295 tu
648 228 971 296 umoutsunnt.
1092 174 1098 183 ’
1302 214 1305 222 “
1381 230 1424 296 ss

116 372 345 461 sequebantur.
389 372 492 436 Eram
506 391 574 434 eum
591 368 707 435 Clodio
722 382 886 452 praeterea
908 379 974 433 tres
996 367 1127 433 comiter
1141 368 1226 446 eius,
1249 394 1290 436 ex
1310 369 1425 457 quibus

116 489 214 553 eques
231 469 396 532 Romanus
411 483 508 537 unus,
533 462 575 528 C.
593 461 752 528 Cassinius
775 462 909 536 Schola,
932 463 997 525 duo
1016 464 1054 524 de
1067 463 1161 545 plebe
1175 464 1251 528 novi
1269 464 1424 553 borsines¹

104 562 159 629 P.
180 556 402 640 Pomponius,
427 554 468 620 C.
491 554 639 622 Clodius.
663 555 747 620 Milo
768 555 863 617 rheda
887 556 1061 618 vehebatur
1082 578 1151 621 cum
1172 578 1274 620 uxore
1295 559 1426 636 Fausta,

117 652 180 719 fllia
200 652 247 714 1..
272 650 379 729 Syllae
400 647 580 724 dictatoris,
604 660 634 711 et
654 649 706 712 M.
722 648 834 722 Fullo,
868 647 1019 711 familiare
1039 670 1111 714 suo.
1154 653 1351 732 Sequebatur
1371 639 1428 715 eos

114 752 265 829 hagunm
297 761 467 805 ursorum
495 760 626 823 agmen,
663 741 745 804 inter
766 761 846 823 quos
875 740 1065 823 gladiatores
1089 763 1216 826 qnoque
1245 755 1353 819 erant,
1387 764 1429 806 ex
1455 753 1469 803 ⁵

119 838 231 922 quibus
263 837 327 898 duo
352 835 442 907 noti,
475 834 634 897 Eudamus
663 846 694 896 et
724 831 842 896 Birria.
886 832 936 907 li,
967 832 999 895 in
1027 833 1135 898 ultimo
1160 835 1284 919 agmine
1310 833 1429 898 tardius

120 941 249 1004 euntes,
273 950 344 992 cnm
366 925 469 991 servis
491 927 533 990 P.
555 926 661 992 Clodii
683 924 784 987 rixam
800 923 1034 989 commiserunt.
1078 927 1132 990 Ad
1155 948 1246 1010 quern
1265 928 1429 991 tumultum

120 1044 187 1087 urm
209 1019 406 1103 respexisset
420 1016 552 1103 Clodius
571 1018 820 1090 minitabundus,
843 1018 1004 1081 bnnrerum
1028 1019 1094 1081 eius
1110 1019 1215 1082 Birria
1237 1020 1429 1102 rhomphaea

120 1114 253 1179 traiecit.
298 1113 376 1176 Inde
409 1132 479 1173 curu
508 1123 579 1173 orta
610 1122 692 1174 esset
719 1131 841 1193 pugna,
875 1111 981 1192 plures
1014 1111 1184 1175 Miloniani
1212 1124 1429 1176 acctrrrerunt.

122 1206 256 1274 Clodius
278 1205 462 1269 wineratns
489 1204 521 1266 in
554 1206 716 1267 tabernam
743 1202 921 1283 proximam
948 1202 981 1266 in
1014 1205 1184 1268 Bovillano
1216 1205 1336 1268 delatus
1369 1217 1428 1269 est.
1441 1216 1473 1268 st

121 1300 229 1375 Milo,
265 1308 301 1360 ut
329 1296 484 1381 cognovit
510 1297 705 1359 vulneratum
734 1293 901 1369 Clodium,
939 1316 1008 1358 cum
1039 1295 1100 1359 sibi
1124 1297 1331 1378 periculosius
1354 1298 1432 1361 illud

121 1392 213 1458 etiarn
244 1390 322 1455 rivo
351 1410 391 1453 eo
419 1390 558 1451 futurum
586 1387 797 1472 intelligeret,
835 1387 943 1452 occiso
972 1400 1073 1453 autern
1107 1413 1252 1474 magnum
1285 1390 1430 1454 solatium

125 1497 207 1549 esset
226 1483 415 1556 babituros,
439 1480 529 1543 etiam
551 1481 576 1543 si
591 1482 751 1543 subeunda
765 1492 847 1542 esset
862 1500 983 1561 poene,
1007 1484 1170 1569 exturbari
1185 1488 1311 1548 taberna
1325 1483 1428 1547 iussit.
1439 1503 1502 1566 pse]

122 1578 195 1645 Fuit
228 1575 453 1660 antesignanus
487 1595 654 1637 servorum
687 1573 754 1636 eius
782 1573 833 1635 M.
869 1574 1037 1639 Fustenus.
1090 1580 1199 1661 Atque
1226 1576 1268 1640 its
1300 1575 1432 1641 Clodius

123 1673 221 1737 latens
243 1680 406 1734 extractus
428 1669 476 1729 est
500 1667 666 1748 multisque
688 1665 871 1728 vulneribus
899 1669 1077 1733 conlectus.
1131 1671 1277 1734 Cadaver
1305 1668 1371 1732 eius
1400 1667 1431 1731 in
1444 1683 1473 1733 ts

123 1766 173 1829 sia
195 1764 363 1836 relietum,
397 1760 469 1843 quia
503 1758 587 1823 servi
613 1757 719 1823 Clodii
746 1770 801 1821 arrt
825 1758 923 1823 occisi
949 1773 1056 1838 erant,
1090 1773 1144 1827 aut
1170 1763 1311 1846 graviter
1336 1761 1433 1825 saucii

122 1860 282 1932 latebant,
306 1857 385 1919 Sex.
409 1853 527 1916 Tedins
542 1863 686 1927 senator,
710 1853 764 1934 qui
778 1853 864 1917 sorte
886 1872 926 1914 ex
940 1874 1015 1916 rure
1029 1854 1059 1916 in
1074 1856 1183 1918 urbem
1198 1857 1431 1931 revertebatur,

124 1949 251 2015 sustulit
271 1960 303 2011 et
328 1945 441 2010 lectica
462 1966 517 2009 sua
539 1946 674 2009 Romam
704 1943 784 2006 ferri
811 1944 917 2021 iussitr
954 1944 1021 2026 ipse
1052 1969 1161 2010 rursus
1190 1950 1318 2024 eodem,
1354 1949 1434 2009 ttnde

125 2054 192 2107 erat
213 2058 385 2126 egressus,
417 2057 452 2099 se
477 2035 609 2117 recepit.
654 2037 814 2100 Perlatnm
847 2049 895 2100 est
922 2060 1039 2120 eorpus
1069 2038 1176 2104 Clodii
1207 2052 1278 2102 ante
1302 2037 1433 2121 primam

125 2134 226 2201 anrfis
247 2137 382 2208 boram,
406 2130 591 2213 inlimaeqne
612 2130 713 2211 plebis
735 2144 766 2195 et
787 2152 950 2196 servorum
972 2132 1104 2196 maxima
1126 2133 1292 2196 multitudo
1319 2130 1477 2214 niagnoll

125 2228 212 2291 laetu
238 2245 359 2308 corpus
382 2223 413 2286 in
436 2220 518 2285 atrio
540 2224 652 2285 domus
665 2224 802 2306 positum
817 2224 1033 2288 circumstetit.
1076 2227 1227 2307 Augebat
1244 2236 1345 2286 autem
1359 2221 1436 2287 lacti

125 2319 272 2384 iuvidiam
293 2337 378 2381 uxor
403 2314 510 2380 Clodii
529 2315 660 2391 Fulvia,
686 2337 764 2399 qnae
786 2337 855 2378 curn
871 2318 968 2380 effusa
985 2318 1202 2382 lamentatione
1220 2318 1346 2380 vulnera
1368 2317 1435 2379 eius

127 2413 326 2478 ostendebat.
372 2408 484 2472 Maior
504 2419 634 2489 postera
664 2408 715 2472 die
739 2410 807 2472 nne
829 2409 930 2490 prima
957 2410 1121 2473 multitudo
1150 2410 1286 2472 eiusdem
1310 2409 1436 2493 generis

128 2504 300 2578 confluxit,
323 2501 566 2584 compluresque
581 2499 647 2562 noti
662 2500 804 2564 bonrines
820 2502 888 2564 elisi
903 2515 991 2576 sunt;
1013 2503 1094 2564 inter
1116 2524 1197 2587 qttos
1220 2500 1266 2566 C.
1281 2502 1435 2566 Vibienus

128 2609 267 2662 senaim.
312 2597 393 2658 Erat
412 2596 522 2657 donnus
539 2591 667 2668 Clodii,
692 2606 761 2655 ante
782 2615 901 2674 paucos
924 2616 1044 2657 rnenses
1059 2608 1161 2676 etnpta
1177 2599 1216 2658 de
1232 2598 1284 2658 M.
1301 2597 1434 2669 Scauro,
1446 2609 1478 2659 25

128 2689 324 2757 inPalatio:
348 2689 459 2751 eodem
480 2689 522 2749 Τ.
546 2686 708 2748 Munatius
731 2686 885 2762 Plancus,
908 2687 1009 2750 lratcr
1030 2687 1072 2748 L.
1093 2686 1204 2750 Planci
1226 2688 1382 2761 oratoris,
1405 2698 1437 2749 et

220 2845 250 2900 5.
270 2839 302 2895 P.
323 2838 502 2910 Pomponius]
522 2855 578 2890 cnr.
598 2835 702 2889 Bersld.
724 2836 791 2891 Lod.

202 2915 275 2972 stud
297 2915 329 2969 C.
349 2913 476 2984 Clodius]
497 2931 553 2968 om.
572 2913 667 2967 Princ.
687 2911 793 2964 Berald.
815 2909 876 2966 ΑΜ.
896 2909 965 2964 Lod.
982 2940 1020 2956 -
1040 2909 1102 2964 vtd.
1122 2912 1333 2978 Clc.c.17.§.
1354 2910 1401 2970 46.

219 2990 251 3047 Ιι.
261 2988 429 3061 familiare]
448 2991 541 3042 Prius.
561 2985 666 3039 Bersld.
689 3014 721 3027 -
734 2985 883 3057 familiari
904 2984 963 3038 std.
984 3002 1011 3038 et
1030 3002 1105 3056 seqq.

219 3067 252 3124 6.
271 3062 430 3133 Eudamus]
451 3063 520 3116 Lod.
539 3077 566 3116 ot
586 3079 662 3189 seqq.
681 3089 717 3103 -
735 3060 883 3113 Eudamus
901 3062 993 3114 Princ.
1012 3059 1120 3113 Berald.
1140 3058 1202 3114 ntd.

203 3139 277 3196 lbid.
297 3139 334 3204 Is]
356 3139 449 3190 Princ.
468 3137 575 3190 Bersld.
597 3135 630 3188 sl
678 3164 716 3178 -
734 3133 763 3187 lu
782 3135 849 3188 Lod.
869 3151 897 3188 et
916 3153 989 3206 seqq.

222 3217 251 3272 8.
270 3209 452 3280 rhomphaea]
485 3209 616 3282 rumphea
635 3211 728 3263 Princ.
746 3209 809 3266 Md.
831 3211 908 3265 Man.
928 3237 965 3253 -
991 3205 1121 3280 romphea
1138 3207 1247 3263 Bersld.
1267 3207 1333 3264 Lod.
1353 3205 1440 3282 Lngd.

133 3290 197 3344 llos.
215 3311 254 3330 -
273 3284 424 3357 rourplraea
442 3285 524 3339 Creu.

222 3366 253 3422 9.
270 3361 469 3430 accurrerunt]
489 3362 706 3413 uceroeurreruut
725 3359 803 3412 Man.
822 3372 853 3411 nt
872 3374 936 3411 mox
954 3376 981 3431 p.
1000 3360 1045 3416 521.
1064 3357 1083 3411 l.
1104 3359 1131 3412 2.

206 3446 252 3496 ιο.
270 3440 301 3487 iu
319 3435 480 3502 Bovillana]
512 3438 611 3487 Deerat
624 3437 801 3506 praepositio.
839 3432 1041 3502 „scribendum
1061 3447 1101 3485 est
1120 3437 1151 3484 in
1162 3430 1327 3492 Bouillanor
1347 3435 1439 3504 inepte

134 3517 206 3567 mim
226 3510 342 3564 taberna
360 3506 464 3562 dicitur
477 3513 635 3581 propinqua
653 3510 744 3579 (apro)
764 3508 929 3569 Bovillana,
948 3513 1048 3563 erroris
1063 3513 1141 3580 origo
1153 3504 1234 3560 faetta
1249 3507 1438 3580 intelligitur.”

206 3664 254 3718 12.
273 3655 345 3711 illud
361 3659 458 3724 etiam]
478 3656 607 3708 iudicium
626 3655 913 3728 Marrynt-Lsgnna,
939 3672 1019 3726 quem
1039 3671 1146 3709 erentes
1166 3671 1207 3710 est
1226 3654 1383 3708 Schotrinr.

206 3741 253 3796 15.
251 3732 405 3860 futaberne]
425 3730 588 3804 Madvigius.
606 3758 643 3775 -
660 3730 814 3803 Legebstnr
825 3732 986 3784 tabernam:
1005 3735 1107 3801 ,quart
1129 3730 1241 3783 taberna
1259 3730 1371 3783 latitans
1391 3734 1441 3784 ell-

134 3808 231 3864 etad·
282 3807 365 3860 erit.''

207 3886 254 3941 ss·
273 3882 319 3934 M.
339 3882 482 3945 Fustenus]
511 3878 554 3930 M.
580 3875 721 3946 Sauplreus
748 3878 815 3933 Lod.
844 3906 882 3922 -
909 3877 984 3948 ,ch
1010 3879 1039 3931 ln
1068 3879 1149 3931 buius
1168 3882 1300 3931 orationis
1320 3894 1441 3932 extremo

134 3961 336 4013 commentario
366 3957 405 4026 [p.
428 3957 489 4010 159.
509 3953 590 4022 idon]
621 3953 665 4005 M.
685 3951 819 4022 Sarafetus
837 3953 1004 4026 appellatur,
1036 3969 1063 4006 et
1090 3968 1179 4026 potest
1204 3958 1288 4007 etism
1313 3971 1371 4006 esse
1397 3953 1442 4009 M.

134 4034 249 4096 fusus,
268 4031 303 4083 de
322 4047 376 4102 qno
396 4027 476 4100 paulo
496 4026 586 4080 ante.”
618 4026 763 4082 Mettus.

209 4111 257 4165 16.
275 4107 337 4172 via]
372 4102 444 4155 Satis
463 4102 623 4154 ioculariter
648 4107 747 4155 errante
768 4101 909 4174 typothets
928 4099 1058 4154 editionis
1083 4100 1278 4166 Manntlsnse,
1305 4100 1443 4154 scrlbeusr

137 4181 268 4237 cadam
286 4185 344 4231 eius
362 4183 391 4229 r‘n
411 4181 486 4230 vita
504 4176 630 4227 relictum
649 4191 701 4228 cet.

209 4258 256 4314 19.
275 4252 349 4306 uude
367 4254 430 4303 siut
448 4267 594 4318 egressus,
612 4265 642 4300 se
661 4252 776 4319 recepit]
808 4248 973 4321 Madvigius.
994 4278 1026 4291 -
1047 4248 1119 4300 unda
1137 4256 1201 4299 erat
1218 4264 1376 4316 regressum
1396 4266 1445 4298 re-

135 4335 208 4402 cepit
226 4333 323 4385 Ptine.
341 4355 377 4369 -
396 4325 468 4378 uude
486 4333 550 4377 erat
568 4340 715 4392 regressus
733 4328 834 4394 recepit
851 4341 910 4375 sese
924 4321 1029 4377 Berald.
1047 4350 1086 4364 -
1103 4323 1173 4374 trude
1190 4330 1309 4374 venerat
1327 4339 1446 4387 regres-

135 4424 194 4457 sn
213 4408 318 4472 recepit
338 4402 402 4456 sld.
421 4426 456 4442 -
474 4399 544 4451 uude
562 4405 619 4451 iam
637 4406 755 4450 venerat
773 4404 876 4467 recepit
894 4415 953 4450 sese
971 4397 1040 4451 Lod.
1059 4422 1094 4437 -
1106 4397 1177 4449 sends
1189 4406 1306 4450 uenerat
1318 4414 1445 4464 gressrun

138 4485 241 4550 recepit
260 4475 346 4549 bugd.
368 4479 431 4528 llos.
451 4477 529 4528 Man.
548 4475 629 4527 Creu.

210 4554 257 4610 2³.
277 4552 426 4616 Vibienus]
448 4550 568 4602 Ubieuus
588 4545 672 4621 Lngd.
692 4573 729 4588 -·
749 4542 828 4599 Conf.
848 4547 906 4599 Cle.
928 4560 953 4599 c.
975 4549 1018 4604 ll.
1038 4546 1062 4613 §.
1082 4548 1127 4606 57.

209 4634 257 4687 25.
277 4627 375 4680 domur
394 4657 412 4668 -
431 4627 534 4693 empta]
568 4624 688 4675 Domum
713 4652 731 4664 -
760 4632 878 4686 emptam
907 4622 1012 4674 Berald.
1040 4619 1107 4674 Lod.
1133 4635 1235 4695 puncto
1255 4636 1316 4691 post
1337 4639 1362 4676 r.
1383 4629 1447 4673 erat

140 4706 228 4774 poetro
247 4707 319 4756 strar
340 4706 368 4753 in
389 4702 480 4752 Princ.
501 4714 528 4752 et
550 4698 609 4752 Διά.
632 4726 662 4740 -
684 4696 725 4749 De
744 4699 796 4752 hac
816 4697 898 4749 domo
919 4696 970 4748 rtd.
990 4694 1023 4747 ad
1044 4697 1139 4751 Sosus.
1159 4713 1187 4769 p.
1209 4701 1271 4756 158.
1291 4696 1357 4751 lior.

211 4780 256 4835 26.
278 4776 311 4831 T.
331 4776 497 4844 Munatius]
518 4773 595 4828 Mon.
615 4798 649 4817 ι·
668 4788 725 4824 om.
744 4788 912 4848 prscnomsss
930 4777 1025 4825 oeterl.

79 4918 81 4923 .
180 4876 537 4921 maurusam.
1136 4844 1156 4906 3
