3210 5280
538 216 589 283 tu
611 178 981 284 ntvttttrtoumt.
1352 211 1410 276 tn

193 361 299 426 Vestri
315 362 440 426 ordinis
462 362 550 443 reos]
594 363 682 425 Reos
699 368 802 419 vestra
815 351 995 417 defensione
1012 350 1206 434 condignos,
1224 351 1309 413 velut
1323 349 1468 423 iuretur]

109 463 141 514 et
163 473 275 516 serras
300 473 449 533 aetpttut,
474 455 527 536 qui
553 457 636 535 apud
651 450 833 515 triumviros
855 445 1002 538 capitales
1023 447 1107 524 apud
1130 444 1304 506 coltunttatn
1320 444 1413 505 Mac·

109 543 192 606 uiam
226 543 328 624 puniri
359 547 475 610 solent.
532 550 675 611 Aderant
703 555 803 607 autem
829 539 877 602 his
908 540 969 602 reis
999 550 1174 600 moratores
1207 535 1271 617 apti
1300 536 1413 600 talibus

109 635 260 719 negotiis.

194 732 240 804 (§.
263 729 331 805 51.)
355 723 547 808 Custodem,
568 728 836 815 inquit‚'1'uliio
856 744 909 786 me
929 717 1103 802 apponite]
1157 719 1438 801 subscriptorem

111 837 175 880 non
199 820 296 895 dixit,
320 825 374 882 sed
397 824 575 895 custodem,
601 835 653 896 ut,
676 820 748 904 quia
773 817 886 878 acerbe
911 832 1121 891 responsurus
1143 821 1227 885 erat,
1252 811 1414 874 lacessitus

110 911 286 973 convicium
311 913 419 976 lacere
439 915 597 976 rideatur.
656 915 735 975 Natu
758 907 991 987 subscriptores
1019 925 1081 966 nou
1109 904 1210 967 soluta
1233 907 1412 967 chartarum

110 1023 202 1064 causa
225 1026 325 1088 neque
348 1007 472 1068 ittvantli
491 1006 684 1069 accusatoris
706 999 847 1066 adhiberi
869 1000 990 1070 solent,
1013 996 1179 1060 sedetiam
1196 1009 1229 1059 ut
1244 1019 1307 1060 nou
1320 998 1413 1061 facile

109 1112 349 1178 corrumpatur.

193 1191 240 1253 De
261 1196 323 1253 isto
346 1193 483 1257 custode
503 1194 589 1273 toto]
629 1191 704 1254 Hoc
729 1200 795 1263 est,
824 1189 862 1248 de
890 1183 974 1248 omui
1001 1204 1115 1268 genere
1140 1184 1409 1267 subscriptorum,
1424 1204 1454 1255 to

110 1277 231 1354 idest,
256 1283 345 1343 etiam
367 1284 394 1344 si
416 1285 574 1349 Caecilius
596 1281 843 1363 subscriptorem
866 1301 899 1341 se
922 1299 990 1340 esse
1013 1282 1176 1359 deposcat.

194 1373 379 1456 Nunquam
399 1378 484 1440 tales
505 1382 591 1439 viros
612 1372 859 1450 commissuros]
904 1371 993 1433 Male
1015 1372 1174 1447 iacturas,
1206 1392 1303 1453 prave
1327 1414 1337 1433 .
1364 1413 1373 1433 .
1398 1413 1410 1434 .

107 1506 121 1528 .
146 1507 329 1527 ......
353 1488 421 1527 natu
445 1468 611 1530 committi
630 1469 716 1526 l'ratts
739 1463 850 1541 dieitur
873 1475 965 1546 atquc
983 1476 1157 1542 peccatum.

193 1558 336 1638 [Etenim
347 1558 436 1632 sides
456 1579 531 1623 mea
553 1559 631 1638 eet]
674 1560 749 1618 Sum
772 1556 852 1616 enim
875 1568 905 1616 et
928 1554 1027 1616 tidelis
1050 1567 1079 1617 et
1101 1556 1254 1639 diligeus3
1285 1566 1316 1617 et
1337 1552 1409 1616 ideo

106 1670 167 1712 nec
189 1652 319 1712 custode
341 1648 483 1732 indigeo.
508 1662 539 1713 et
553 1651 779 1732 speculatorem
802 1668 869 1709 csse
889 1648 969 1709 inter
985 1668 1049 1709 mea
1065 1661 1183 1710 secreta
1207 1670 1269 1712 nou
1291 1647 1409 1728 patior.
1422 1666 1452 1715 ts
1529 1722 1535 1734 .

192 1745 237 1820 (§.
262 1743 329 1818 5‘2.)
352 1746 469 1807 Verum
491 1755 528 1806 ttt
548 1742 595 1804 ad
611 1752 661 1818 ie,
681 1740 824 1819 Caecili,
844 1738 989 1820 redeam]
1035 1741 1150 1815 Recte,
1175 1743 1247 1825 quia
1269 1743 1308 1802 ad
1328 1740 1404 1801 suli·

105 1833 281 1916 scriptores
304 1836 486 1913 parcebasiu
509 1834 638 1894 leserat.

192 1931 237 2005 (§.
261 1925 328 2000 53.)
350 1926 417 1990 Sed
435 1931 561 1989 caeteri
579 1922 704 2004 Siculi]
748 1924 848 2002 Saepe
872 1921 902 1984 ia
931 1921 1103 1987 Caecilium
1128 1926 1225 1988 utitur
1246 1927 1308 1990 boc
1334 1946 1410 1990 cott-

106 2017 211 2092 vieio‚
236 2018 374 2080 utillum
397 2039 460 2080 nou
484 2017 675 2088 l'toutanutn,
700 2017 754 2077 sed
778 2014 914 2077 Sieultuu
937 2016 1033 2079 dieat.

191 2114 236 2189 (§.
260 2111 327 2186 55.)
349 2111 543 2190 Praefectus
566 2109 708 2172 Antonii
725 2105 876 2192 quidam]
920 2108 969 2174 Μ.
991 2108 1147 2172 Antonius
1169 2123 1296 2174 curator
1318 2120 1452 2182 tuen-20

106 2245 191 2297 uobis.
207 2258 336 2306 constat,
355 2259 408 2313 quo
427 2241 488 2292 loeo
508 2241 574 2292 bat-c
594 2239 674 2291 terba
693 2236 816 2308 ponenda
836 2241 907 2303 siut,
926 2258 1008 2310 quutu
1023 2259 1090 2312 quae
1104 2247 1137 2294 iis
1151 2243 1230 2313 vulgo
1243 2241 1411 2296 addebantur

109 2318 239 2369 Aderant
258 2351 273 2362 -
293 2348 309 2360 -
327 2347 346 2359 -
364 2321 486 2382 negotiis
504 2319 627 2384 sequenti
655 2311 761 2364 scholio
782 2310 967 2367 tribuerimus.
1006 2321 1099 2388 Aptius
1120 2315 1233 2369 lattusse
1253 2332 1314 2389 post
1329 2315 1410 2369 verba
1465 2360 1471 2372 .

107 2394 212 2444 talibus
230 2397 351 2458 negotiis
370 2390 500 2442 collocari
522 2405 657 2460 poterant.
680 2415 710 2426 -
732 2386 853 2455 „causis
871 2393 1002 2440 eiusmodi
1020 2393 1106 2443 soliti.
1126 2393 1244 2442 aderant
1262 2400 1355 2443 atatem
1368 2391 1411 2442 its

108 2468 189 2518 rebus
208 2475 363 2518 moratores
381 2471 442 2534 apti
460 2465 561 2514 talibus
580 2465 712 2530 negotiis]
751 2461 809 2512 Hoc
828 2476 856 2512 et
876 2463 1049 2534 depravatum
1069 2482 1128 2528 est,
1148 2483 1174 2518 et
1194 2466 1299 2518 videtur
1317 2466 1410 2518 abuu-

109 2540 182 2604 dare.
201 2545 292 2612 potius
313 2540 345 2590 sd
367 2538 432 2592 illud
445 2543 578 2609 pertinet,
599 2536 671 2609 quod
691 2553 731 2588 est
752 2533 842 2605 paullo
861 2552 956 2608 supra,
973 2538 1020 2590 Ea:
1036 2542 1084 2591 iiio
1103 2558 1192 2608 grege
1211 2540 1410 2594 moratortan.”

109 2615 254 2669 MANUT.
293 2618 394 2670 Omnia
416 2614 482 2666 baec
501 2613 596 2675 tetba,
626 2626 693 2683 quae
714 2613 842 2663 Manutio
862 2610 999 2667 abundare
1019 2615 1197 2683 videbantur,
1222 2633 1278 2668 otu.
1297 2614 1411 2669 Sabura.

109 2716 141 2732 -·
163 2691 217 2740 soli
235 2689 353 2739 aderant
372 2697 527 2740 moratores
547 2689 656 2741 Graevii
677 2685 738 2738 MS.

202 2824 229 2873 1.
248 2819 338 2884 veltet]
368 2817 414 2871 Sic
434 2822 541 2888 scripsi.
564 2847 593 2859 -
614 2816 662 2867 vat
679 2816 768 2869 Princ.
789 2818 851 2871 Ber.
871 2815 933 2872 ΔΜ.
952 2816 1019 2872 Lod.
1038 2818 1115 2872 Man.
1135 2847 1171 2862 -
1190 2827 1220 2872 ut
1239 2820 1304 2874 Hot.
1327 2819 1410 2874 Creu.

202 2897 229 2954 5,
249 2896 315 2961 reis]
341 2896 387 2946 ste
407 2896 513 2964 scripsi.
552 2891 703 2962 Legebatur
721 2892 810 2944 rebus.

203 2972 229 3024 7.
248 2966 419 3033 chartarum]
451 2975 592 3016 cartarum
622 2968 711 3019 l'riuo.
758 2969 879 3039 „Recepi
907 2985 940 3019 ex
971 2968 1030 3021 tls.
1057 2985 1212 3021 castratum.
1259 2965 1333 3037 Quid
1362 2967 1410 3021 blo

111 3039 227 3093 chartae
246 3039 392 3093 iaciami''
412 3041 543 3095 Gusev,
582 3041 710 3109 „Tamen
730 3056 848 3112 praestat
867 3057 930 3092 cunt
950 3040 1010 3094 aliis
1030 3041 1117 3114 legere
1137 3041 1314 3108 chartarum,
1334 3056 1361 3095 et
1380 3047 1409 3095 iu

110 3117 180 3169 idSo
199 3116 298 3169 Graes.
318 3113 445 3167 mendum
465 3129 621 3186 agnoscere.
659 3115 732 3186 Quid
759 3115 805 3168 bio
830 3114 944 3167 eltartaa
961 3114 1079 3182 faciant,
1107 3119 1166 3170 Cic.
1186 3115 1283 3182 docet,
1311 3134 1411 3188 capsas

110 3191 283 3243 nominans.”
313 3189 442 3242 thttt'l'.
822 3216 825 3222 ·

110 3335 162 3389 Md
191 3266 454 3390 1iidcmmunpatttr]
486 3261 567 3336 Lugd.
587 3263 652 3316 Hos.
674 3265 751 3318 Man.
775 3263 856 3317 cren.
885 3293 922 3305 -
948 3272 1160 3334 corrumpantur
1185 3264 1276 3320 Ptine.
1301 3262 1409 3318 Berald.

164 3374 172 3390 .
213 3355 259 3393 o.
1085 3354 1090 3367 ·

185 3417 229 3467 12.
248 3412 406 3482 Nunquam]
434 3411 500 3463 Non
519 3427 576 3462 esse
595 3409 646 3461 ltus
665 3409 732 3465 Lod.
752 3426 815 3464 cum
835 3409 914 3466 editt.
937 3417 1088 3467 Ciceronis.

185 3486 258 3540 lbld.
277 3486 361 3557 iales]
391 3485 458 3536 talis
476 3485 565 3538 Prlne.
585 3484 691 3540 Berald.
983 3496 990 3509 '

184 3559 255 3613 lbld.
275 3561 368 3631 Mate]
388 3576 444 3613 ont.
464 3558 549 3631 Lugd.
570 3561 648 3613 Mau.

184 3640 230 3692 13.
245 3653 335 3705 prave
354 3638 371 3670 ¹
388 3634 468 3703 narrt]
489 3634 535 3687 Sic
555 3635 647 3689 Prlne.
673 3663 712 3678 ·-
734 3634 1042 3705 praeeminuit.
1062 3635 1120 3691 Ald.
1142 3636 1208 3693 Lod.
1227 3636 1313 3712 Lugd.
1333 3640 1410 3695 Man.

111 3727 251 3779 -prave
270 3719 299 3761 st
316 3714 411 3778 iniqua
429 3713 547 3760 ratione.
567 3725 631 3760 nam
651 3710 715 3764 llos.
735 3711 816 3765 Creu.
835 3727 862 3765 st
882 3728 956 3783 seqq.

184 3781 254 3836 ibid.
271 3785 426 3855 parmam]
453 3789 593 3854 panatma
613 3784 705 3839 Princ.
1013 3837 1016 3841 .

187 3856 230 3914 tlt.
249 3857 361 3909 Etenim
373 3855 452 3929 fides
469 3874 529 3908 mea
548 3860 614 3926 ceu]
645 3858 705 3911 Hoc
730 3857 828 3912 lemma
849 3857 1020 3926 addidimus,
1044 3875 1074 3911 ut
1094 3865 1233 3931 sequentis
1253 3864 1410 3934 interpretis

111 3928 190 3983 verbs
210 3930 359 3994 baberent.
378 3947 432 4003 quo
452 3927 626 3985 referrentur.
645 3934 715 3986 Nam
736 3934 769 3985 sd
789 3935 951 4005 praecedens
971 3934 1113 3999 scholion,
1134 3952 1252 4006 quaeunt
1272 3940 1301 3989 iu
1321 3941 1411 3990 omul-

111 4004 162 4058 bus
180 4006 259 4059 editt.
280 4011 372 4059 iuncta
391 4005 565 4076 legebantur,
583 4010 698 4061 minime
717 4013 863 4080 pertinent.

110 4150 168 4204 Led
184 4083 229 4139 16.
246 4080 287 4131 ad
302 4079 420 4153 sussen]
448 4081 495 4134 Sic
514 4084 620 4153 scripsi.
639 4110 677 4126 -
694 4090 744 4133 atti
763 4083 866 4137 subscr.
885 4083 977 4137 Prlne.
997 4081 1104 4137 Berald.
1123 4080 1187 4138 Ati.
1205 4112 1242 4126 -
1259 4089 1289 4136 ia
1306 4084 1411 4140 stsbsar.

171 4190 178 4206 .
197 4169 224 4206 et
244 4171 318 4225 seqq.

202 4234 247 4287 17.
263 4227 429 4298 parcebast'rt
439 4228 570 4299 fecerat]
600 4226 668 4283 Lod.
695 4231 883 4301 -parcebas
900 4230 1041 4302 inficeret
1059 4231 1150 4285 Prlne.
1168 4228 1346 4303 -paradas
1362 4236 1411 4284 ia.

109 4297 219 4367 secerni
233 4305 291 4355 Ber.
319 4331 348 4344 -
370 4320 409 4372 pa
422 4301 438 4333 ⁰
450 4301 592 4370 injecerat
604 4301 664 4356 Ald.
681 4333 711 4345 -
727 4306 918 4384 παρέκβασιν
929 4303 1047 4375 fecerat
1060 4305 1146 4379 Lagd.
1159 4306 1225 4359 Hos.
1239 4310 1315 4360 blau.
1329 4307 1411 4362 Creu.

183 4381 229 4433 90.
251 4377 380 4445 Antonii]
401 4378 507 4428 Antoni
527 4378 619 4431 Prlne.

183 4449 253 4504 ibid.
271 4451 393 4520 qrtidam]
423 4450 498 4504 Male
517 4451 588 4504 banc
607 4467 701 4504 vocem
723 4455 863 4523 interpreti
884 4452 1007 4508 tribuunt
1028 4451 1089 4508 stt.
1108 4469 1135 4508 st
1154 4471 1243 4525 seqq-t
1263 4451 1335 4507 baud
1355 4473 1411 4508 tne-

109 4521 161 4575 litts
181 4542 237 4579 otu.
259 4526 358 4579 Graes.
376 4524 489 4579 Sebutt.
527 4529 651 4595 ,Tamen
671 4526 724 4579 lsoe
743 4527 852 4594 [vocem
866 4529 974 4597 qrtidarn
988 4528 1115 4581 Cieetout
1128 4545 1186 4582 esse
1200 4529 1409 4598 restituendam]

109 4614 249 4652 monuerat
270 4602 426 4673 liutgersius
446 4599 497 4653 lll.
511 4615 566 4654 tar.
580 4606 633 4664 ti..
656 4605 703 4670 qui
722 4605 806 4655 stiam
825 4603 987 4656 emendabat
1007 4608 1105 4654 mirans
1123 4613 1203 4658 arsat.
1230 4605 1291 4657 luto
1304 4622 1412 4659 uuum-

110 4689 160 4742 qus
181 4676 234 4725 lae.
255 4675 410 4726 Gronovius
429 4690 461 4726 ex
481 4674 529 4726 illo
549 4676 718 4747 receperat.”
744 4678 875 4730 GARAT.

183 4746 254 4802 ibid.
266 4748 310 4803 M.
321 4750 472 4815 Antonius]
489 4750 586 4806 Deerat
595 4764 773 4823 praenotusu,
783 4752 957 4825 absorptum,
966 4757 994 4805 ui
1005 4749 1099 4819 lullus,
1109 4767 1124 4804 a
1135 4750 1313 4826 praecedente
1322 4752 1411 4815 litera.

1328 4994 1346 5041 'l'
