3210 5280
198 183 260 250 288
608 183 812 258 scironia
834 181 1082 252 BOBIENSIA

277 325 500 393 Sollertissime
521 326 714 415 invigilavit,
738 347 777 391 ne
796 323 873 410 quid
887 323 1002 388 Graeci
1016 321 1107 387 etiam
1119 322 1296 386 tabularum
1311 317 1502 383 recitatione

194 419 356 487 lirmarent
377 424 438 467 ·-¹
461 443 539 505 prae
573 422 635 517 'tiit
654 417 1032 495 bancinsimulstionem,
1055 429 1090 480 ut
1110 416 1138 480 si
1160 418 1245 499 qisod
1266 415 1503 478 instrumentum

195 514 396 597 probationis
422 445 599 593 attulerim,
622 537 684 599 pro
704 516 786 579 falso
810 511 995 594 accipiatur.
1038 512 1083 575 Et
1104 509 1269 574 confirmat
1291 509 1353 570 boc
1373 509 1437 552 -2
1457 506 1506 571 in·

196 610 396 690 terponendo
429 607 647 672 asrctoritatem
676 607 739 672 Cu.
767 604 935 687 Pompeii³
964 615 997 667 et
1027 603 1189 684 Hypsaei,
1229 623 1364 685 quorum
1392 599 1506 664 litteris

171 698 393 763 ⁵in'dicabatur
414 701 545 784 perfidia
566 702 775 766 Graecorum.
818 700 862 763 Et
883 695 986 760 statim
1010 698 1069 760 sub
1092 698 1202 760 eodem
1223 726 1265 738 -
1286 694 1344 742 -‘·
1367 693 1397 756 in
1420 694 1507 758 class·

82 805 84 808 ’
196 792 263 854 sula
278 791 423 873 ponitur,
447 813 524 871 eos,
541 793 594 878 quii
619 797 657 857 de
681 790 837 874 Pompeio
861 803 893 857 et
911 793 1064 874 Hypsaeo
1086 786 1205 854 mentiti
1221 787 1384 865 sint,-nec
1398 791 1437 852 de
1458 786 1507 851 in-

197 884 367 947 simulanda
393 884 500 949 Flacci
524 885 700 950 innocentia
723 884 863 968 potuisse
886 883 1041 947 dubitare.

272 1001 310 1082 3.
338 1008 479 1083 Triduo
505 1009 567 1083 lex
594 1010 639 1083 ad
664 1019 875 1110 praetorem
902 1009 1042 1082 deferri
1066 1008 1179 1082 iubet.

259 1125 341 1202 ‚-⁶
364 1127 456 1210 Lege
477 1125 558 1190 enim
580 1128 796 1203 habebunt,
821 1137 856 1190 ut
871 1125 1091 1189 accusatores⁷
1113 1126 1150 1188 de
1169 1121 1310 1207 pecuniis
1324 1122 1506 1205 repetundis

157 1217 302 1284 stornnia
330 1217 532 1284 instrumenta
557 1221 732 1284 tabularum
756 1233 787 1287 et
809 1222 891 1284 intra
914 1219 992 1282 diem
1020 1216 1146 1281 tertium
1176 1220 1215 1279 ad
1243 1228 1423 1299 praetorem
1451 1218 1506 1280 dc·

196 1312 318 1377 ferrent
350 1324 381 1375 et
414 1313 517 1378 omnia
543 1312 678 1377 indicum
707 1314 806 1380 antilis
834 1312 1089 1397 obsignarentur.
1134 1311 1206 1374 Hos
1241 1311 1403 1374 contendit
1431 1320 1507 1393 post

198 1403 279 1470 diem
302 1403 533 1468 tricensimum⁸
555 1407 766 1492 obsignandas
781 1406 903 1471 tabulas
925 1405 1077 1479 edidisse,
1101 1416 1136 1467 ut
1159 1402 1302 1467 videlicet
1323 1405 1387 1466 boc
1409 1401 1506 1465 inter·

198 1497 472 1627 {²¹¹⁰,P⁰²,¹,¹⁰'⁵¹¹¹
500 1501 618 1563 habere
648 1500 770 1586 largum
795 1511 917 1583 tempus
944 1501 1066 1565 easdem
1088 1499 1210 1564 tabulas
1234 1497 1248 1556 t
1269 1493 1509 1580 corrumpendi

159 1726 190 1775 ss
490 1712 789 1816 [Desideroutur
806 1717 980 1826 paginae
1003 1710 1222 1814 quattuor]

743 1851 762 1888 s
851 1849 869 1886 ο
951 1850 970 1887 0

277 1936 402 2014 xllll.
431 1933 466 2014 1.
491 1940 623 2053 Negas
652 1939 821 2031 fratrem
848 1965 993 2029 meum,
1019 1936 1087 2035 qui
1111 1935 1250 2012 Flacco
1274 1935 1512 2029 successerit,

197 2052 400 2148 pecuniam
429 2052 547 2127 ullam
573 2052 614 2125 in
640 2049 803 2156 remiges
831 2049 1043 2145 imperasse.

258 2157 262 2163 ¹
286 2166 341 2249 [P.
349 2164 438 2244 260]
448 2167 464 2200 ⁰
477 2166 495 2201 ⁶
506 2167 523 2201 ⁰
535 2187 635 2253 neque
641 2164 749 2229 fratris
757 2161 805 2228 sui
813 2163 933 2226 laudem
943 2166 1103 2246 decerpat,
1120 2175 1151 2227 et
1158 2166 1245 2250 qsrod
1252 2164 1386 2227 Flaccus
1395 2160 1509 2248 egerit,

160 2263 192 2312 ²⁰
202 2257 373 2322 rectissime
391 2259 507 2324 facttun
530 2281 599 2323 esse
620 2260 819 2342 persuadeat.
863 2255 1000 2335 Quintus
1015 2257 1095 2321 enim
1121 2256 1238 2323 Cicero
1260 2279 1429 2320 successor
1445 2256 1510 2319 eius

203 2373 267 2415 non
287 2349 500 2435 imperaverat
523 2352 616 2416 Asiae
636 2349 797 2435 pecuniam
821 2349 928 2412 classis
953 2350 1077 2414 nomine
1099 2351 1339 2425 conterendam
1363 2351 1511 2417 Flaccum

203 2465 284 2509 vero
307 2445 476 2525 imperasse
499 2448 675 2528 constabat.
719 2445 823 2530 igitur
840 2465 903 2507 non
919 2444 948 2507 in
965 2453 1065 2507 totum
1082 2445 1255 2520 concessit,
1279 2446 1408 2507 fratrem
1423 2463 1511 2506 sittim

204 2537 285 2598 hanc
308 2536 445 2618 speciem
461 2538 726 2620 praetermisisse,
750 2541 788 2602 ad
812 2549 935 2619 tempus
956 2537 1162 2600 necessarium
1182 2559 1375 2600 reservasse.
1420 2536 1512 2620 Ergo

206 2649 271 2691 non
293 2629 449 2691 damnavit
472 2634 556 2714 quod
581 2652 768 2713 praecessor
791 2629 927 2703 lecerat,
951 2631 1008 2692 sed
1032 2628 1152 2692 distulit
1173 2632 1259 2715 qinod
1280 2628 1348 2711 ipse
1371 2650 1434 2692 non
1455 2628 1512 2690 im-

162 2749 194 2798 25
206 2723 350 2804 perabat.
401 2723 534 2787 Praeter
558 2726 620 2788 hoc
645 2725 736 2788 etiam
759 2724 819 2772 -9
840 2721 996 2815 defendit
1023 2744 1081 2804 per
1110 2724 1284 2786 absolutam
1312 2720 1511 2806 qrtalitatem,

208 2814 294 2877 salva
310 2815 481 2901 religione,
505 2818 643 2882 fraterna
667 2817 843 2881 libertate¹⁰
864 2839 988 2880 causam
1011 2815 1137 2891 Flacci,
1162 2819 1246 2901 quod
1269 2815 1347 2878 atilli
1368 2835 1513 2898 umquam

210 2907 332 2972 crimini
358 2912 460 2972 datum
484 2912 524 2975 sit
546 2912 577 2975 id
598 2916 685 2997 qitod
708 2931 876 2974 successor
900 2911 997 2974 aliter
1018 2908 1131 2975 iecisse
1158 2909 1320 2972 videaturs
1343 2919 1515 2991 propterea

210 3005 298 3086 quod
323 3004 466 3087 exempla
494 3005 744 3088 praecedentium
770 3005 929 3089 sequenda
952 3004 1030 3081 sint,
1065 3023 1282 3066 successorum
1305 2997 1517 3086 praedivinari

208 3096 387 3162 voluntates
410 3108 441 3160 et
462 3099 590 3162 consilis
614 3120 676 3162 non
699 3097 834 3181 possint.

165 3241 197 3291 so
281 3218 366 3293 XV.
393 3213 428 3294 1.
467 3222 644 3298 Procedit
669 3246 764 3296 unus
790 3221 1039 3320 Asclepiades.

291 3340 371 3384 -¹¹
393 3339 582 3403 Prudenter
603 3339 698 3414 satis,
732 3340 880 3424 quioniam
904 3359 1021 3421 praeco
1042 3337 1166 3424 legatos
1187 3338 1405 3402 Acmonenses
1431 3333 1517 3400 exci-

207 3442 348 3506 taverat,
376 3443 407 3494 et
433 3434 470 3493 de
504 3434 756 3499 Acmonensibus
779 3453 859 3495 santis
881 3431 1084 3514 Asclepiades
1107 3432 1287 3515 prodierat,
1312 3428 1444 3513 arripuit
1466 3450 1518 3491 ac·

208 3536 375 3608 cursaturus
398 3524 581 3590 malitiosam
603 3525 847 3591 criminationem
875 3526 1090 3601 Graecorum,
1114 3525 1167 3609 qui
1189 3527 1242 3588 ιιιιί
1267 3525 1385 3587 bomini
1407 3533 1518 3585 arieto·

210 3615 335 3680 ritatem
350 3620 502 3702 quandam
526 3620 728 3683 multitudinis
747 3621 868 3682 darent.
912 3619 1044 3699 Impleta
1061 3640 1141 3702 ergo
1158 3618 1365 3700 responsione
1380 3613 1520 3700 generali

166 3729 198 3778 ts
212 3709 268 3790 [P.
292 3709 382 3790 titt]
406 3723 517 3775 contra
536 3711 752 3776 auctoritatem
772 3709 870 3776 totius
892 3717 898 3798 Ι
918 3711 1034 3786 Asiae,
1060 3709 1222 3773 transitum
1236 3710 1312 3772 iacit
1328 3711 1367 3770 ad
1381 3707 1519 3792 singulas

210 3801 367 3866 civitates.
411 3804 528 3867 Et'hic
552 3805 810 3909 primum-adum
841 3803 946 3888 figur
973 3806 1136 3867 destruens
1166 3803 1257 3866 etiam
1283 3801 1379 3884 ipsius
1406 3801 1519 3863 Ascle·

279 4008 305 4056 l.
324 4011 430 4066 sputum
452 4013 520 4055 nnius
544 4024 638 4056 versus.
676 4009 701 4055 2.
721 4013 828 4067 Spatium
851 4024 935 4056 rsrsns
965 4012 1043 4055 unius.
1081 4007 1105 4056 ³.
1125 4011 1160 4055 lta
1181 4012 1234 4056 eod.
1271 4010 1302 4055 At
1325 4023 1397 4065 snpra
1421 4010 1465 4054 vt.
1494 4006 1519 4052 2.

346 4079 456 4137 Pompei.
491 4077 517 4125 i.
537 4082 643 4136 Spatium
656 4083 756 4125 duorum
776 4095 886 4127 versuum
905 4095 958 4126 enm
979 4081 1086 4125 dimidio.
1125 4079 1150 4125 5.
1171 4080 1277 4136 Spatium
1289 4093 1373 4124 rersns
1386 4081 1455 4123 unius
1469 4092 1521 4123 enm

346 4151 453 4194 dimidio.
492 4147 516 4194 ⁶.
536 4150 596 4194 Cod.
619 4148 779 4194 debebantur.
821 4149 844 4197 i.
865 4151 926 4195 Cod.
946 4151 1097 4196 accusatori.
1135 4148 1159 4194 8.
1189 4151 1305 4194 lneertnm
1330 4154 1368 4193 est
1389 4154 1467 4192 ntrmn
1491 4150 1523 4193 sit

346 4219 520 4264 tricensimum
552 4235 581 4264 sn
614 4221 799 4280 trigeuss'mum.
849 4218 873 4266 9.
903 4221 1008 4275 Spatium
1036 4220 1159 4264 rarsicnli.
1210 4216 1251 4269 to.
1279 4219 1340 4263 Cod.
1370 4217 1521 4263 libertatern.

348 4288 389 4338 11.
409 4290 515 4346 Spatium
533 4290 624 4334 dimidii
645 4304 728 4335 rersns
749 4294 773 4335 st
793 4292 863 4346 psnlo
883 4290 946 4344 plus.
985 4287 1026 4335 12.
1046 4290 1106 4334 Cod.
1118 4285 1202 4349 sugit.

214 4459 217 4465 .
304 4411 332 4469 lt.
351 4410 461 4481 Quippe
479 4409 620 4481 Hypsaeus
640 4425 768 4481 qnaestor
787 4409 910 4480 Pompeii
931 4405 984 4461 tuit
1002 4407 1076 4461 bello
1096 4407 1308 4474 Mithridatico,
1326 4425 1381 4480 qno
1401 4423 1524 4481 tempore

212 4486 330 4556 scriptae
350 4483 459 4537 luerunt
478 4500 589 4537 mutuae
609 4487 722 4548 borum,
741 4499 807 4555 quas
827 4500 1026 4538 commemoret
1045 4482 1168 4547 Tullius,
1189 4484 1307 4537 litterae.

112 4610 115 4619 .
215 4610 217 4615 a
288 4569 331 4616 tt.
351 4561 494 4629 Quaenam
515 4576 530 4612 e
550 4575 591 4613 tot
611 4559 716 4632 ligibus
737 4561 769 4613 de
788 4559 948 4630 repetundis
969 4573 1050 4632 capnt
1071 4559 1125 4613 boc
1144 4557 1177 4613 de
1197 4558 1298 4615 tabulis
1318 4574 1394 4613 rests
1413 4557 1458 4612 die
1476 4556 1525 4612 ob-

215 4632 354 4705 signandis
375 4633 516 4697 bsbuerit,
537 4635 719 4705 quaerendum
741 4652 872 4706 superest.

287 4714 331 4769 23.
351 4707 502 4780 (Fortassez
520 4715 760 4779 praetermisisse,
780 4709 830 4761 sed
846 4709 886 4761 ed
902 4716 1014 4779 tempus.
1045 4707 1112 4781 On.)
