3210 5280
320 204 369 269 IN
393 203 536 270 ouuT.
558 205 607 271 tu
629 201 849 270 CLODIUM
870 204 933 269 ET
955 202 1222 271 conionum.
1365 196 1427 273 333

195 345 241 409 Ut
262 343 413 408 incestum
435 344 647 428 signiticaret,
678 344 831 417 mediam¹
858 343 1023 427 suspendit
1044 345 1273 424 elocutionem,
1302 370 1367 414 non
1392 354 1429 414 ut

112 437 303 523 religionem
324 442 565 522 praetenderet,
597 441 653 502 sed
674 450 709 501 ut
731 438 863 502 crimen.

189 559 225 636 2.
254 562 373 663 Quum
400 587 441 637 se
468 564 514 636 ad
539 562 688 661 plebem
705 565 868 637 transire
886 563 981 637 velle
999 563 1277 664 diceret²‚se‹t
1293 570 1432 670 misere

112 678 247 750 lectum
276 679 439 751 transire
465 685 631 775 cuperet.

197 795 354 874 Quoniam
379 793 521 875 patriciis
543 814 607 858 non
629 792 745 857 licebat
766 789 958 856 tribunatum
983 795 1041 878 pl.‘
1057 777 1223 879 accipere,
1251 797 1372 864 idcirco
1394 820 1455 874 ses

111 888 245 952 Clodius
274 888 518 950 denuntiaverat
550 887 582 949 in
607 885 765 969 plebeiam
793 883 944 950 familiam
969 889 1193 968 transiturum,
1229 903 1264 956 ut
1294 896 1429 976 adeptus

113 985 192 1043 hauc
222 977 411 1062 potestatem
433 983 472 1044 de
504 980 570 1044 suis
590 979 726 1043 inimicis
752 978 977 1044 vindicaretur.
1021 982 1072 1046 De
1092 982 1179 1048 lreto
1210 996 1313 1049 autem
1340 988 1430 1070 quod

113 1076 173 1149 ait,
198 1075 274 1137 illud
294 1074 468 1157 siguificat,
492 1096 558 1160 quo
581 1072 687 1136 Sicilia
709 1075 751 1135 ab
765 1072 856 1137 Italia
873 1087 1062 1157 separatur;
1086 1075 1116 1138 in
1132 1097 1193 1160 qua
1209 1098 1243 1140 se
1261 1079 1430 1160 provincia

111 1172 172 1231 sub
194 1167 236 1232 C.
260 1168 411 1251 Vergilio
434 1169 650 1254 gratularetur
670 1168 772 1231 idem³
799 1169 940 1232 luiturum
963 1189 1033 1232 esse
1055 1183 1273 1254 quaestorem.

188 1288 225 1367 3.
253 1294 357 1389 Hanc
383 1294 574 1394 loquacem
599 1290 766 1393 Siciliam
794 1318 869 1367 non
900 1293 1082 1392 despexit.
1111 1371 1115 1378 ,
1441 1326 1477 1380 aa

198 1415 384 1496 Loquacem
419 1412 542 1474 videtur
575 1410 714 1486 Siciliam
743 1409 867 1488 dicere,
905 1414 993 1496 quod
1025 1413 1196 1496 plerosque
1221 1414 1260 1475 de
1286 1410 1430 1496 pecuniis

115 1506 319 1589 'repetundis'⁴
340 1517 585 1582 accusaverant,
609 1508 664 1568 sed
684 1515 719 1568 ut
739 1505 873 1583 scimus,
897 1505 999 1588 ipsum
1028 1505 1071 1570 C.
1094 1508 1249 1571 Verrem.
1348 1536 1351 1540 ¹

190 1625 226 1704 lt.
254 1631 506 1703 decesserunt
530 1632 582 1703 ita
608 1631 735 1729 pauci,
761 1639 803 1703 ut
829 1655 912 1704 eum
938 1656 1014 1705 uon
1040 1631 1088 1704 ad
1113 1633 1342 1729 contionem,
1364 1631 1432 1706 sed

114 1767 290 1841 sponsum
317 1742 461 1816 diceres
488 1744 702 1816 advocasse.

198 1864 286 1925 Aere
309 1859 411 1924 alieno
438 1871 605 1943 gravatum
630 1872 661 1922 et
682 1857 925 1941 supradixerat
946 1855 1109 1921 Clodium.
1152 1857 1307 1922 Solebsnt
1329 1868 1431 1921 autem
1444 1884 1475 1932 tt

118 1975 280 2016 versuram
301 1952 454 2016 iacientes
478 1943 567 2036 quasi
595 1955 634 2015 ad
660 1952 768 2035 spem⁵
800 1949 968 2015 solutionis
996 1950 1123 2013 suttune
1144 1971 1318 2034 sponsores
1341 1954 1431 2015 dare.

115 2048 238 2110 Verum
266 2047 317 2109 hic
346 2046 458 2111 volens
485 2046 552 2109 e'ius
574 2046 736 2127 perfidiam
758 2048 930 2120 denotare,
954 2043 1017 2107 ait:
1045 2064 1110 2107 uon
1133 2044 1227 2109 aliter
1247 2066 1369 2128 paucos
1392 2046 1433 2107 ad

113 2152 219 2202 rostra
244 2139 383 2218 venisse,
407 2161 502 2224 quam
517 2139 544 2201 si
559 2144 769 2203 convocasset
784 2158 861 2212 eos,
879 2137 933 2222 qui
947 2157 1010 2219 pro
1026 2155 1060 2199 se
1074 2140 1281 2218 sponderent.
1304 2137 1432 2202 Martios

113 2232 195 2295 enim
217 2232 390 2310 fefellerat,
415 2254 512 2318 quum
534 2233 678 2315 periculo
700 2229 881 2314 sponsionis
901 2229 1127 2314 adstringeret.

189 2351 225 2431 5.
254 2356 371 2430 Cuius
397 2357 660 2431 satisdationes
687 2379 835 2453 semper
860 2354 1058 2428 dicuntur⁶
1084 2355 1221 2430 induci.
1441 2380 1475 2440 ρο

198 2473 427 2538 satisdationes
455 2474 530 2538 dicit
550 2474 688 2538 rescindi
714 2470 868 2537 sententia
902 2472 1073 2553 praetoris.
1130 2473 1174 2537 Et
1200 2474 1264 2539 hoe
1290 2469 1324 2535 in
1355 2458 1432 2537 loeo

114 2566 271 2652 significat
299 2567 407 2644 viros,
445 2568 500 2652 qui
528 2567 623 2632 stulte
651 2567 800 2633 timerent
829 2590 893 2652 pro
927 2567 1046 2635 Clodio
1079 2575 1239 2630 mutuante
1267 2563 1432 2648 pecuniam

115 2661 310 2743 sponderel,
335 2684 430 2747 qttum
456 2681 684 2745 saepenumero
702 2662 826 2748 experti
849 2665 930 2740 sint,
955 2663 1073 2727 multos
1092 2663 1267 2744 sponsores
1287 2657 1354 2723 eius
1370 2656 1434 2723 boc¹

116 2776 199 2817 nexu
221 2754 395 2830 liberatos,
423 2776 519 2838 quum
542 2755 597 2818 se⁸
619 2753 854 2821 circumventos
876 2757 960 2821 illius
981 2758 1092 2822 fraude
1113 2753 1307 2820 docuissent.

187 2971 210 3014 1.
230 2971 291 3014 cod.
311 2975 421 3024 corrupte
440 2967 590 3032 significare
608 2969 702 3016 medice
719 2969 851 3027 suspendit
866 2971 1039 3015 elocutionem.
1081 2968 1161 3014 Porro
1178 2968 1210 3012 ob
1230 2969 1275 3012 ioei
1297 2967 1433 3026 intelligen-

251 3039 307 3083 tiam
326 3040 393 3083 adest
411 3040 497 3083 similis
514 3041 537 3083 in
557 3040 600 3083 hae
612 3038 682 3085 Orat.
702 3041 803 3085 interius
823 3040 865 3084 Vl.
892 3037 916 3085 2.
936 3046 1049 3084 notemus
1065 3037 1195 3084 verborum
1218 3032 1362 3082 rnedistatea
1385 3031 1434 3079 eie-⁸

152 3149 153 3152 ,
252 3109 405 3170 gontieaime
418 3109 560 3153 adoratore
572 3108 702 3168 sreepende'.
739 3110 829 3154 Confer
845 3111 945 3154 eundem
960 3115 1069 3154 nostram
1084 3113 1240 3163 interpretem
1257 3108 1287 3151 ad
1306 3110 1368 3150 orat.
1382 3115 1434 3161 pro

252 3179 351 3224 Plancio
370 3178 404 3224 X.
426 3177 450 3223 6.
488 3176 513 3221 2.
533 3179 594 3225 Cod.
614 3178 711 3223 dicare.
748 3175 772 3226 3.
793 3177 1017 3224 Fortasae⁴eidem.
1047 3177 1094 3224 Oa.
1141 3175 1166 3222 l.
1186 3177 1247 3222 Cod.
1267 3172 1432 3233 repetande'ie.

252 3248 313 3292 God.
333 3254 529 3303 accusaverant,
553 3246 600 3293 ead
619 3254 646 3292 at
668 3249 764 3293 ecinraee
786 3253 833 3294 cet.
866 3249 945 3293 idaiae
963 3249 1026 3293 roni.
1045 3252 1223 3301 occurerent,
1253 3251 1278 3290 et
1295 3246 1434 3289 uterinae

257 3322 304 3361 ret.
330 3317 401 3363 Beier
430 3319 480 3362 eie:
510 3341 541 3351 -
567 3316 632 3377 qaod
651 3319 741 3375 plures
759 3316 857 3377 quidem
880 3318 911 3362 tie
932 3319 1048 3376 pecuniis
1072 3315 1218 3374 repetundis
1235 3319 1435 3367 accusaverantt

255 3385 302 3430 aed
319 3391 345 3430 ut
361 3388 456 3432 ecimus
474 3388 557 3444 ipsum
573 3384 600 3431 C.
622 3386 734 3433 Verrem.
772 3389 871 3433 Matisa:
891 3386 956 3446 quod
972 3389 1105 3446 plerosque
1122 3385 1152 3433 de
1160 3386 1278 3444 pecuniis
1290 3382 1435 3442 repetundis

254 3462 456 3510 accusaverim&
483 3455 542 3510 aad,
569 3462 595 3501 ast
612 3457 722 3510 ssimae,
738 3456 849 3515 primurn
868 3453 894 3506 0.
916 3454 1029 3502 Verrem.
1060 3456 1108 3503 Oa.
1146 3455 1170 3502 ⁵.
1190 3456 1273 3500 Codex
1291 3454 1435 3499 obliteratus

255 3525 379 3570 videbatur
397 3526 452 3570 inibi
472 3524 678 3580 treberensium,
699 3541 796 3585 eamque
816 3529 894 3582 putari
912 3527 1023 3572 vitiosam
1035 3526 1184 3589 metathesim
1197 3539 1241 3580 pro
1256 3523 1351 3569 andern.
1388 3523 1435 3567 Sed

255 3596 343 3639 rectius
363 3597 489 3640 emendare
505 3597 598 3639 videtur
615 3597 650 3642 ill.
672 3595 703 3641 N.
722 3596 757 3642 cd
776 3610 855 3654 apem.
873 3597 935 3642 idat.
956 3598 1043 3643 Beier:
1063 3595 1098 3641 ed
1108 3593 1189 3658 fidem
1206 3594 1340 3639 solutionis
1358 3588 1436 3650 [eirea]

249 3660 367 3722 saturae.
404 3664 476 3710 Certe
495 3665 802 3721 eiueaupplementnnaeet
821 3679 920 3721 prorsus
938 3679 1148 3723 supervacaneam.
1168 3663 1216 3712 Oa.
1255 3662 1279 3708 d.
1298 3666 1335 3707 ita
1353 3660 1384 3706 Ν.
1406 3664 1438 3706 At

255 3734 318 3779 Cod.
336 3732 492 3782 indicuntur.
510 3731 611 3796 (licien
630 3734 776 3780 indecenter
792 3734 888 3781 induci.
902 3734 962 3791 Oa.)
998 3733 1021 3782 7.
1042 3735 1103 3780 (lod.
1122 3732 1269 3799 spondeant.
1286 3729 1311 3777 8.
1327 3732 1387 3776 eoa.
1401 3731 1436 3776 ei.

213 3854 240 3910 9.
260 3854 291 3906 C.
311 3852 448 3926 Vergilius
467 3851 593 3907 Siciliam
614 3853 756 3908 obtinebat
783 3869 893 3927 praetor
919 3859 1020 3919 ettam,
1046 3869 1130 3926 qaam
1150 3842 1249 3907 Cicero
1273 3856 1303 3905 tn
1323 3849 1438 3905 exilium

117 3923 257 3999 profectus
278 3942 330 3980 eet.
379 3928 505 4000 Namque
531 3933 569 3982 lta
595 3928 628 3981 de
652 3945 703 3981 suo
731 3930 779 3983 illo
806 3934 905 3983 itinere
930 3930 1030 3983 scribit
1044 3932 1150 3983 'Cicero
1176 3944 1227 3999 pro
1247 3926 1337 3982 Plane.
1357 3928 1437 3997 qua

116 4003 240 4054 Siciliam
256 4006 351 4073 petivi
368 4008 478 4066 ammo,
506 4022 576 4073 quiae
595 4011 623 4055 et
641 4009 703 4075 ipen
721 4011 786 4056 erat
804 4003 888 4069 nrihi,
913 4010 987 4058 deut
1005 4004 1104 4057 domm
1121 4020 1194 4066 una,
1222 4007 1390 4056 centimeter
1408 4008 1439 4053 et

117 4077 294 4130 obtinebatur
313 4095 332 4127 a
351 4078 383 4133 C.
402 4079 552 4147 Verpiiio,
584 4096 699 4149 quaecum
718 4097 760 4131 me
779 4096 834 4131 uno
852 4078 901 4131 vel
916 4084 1039 4134 maxime
1057 4097 1140 4151 quaene
1158 4085 1274 4130 vetusta
1292 4080 1438 4145 antiatis,

116 4160 174 4204 turn
193 4158 247 4204 mei
257 4151 374 4223 finiris
392 4153 532 4221 collegia,
552 4161 612 4205 tum
631 4155 800 4223 respublica
817 4161 956 4207 sociarat.

194 4233 236 4284 12.
256 4225 324 4281 cod.
344 4238 564 4290 aestuaverunt,
585 4227 684 4280 redut
702 4234 804 4281 acimaas
822 4246 877 4283 cet.
916 4230 1016 4283 Cicero
1036 4228 1099 4283 libr.
1111 4229 1159 4283 ll.
1179 4228 1306 4281 tallere.
1326 4239 1391 4297 etp.
1411 4228 1441 4284 5·

117 4304 156 4353 eit
177 4306 205 4354 ia
225 4307 364 4373 neminem
385 4307 513 4356 civitates
532 4302 640 4357 Siculae
660 4320 723 4357 ante
743 4306 853 4356 Verrem
874 4308 1064 4357 testimonium
1083 4301 1193 4378 publice
1207 4301 1317 4355 dixisse.
1356 4298 1439 4369 Quod

119 4377 157 4428 ibi
186 4377 330 4430 confirmat
357 4379 492 4447 Aecoaipe
519 4377 643 4432 scribens
668 4382 697 4431 in
722 4384 942 4434 commentario:
974 4389 1066 4447 recte,
1095 4383 1161 4449 qnia
1187 4376 1306 4449 Lepidm
1329 4375 1440 4444 legibue

118 4459 231 4503 tanturn
255 4459 468 4521 interrogatus,
499 4453 614 4505 necdum
639 4459 724 4504 etiam
749 4463 880 4525 coemat
904 4460 1042 4510 arnimari.
1092 4456 1193 4509 Veram
1220 4466 1303 4504 cauea
1322 4451 1440 4529 Verrina

120 4542 181 4579 acta
201 4543 243 4579 eat
262 4542 335 4579 anno
355 4545 430 4580 norro
449 4543 513 4581 ante
534 4529 605 4580 hanc
625 4527 798 4582 Clodianam.
837 4531 911 4602 Ergo
934 4531 1035 4584 Cicero
1055 4534 1167 4601 eiusque
1187 4532 1323 4599 interpres
1342 4524 1440 4580 dicunt

118 4601 243 4655 Siciliam
263 4603 406 4673 loquacem
428 4619 455 4656 et
475 4607 674 4656 accusatricem
696 4606 848 4658 mattos-nm
869 4621 931 4677 post
952 4619 1063 4658 caueam
1085 4607 1240 4656 Verrinam.

195 4675 241 4731 ai.
263 4678 347 4741 l’uta,
366 4683 388 4731 ai
410 4696 464 4731 non
485 4678 663 4752 praedixisset
683 4678 772 4751 palam
793 4679 1022 4736 ardeolarum:
1046 4680 1079 4733 de
1099 4694 1151 4750 aqua
1170 4698 1198 4731 re
1212 4678 1295 4743 Calue
1309 4676 1361 4729 lll.
1377 4678 1439 4734 123.

121 4751 327 4823 ingerentium
354 4761 414 4821 est,
440 4761 470 4807 nt
491 4760 535 4822 is,
554 4759 600 4826 qui
624 4770 774 4822 sponsores
796 4763 847 4807 aret
859 4754 1107 4831 fideprornissoree
1125 4759 1262 4827 decipiet,
1290 4751 1441 4824 praedicnt
