3210 5280
162 218 226 285 311
557 222 768 293 senonis
791 223 1041 293 BOBIENSIA

187 405 203 550 l·
239 359 276 439 4.
296 365 402 551 bQui
438 367 563 443 multis
600 371 895 468 inspectantibus
934 368 1068 468 ltaput¹
1123 369 1308 463 faciebas,
1349 348 1501 440 femina

162 501 376 579 pangens.

171 607 172 611 ’
248 596 380 661 Gestum
403 597 518 664 furiosi
539 599 677 664 hominis
721 648 731 665 .
778 649 787 665 .
834 649 842 666 .

426 700 729 813 [Desiderantur
752 709 887 782 saltem
910 707 1079 816 paginae
1103 703 1228 804 dune]

136 860 152 908 ⁵
239 838 276 918 5.
333 899 342 917 .
372 901 381 917 .
408 846 478 919 her
504 835 669 921 animose
696 847 897 921 conlidens.

175 1051 178 1055 Ι
246 964 285 1028 ln
308 961 456 1028 Clodium
480 964 699 1040 convertitur,
724 976 762 1028 nt
784 962 961 1028 huiusmodi
983 959 1134 1046 obsequia
1156 957 1339 1023 humilitatis
1366 958 1496 1042 plenis·

161 1055 237 1120 sima
252 1057 286 1121 in
300 1080 370 1132 etun
388 1057 493 1121 verius
513 1070 544 1120 et
558 1058 756 1140 probabilius
774 1059 1001 1129 conferantur,
1019 1055 1073 1140 qui
1089 1054 1211 1118 abiecta
1227 1054 1311 1118 omni
1327 1053 1495 1139 dignitate

162 1151 280 1216 ordinis
302 1151 371 1225 sui,
396 1150 584 1233 Pompeium
608 1152 748 1215 demissis
770 1151 919 1234 precibus
941 1151 1103 1225 oraverit,
1127 1160 1161 1212 ut
1176 1151 1216 1211 ab
1240 1170 1279 1212 eo
1295 1148 1328 1210 in
1349 1147 1494 1233 gratiam

161 1244 370 1329 reciperetur.

119 1391 151 1441 so
237 1361 274 1444 6.
301 1368 387 1443 Nou
412 1365 556 1468 pudet?
583 1371 650 1444 sed
676 1371 763 1471 quid
789 1372 926 1470 pudeat
952 1369 1136 1444 bominem
1162 1392 1238 1442 non
1264 1366 1378 1441 modo
1405 1368 1496 1440 sine

160 1479 349 1579 rubore2,
374 1507 504 1556 verum
531 1485 681 1557 omnino
709 1485 789 1558 sine
807 1477 915 1556 ore?

246 1598 351 1664 Multa
376 1621 446 1662 otuu
470 1599 642 1663 acerbitate
663 1600 836 1663 insurrexit
857 1613 888 1665 et
909 1599 1122 1683 inpudentiam
1149 1598 1217 1662 sive
1238 1597 1390 1662 infamem
1419 1609 1495 1660 tur·

160 1691 333 1777 pitudinem
356 1693 424 1755 sive
439 1691 672 1756 deformitatem
695 1692 804 1757 voltus
819 1694 932 1758 voleus
948 1696 1168 1776 exprobrare,
1193 1715 1256 1757 nou
1280 1704 1402 1757 tantum
1420 1693 1496 1755 sine

161 1787 299 1860 rubore,
328 1806 437 1848 verum
461 1785 554 1848 etiam
577 1783 644 1849 sine
664 1787 742 1849 ore³
765 1787 808 1850 P.
825 1785 974 1852 Clodium
996 1787 1086 1851 dixit.
1131 1788 1212 1850 Nam
1228 1786 1366 1851 traditur
1382 1789 1494 1851 forma

26 1863 30 1870 ¹
119 1887 151 1939 1⁵
161 1877 318 1944 inliberali
339 1878 367 1943 is
381 1877 493 1944 fuisse.

237 1998 276 2079 7.
303 2003 369 2082 Sic
401 2007 497 2079 enim
531 2004 698 2080 homines
732 2015 882 2105 egentes
916 2015 954 2079 et
986 2006 1180 2079 turbarum
1207 2004 1330 2103 cupidi
1356 2002 1493 2104 loque·

160 2115 317 2191 bantur:
345 2141 368 2192 o
394 2118 514 2191 virum
541 2113 563 2216 †
589 2114 761 2192 usuum⁴!
815 2124 817 2128 ’

246 2233 520 2318 Rumigerantium
543 2256 707 2299 sermones
722 2235 859 2312 rettulit,
884 2237 938 2319 qui
960 2257 1056 2319 quom
1073 2256 1225 2297 summum
1241 2232 1391 2318 vigorem
1406 2255 1493 2297 con-

161 2327 296 2393 stantiae
311 2327 429 2393 Clodio
445 2327 702 2410 adscripsisscnt,
727 2331 814 2414 quod
831 2329 979 2392 audacius
995 2328 1154 2409 Pompeio
1166 2336 1380 2410 repugnaret,
1398 2339 1492 2411 post,

119 2424 294 2500 eorundem
316 2421 426 2486 humili
449 2421 664 2486 satisfactione
686 2423 866 2505 depositum
889 2422 1083 2505 contemptui
1107 2424 1270 2484 ducerent.

239 2539 276 2620 8.
309 2546 405 2620 Male
433 2546 557 2620 dicere
576 2534 717 2644 autem,
744 2549 856 2620 immo
873 2572 965 2621 vero
984 2543 1116 2620 domo⁵
1136 2547 1348 2647 principem
1368 2546 1492 2625 ritem

162 2658 201 2733 vi
227 2668 265 2731 ct
290 2663 388 2733 metu
416 2662 621 2733 continere.

249 2820 260 2839 .
284 2819 294 2838 .
312 2820 322 2839 .
346 2777 412 2840 Sub
428 2779 534 2839 eadem
550 2777 675 2862 figura⁶
691 2778 821 2839 verbum
837 2776 970 2840 retraxit
985 2797 1044 2857 pcr
1060 2777 1213 2858 quandam
1233 2774 1489 2839 correctionem.

163 2869 392 2935 Notissimutn⁷
424 2882 526 2934 autern
553 2883 599 2933 est
628 2872 670 2935 P.
702 2868 851 2935 Clodium
881 2870 1105 2933 ιἰιιιίἰιίιιιιιιι8
1137 2890 1206 2931 esse
1230 2868 1403 2949 Pompeio.
1451 2872 1491 2935 ld

121 2963 266 3048 teipsum
288 2963 476 3027 testificatur
497 2976 528 3028 et
553 2963 585 3026 in
608 2963 677 3027 aliis
700 2963 824 3049 quidem
851 2975 941 3027 retro
962 2963 1075 3026 habitis
1098 2961 1315 3038 orationibus,
1336 2974 1369 3026 ct
1385 2964 1490 3030 multo

162 3057 289 3142 plenius
314 3079 351 3121 ac
374 3057 567 3122 manifestius
589 3080 649 3141 pro
673 3059 810 3139 Milone.

235 3269 260 3353 1.
279 3271 368 3318 Recole
398 3273 427 3315 etl
448 3277 614 3331 argumentum
644 3273 761 3326 orationis
792 3274 815 3316 in
847 3273 957 3316 Cloelium
990 3276 1013 3317 et
1047 3272 1187 3316 Curionem.
1234 3269 1258 3315 2.
1285 3270 1346 3315 Cod.
1375 3271 1489 3329 pudore.

301 3341 348 3386 Sed
384 3341 475 3385 rudore
511 3343 661 3387 scribendum
691 3345 787 3386 adnotat
825 3341 856 3386 Ν.
887 3342 1021 3385 Scholiasta
1059 3343 1112 3397 ipso
1150 3346 1263 3397 auetore3
1304 3355 1381 3397 neque
1422 3345 1490 3387 enim

303 3411 374 3455 facile
398 3410 470 3455 Cicer
458 3425 486 3455 ιο
508 3413 609 3457 dixisset
626 3409 687 3470 quid
703 3410 797 3469 pudent
820 3409 918 3454 bomine
920 3425 943 3454 ιιι
965 3412 1020 3455 eine
1038 3409 1143 3468 pudore.
1190 3407 1214 3454 3.
1235 3410 1295 3454 Cod.
1320 3423 1361 3453 rer
1347 3425 1377 3453 rs
1402 3419 1491 3456 utitem

304 3481 360 3524 eine
378 3494 415 3524 re.
452 3481 538 3525 Paullo
559 3486 613 3524 aute
639 3479 700 3524 Cod.
719 3481 871 3539 exprobrare.
921 3478 946 3525 l.
965 3481 1026 3523 Cod.
1053 3482 1087 3524 sic
1115 3481 1354 3527 eridottetrueuum.
1394 3483 1491 3526 Confer

302 3550 469 3604 Sqtnutnebum
484 3565 523 3606 ep.
543 3551 563 3595 l.
584 3547 609 3598 2.
647 3547 671 3596 6.
691 3552 804 3598 siccos.
826 3549 897 3594 dotuo
913 3563 956 3604 pro
972 3549 1053 3602 dorni,
1074 3556 1097 3593 ut
1109 3551 1207 3594 Plautus
1227 3551 1249 3593 in
1266 3550 1351 3604 Amph.
1368 3549 1402 3592 ll.
1417 3548 1444 3594 2.
1462 3549 1488 3597 f.

305 3617 329 3664 6.
350 3621 432 3664 Codex
450 3622 499 3666 sie:
530 3650 537 3664 .
557 3651 565 3665 .
586 3652 593 3664 .
612 3621 639 3664 ιἰι
657 3619 703 3665 ettb
720 3619 807 3665 eedem
818 3617 946 3682 figuret.
967 3650 974 3663 .
997 3652 1003 3667 .
1025 3613 1114 3664 reticui
1138 3620 1231 3675 spatiis.
1270 3617 1293 3665 l.
1320 3619 1382 3662 (lod.
1403 3622 1490 3665 nonie-

302 3691 409 3744 ιίιιιιιιιι,
438 3692 500 3747 qood
522 3692 630 3735 mendntu
652 3703 696 3746 pro
716 3690 875 3734 notissimum
898 3690 1004 3735 occurrit
1027 3690 1084 3733 anibi
1107 3689 1163 3733 alibi
1185 3693 1270 3746 quater
1297 3694 1337 3731 etit
1357 3692 1490 3747 quinquies

303 3760 326 3803 in
348 3759 393 3803 boe
410 3761 592 3808 eouunentario.
627 3757 652 3804 8.
672 3760 819 3806 Vocabulum
838 3757 986 3804 insidiatum
1007 3771 1107 3812 prorsus
1128 3759 1251 3802 videbatur
1273 3758 1325 3802 huie
1347 3759 1402 3802 loco
1422 3760 1490 3806 inse.

301 3831 410 3875 rendum.
445 3830 492 3875 Sed
510 3831 573 3874 euim
592 3831 671 3886 paullo
688 3836 741 3875 ente
761 3830 793 3888 (Ι.
809 3826 850 3890 ¹3.)
869 3829 928 3874 dixit
938 3834 1019 3873 noster
1037 3830 1170 3884 interpres:
1191 3826 1287 3876 ridetur
1305 3833 1330 3871 et
1347 3825 1393 3872 Cn.
1414 3828 1490 3874 Pont-

257 3954 285 4008 7.
303 3949 377 4021 firgo
397 3948 511 4003 Clodius
532 3953 559 4001 ln
580 3953 735 4002 iutertlone
755 3965 803 4002 sua
821 3952 953 4003 Ciceroni
969 3947 1068 4022 probro
1083 3946 1211 4012 dederat,
1231 3945 1304 4018 quod
1320 3950 1490 4021 Pompeium

163 4023 277 4098 supplex
296 4024 413 4090 adisset,
441 4041 471 4079 ut
500 4024 577 4078 exilit
603 4024 771 4095 periculum,
801 4030 823 4078 si
851 4025 907 4078 lieri
929 4041 1038 4096 posset,
1067 4023 1208 4096 effugeret.
1248 4023 1491 4078 criminationem

162 4100 239 4156 illam
261 4117 399 4172 retorquet
420 4116 495 4153 unae
515 4105 544 4153 iu
564 4099 690 4152 Clodium
710 4101 819 4156 Cicero.

256 4174 433 4234 9Llodtum
454 4173 623 4228 ennourbts
644 4175 802 4238 ucxctt
830 4175 856 4229 td
877 4193 935 4240 est
956 4190 1053 4245 quaere
1074 4187 1229 4224 annotante
1250 4173 1321 4225 hanc
1342 4171 1489 4227 dictame

161 4250 255 4306 Tullio
274 4256 444 4315 orationem,
465 4250 673 4305 reconciliatum
694 4267 753 4302 esse
773 4253 920 4324 Pompeio,
942 4249 1263 4302 narratDioCassiut'l.
1284 4251 1424 4305 xxxlx.
1439 4255 1505 4309 29.-

237 4331 282 4385 13.
302 4323 405 4379 Confer
425 4331 577 4380 orationem
600 4331 627 4379 in
648 4322 727 4380 clod.
746 4342 774 4379 et
793 4328 858 4380 Cur.
881 4329 963 4380 ΙΨ)

238 4406 284 4460 15.
304 4402 345 4454 De
366 4401 457 4455 ctndtt
478 4401 655 4455 deformitate
674 4398 797 4454 confer
791 4419 854 4455 item
877 4420 963 4473 ιιιιριι
982 4398 1119 4453 laudatam
1140 4403 1297 4450 orationem
1319 4400 1350 4451 V.
1372 4403 1401 4458 tt

236 4481 282 4533 21
304 4476 434 4531 Clodium
454 4494 563 4532 curasse
584 4495 613 4532 ut
634 4483 663 4530 in
683 4475 791 4549 publica
817 4482 951 4530 concione
976 4478 1109 4546 Pompeio
1136 4471 1359 4541 malediceretur
1390 4495 1490 4533 narrat

160 4552 217 4607 Dio
236 4555 368 4607 XXXlX.
389 4558 432 4611 ¹9

237 4633 282 4683 22.
302 4629 402 4682 Cicero
423 4646 473 4698 pro
493 4629 553 4684 Mil.
575 4631 637 4682 Vll.
658 4632 712 4682 tit:
741 4634 833 4680 carun
850 4625 920 4696 soro
937 4634 1035 4696 postea
1056 4625 1217 4694 Pompeius,
1247 4629 1342 4677 curteit
1367 4636 1490 4694 senatetq

160 4710 253 4756 ceruit
278 4704 405 4770 pttbft'co:
434 4709 522 4755 lanera
547 4723 577 4758 se
605 4721 640 4756 tte
663 4704 837 4774 parietibus,
868 4721 926 4754 ιιοιι
949 4706 1009 4753 ittre
1034 4703 1128 4771 legum
1155 4701 1372 4773 dedicios-umque
1402 4710 1488 4756 texit.

160 4777 230 4834 Vide
250 4784 334 4834 etiem
356 4783 508 4834 Aternium
528 4780 562 4834 ed
582 4778 697 4835 eandem
715 4795 785 4834 oret.
805 4794 866 4854 cap.
887 4778 963 4835 XIV.
