3210 5280
699 226 926 297 uscoums

451 437 594 513 cmcu
611 439 745 504 vens.
768 441 800 502 Α
822 382 975 505 tutuo
999 437 1172 505 cccxx.

242 562 359 641 (1.1.)
400 563 476 646 Ego
504 562 538 623 in
569 563 602 626 0.
632 560 787 637 Rabirio,
806 559 1047 641 perduellionis
1077 554 1341 640 reo,”XXXX.
1369 565 1466 625 armis

159 663 308 720 uniente
330 657 503 720 consulem
524 655 756 733 interpositum
778 660 912 714 senatus
933 652 1172 741 auctorittetem
1186 654 1333 714 sustinui
1345 661 1466 713 contro

160 744 322 808 invidiam
342 754 446 828 nique
467 742 612 824 defendi.

134 856 149 903 e
244 834 353 897 Possit
373 832 484 916 aliquis
506 835 635 895 eredere
666 875 988 898 ..........
1012 829 1200 895 Ciceronem
1231 832 1355 915 quidem
1385 833 1467 895 dieat

160 928 240 990 XL.
263 926 583 1001 anuiofaetumcsse,
608 927 749 991 utexS.
766 924 794 991 C
800 967 1367 991 .................
1394 948 1467 989 ver·

160 1042 214 1084 sue
235 1021 278 1083 L.
302 1019 492 1102 Appuleium
515 1021 733 1096 Saturninum,
758 1019 914 1083 tribunum
936 1020 1054 1103 plebis,
1078 1034 1293 1086 numerentur.
1317 1021 1358 1088 C.
1383 1022 1463 1085 enim

161 1113 292 1193 Mario,
327 1112 377 1179 Cn
382 1156 700 1179 ..........
735 1112 831 1178 Coss.
865 1156 1291 1178 .............
1321 1117 1385 1179 Sed
1413 1114 1465 1176 hic

161 1229 225 1272 non
246 1207 369 1271 subtilis
392 1207 588 1288 computatio
611 1227 763 1268 annorum
784 1208 866 1269 iacta
896 1219 962 1284 est,
1000 1228 1108 1271 verum
1139 1209 1311 1271 summatim
1342 1199 1467 1290 tempue

119 1318 150 1367 11
160 1303 419 1381 comprehensum
449 1313 513 1375 eet,
550 1311 584 1363 ut
611 1300 749 1408 perinde
771 1300 947 1381 acceperit,
984 1322 1021 1364 ae
1042 1300 1067 1363 ei
1090 1299 1221 1364 dixerit.
1254 1325 1366 1386 prope
1387 1307 1465 1368 XL.

158 1394 272 1458 annia.
336 1396 427 1457 Haec
460 1394 689 1458 consuetudo
681 1416 711 1456 m
740 1393 878 1475 ipsius.
1278 1439 1287 1458 .
1313 1441 1323 1460 .
1349 1440 1359 1460 .
1384 1441 1393 1460 .
1419 1441 1428 1460 .
1454 1441 1464 1460 .

159 1487 273 1571 Itaque
293 1484 376 1550 idem
392 1485 540 1551 Cicero'
531 1508 562 1548 tn
585 1507 620 1548 ca
642 1508 787 1570 quoque,
811 1509 903 1571 quam
911 1437 1065 1551 habirit·
1056 1510 1086 1551 tn
1103 1439 1296 1553 Catilinam
1288 1510 1318 1551 ιιι
1341 1503 1463 1565 senatu,

160 1601 230 1643 cum
253 1590 384 1642 octavus
408 1580 543 1642 decimus
565 1581 630 1642 dics
654 1592 753 1655 essct,
776 1592 979 1664 posteaquam
1001 1583 1116 1644 iactum
1138 1595 1262 1644 senatus
1276 1585 1465 1660 consultum,

159 1683 195 1735 ut
218 1672 357 1735 viderent
379 1674 545 1748 cononice,
582 1695 621 1737 ne
649 1673 723 1755 quid
745 1694 795 1738 res
821 1675 945 1756 pubiica
975 1675 1152 1738 detrimenti
1181 1689 1329 1758 caperet,
1368 1677 1465 1753 dixit,

119 1782 150 1831 1⁵
163 1765 346 1850 vigesimum
364 1765 443 1830 diem
457 1768 575 1830 habere
591 1780 716 1830 senatus
732 1771 907 1832 consultum
925 1780 1080 1852 tamquam
1105 1806 1467 1834 ...........
1499 1814 1503 1829 ..

473 1924 616 1991 cmcn
638 1894 780 1991 'vene
812 1929 843 1990 n
872 1928 1024 1994 emmo
1048 1926 1152 1993 ccc.

244 2050 289 2126 (§.
312 2046 356 2126 6.)
398 2049 472 2130 Ego
500 2068 578 2110 cum
607 2049 639 2109 in
667 2049 848 2127 concione,
878 2046 990 2111 obiens
1020 2052 1247 2130 magistratu,
1286 2069 1310 2112 u
1330 2047 1467 2113 tribuno

160 2140 266 2223 piebis
289 2141 399 2203 dicere
418 2137 611 2221 prohiberer
625 2158 687 2216 en,
708 2158 796 2219 quae
811 2140 1069 2215 constitueram,-
1090 2159 1168 2200 cum
1182 2141 1210 2200 ie
1224 2140 1308 2201 miiu'
1320 2147 1469 2201 tontum·
1497 2130 1501 2147 ⁴

161 2229 262 2294 modo
284 2232 396 2292 iurare
415 2229 633 2309 permitteret:
652 2228 720 2288 sine
735 2227 810 2289 ullo
826 2225 1032 2290 dubitatione
1052 2229 1179 2305 iuravi,
1199 2227 1464 2309 rempublicam

118 2328 266 2404 tuaique
286 2320 374 2381 inne
396 2316 511 2382 urbem
529 2337 605 2380 mea
627 2319 724 2378 unius
745 2336 850 2397 opere
871 2335 937 2379 esee
964 2316 1105 2378 saluom.

255 2494 281 2542 1.
300 2503 354 2539 οιιι.
375 2482 443 2536 Lod.
465 2481 549 2555 Lngd.
571 2456 636 2537 lint.
657 2485 733 2539 iden.

248 2565 274 2619 2.
292 2560 490 2626 perduellionis
508 2562 567 2627 reo]
607 2562 638 2612 in
666 2558 741 2613 Edit.
773 2563 860 2631 princ.
889 2558 990 2628 legitur
1015 2556 1154 2610 dumtaxat
1172 2558 1307 2626 perduelli
1307 2576 1340 2626 e,
1369 2558 1468 2615 deinde

160 2649 276 2689 vacuum
297 2651 337 2688 est
357 2639 476 2706 spatium
502 2630 658 2705 quindecim
679 2631 907 2694 incineratum
940 2634 1067 2686 similiter
1088 2638 1180 2685 statim
1203 2653 1252 2727 pro
1270 2639 1465 2706 interpositam

160 2711 207 2767 iila
229 2711 309 2764 babet
329 2715 493 2777 interposita
513 2726 539 2761 et
558 2708 684 2761 lacunam
703 2714 793 2780 priore
814 2709 884 2760 haud
906 2714 1058 2769 minorem,
1080 2712 1119 2760 sic
1140 2713 1223 2760 etiam
1244 2713 1316 2761 inter
1336 2710 1468 2762 voeabula

161 2797 260 2841 eontra
280 2801 306 2838 et
326 2783 477 2849 inuidiam,
498 2801 551 2853 quo
571 2800 710 2854 postremo
730 2784 790 2836 loeo
806 2789 852 2835 nii·
856 2785 875 2836 il
889 2789 1003 2836 omnino
1015 2782 1107 2836 deesse
1121 2783 1186 2834 doct:
1182 2801 1218 2836 ·nt
1234 2785 1377 2838 Ciceronis
1391 2785 1467 2839 libri.

256 2867 283 2921 5.
301 2862 512 2926 anctoritatem]
533 2864 714 2909 autoritatem
741 2861 831 2912 Ptine.

255 2941 336 2995 5—8.
357 2934 460 2985 Locum
482 2934 591 2986 exhibui
612 2933 698 3004 qualis
723 2932 823 3006 iegitur
847 2937 875 2985 in
904 2931 945 2986 ed.
971 2936 1103 3005 principe.
1129 2961 1164 2975 -
1192 2932 1340 2987 Arulenus:
1374 2935 1469 2988 Possit

162 3011 263 3081 aliquis
280 3010 391 3062 credere
405 3006 421 3038 ⁰
433 3009 591 3061 Ciceronem
610 3013 656 3078 qui
667 3008 743 3060 dicat
757 3027 812 3061 eet.
829 3038 866 3050 -
886 3008 1030 3061 Beraldns:
1051 3007 1147 3059 Posset
1166 3009 1266 3078 aliquis
1283 3008 1395 3060 eredere
1415 3011 1468 3063 Ci-

162 3104 287 3138 ceronem
307 3083 412 3156 quidem
432 3083 522 3134 dicere
542 3083 601 3136 XL.
621 3088 703 3134 annis
713 3078 831 3153 sariram
849 3102 908 3134 esse
927 3093 958 3134 nt
977 3102 1012 3134 ex
1031 3083 1060 3136 S.
1081 3084 1110 3134 C.
1135 3100 1233 3134 verene
1252 3083 1283 3138 L.
1304 3084 1469 3154 Appuleium

163 3163 341 3214 Saturninum
355 3173 408 3212 eet.
425 3187 454 3201 -·
473 3156 624 3211 Lodoicus:
644 3157 742 3229 Possit
761 3161 861 3228 uliquis
879 3158 989 3209 credere
1010 3159 1165 3211 Ciceronem
1184 3157 1291 3229 quidem
1310 3159 1417 3224 dicere,
1437 3167 1470 3211 ut

163 3236 216 3290 XL
233 3242 301 3288 unni
320 3254 337 3286 a
358 3234 385 3287 S.
406 3233 436 3287 C.
455 3232 591 3284 adversus
610 3233 641 3287 L
663 3232 807 3304 Apelleinrn
825 3234 1005 3285 Saturninum
1019 3232 1087 3284 Trilr
1073 3236 1170 3283 ιιιιιιιιιι
1181 3233 1269 3302 plebis
1281 3243 1470 3289 numerentur.

163 3312 194 3365 C.
214 3317 287 3364 enim
306 3311 421 3375 Mario,
447 3307 478 3360 L.
497 3307 615 3362 Valerio
636 3309 709 3361 Coss.
721 3306 839 3377 facttsm
860 3316 967 3362 est.—
989 3312 1128 3360 Manutius
1148 3306 1244 3378 (iugd.
1265 3308 1354 3375 Man.)
1374 3325 1400 3362 et
1421 3326 1469 3362 se-

163 3403 289 3458 quentes:
321 3385 412 3437 Possit
430 3385 532 3454 aliquis
550 3384 661 3435 credere
680 3385 785 3452 lapsum
806 3388 939 3435 memoria
958 3385 1129 3447 Ciceronem,
1155 3389 1199 3452 qui
1218 3383 1296 3435 dicat
1314 3383 1368 3435 XL
1385 3390 1472 3435 arenis

163 3470 228 3513 ante
247 3478 277 3511 se
295 3459 431 3511 consulem
442 3458 559 3529 seetrem
579 3459 684 3511 eeseS.
704 3458 734 3511 C.
756 3457 891 3509 adversus
910 3457 940 3510 L.
968 3459 1040 3529 ipu
1039 3477 1081 3507 eu
1085 3476 1109 3507 nr
1128 3458 1310 3509 Saturninum
1329 3458 1470 3512 tribunum

160 3535 262 3609 plebis,
282 3553 342 3585 cnm
356 3532 489 3586 XXXVI
500 3538 569 3584 anni
587 3534 648 3586 nC.
663 3531 759 3584 Mario
772 3532 845 3585 etL.
859 3534 977 3585 Valerio
991 3533 1088 3583 Flacco
1103 3533 1265 3584 Lonsreltbes
1277 3542 1468 3588 attractentur

238 3616 280 3667 10.
300 3618 330 3660 ut
346 3607 461 3679 perinde
480 3614 619 3678 acceperit
638 3627 671 3658 ac
689 3625 714 3658 ιι
734 3607 851 3675 dixerit]
881 3609 1000 3659 Lod.-
1023 3616 1054 3657 nt
1076 3607 1193 3677 proinde
1218 3612 1360 3677 accipere.-
1390 3626 1424 3659 ac
1444 3614 1472 3659 ei

163 3690 271 3740 vixerit
292 3686 383 3737 Pt.lne
403 3681 464 3736 eid.
493 3710 528 3721 -
557 3691 587 3734 ut
603 3682 719 3753 perinde
738 3688 874 3753 acciperet
893 3702 926 3734 uc
946 3689 971 3733 ri
990 3688 1095 3733 eiecerit
1115 3681 1222 3737 flente.
1248 3709 1283 3722 -
1309 3692 1337 3735 et
1351 3683 1472 3756 perinde

163 3757 366 3834 accipiendum,
386 3775 420 3809 ae
438 3763 464 3808 si
482 3758 587 3809 dixerit
606 3759 691 3829 Lugd.
713 3760 775 3811 Ηοι.
798 3760 904 3811 Mam(
907 3776 973 3810 ren

242 3843 285 3893 11.
305 3835 382 3885 liaee
401 3842 529 3885 consuetu
532 3833 595 3884 io
584 3851 613 3883 sn
632 3834 729 3902 ipsius]
764 3834 856 3885 Ptine.
883 3832 945 3885 Ate.
964 3829 1149 3904 Suppleverim
1170 3831 1343 3884 orationibus
1363 3839 1415 3886 eet.
1433 3861 1472 3878 -

165 3904 242 3962 ilaec
260 3907 424 3960 conesseturlc
443 3912 536 3979 ipsimae
559 3906 729 3961 Berald.—
757 3905 824 3959 lsaec
843 3913 914 3958 enim
934 3906 1130 3958 ecuntetudo'
1120 3911 1205 3975 ipsius
1229 3904 1361 3961 Lod.-
1392 3906 1471 3960 Haec

164 3994 238 4040 enim
258 3982 422 4034 consuetudo
440 3991 483 4034 est
502 3987 589 4054 ipsius
607 3983 749 4035 Ciceronis
769 3982 855 4052 Lugd.
877 3983 940 4035 Ηοι.
958 3983 1035 4036 Man.
1054 3983 1135 4034 Creo.

241 4064 284 4117 12.
305 4059 413 4126 Cicero]
434 4075 488 4114 om.
510 4056 594 4130 Lugd.
614 4058 678 4111 Ηοι.
698 4057 775 4110 Μιιι.
801 4063 882 4111 Creu.

241 4138 282 4192 13
302 4151 400 4184 cum-
420 4136 538 4201 -esset]
576 4129 644 4186 Lod.
670 4147 698 4184 et
723 4149 796 4204 seqq.
823 4161 860 4175 -
885 4137 964 4183 ait·
983 4139 1060 4182 -eet
1085 4131 1175 4184 Princ.
1195 4128 1472 4186 metelentinse

163 4223 224 4265 vec.
243 4214 286 4259 ait
306 4211 334 4260 in
357 4210 446 4263 Petne.
465 4223 578 4261 vacuum
598 4210 715 4279 spatium
736 4225 776 4260 est
796 4224 842 4261 sex
861 4204 918 4260 iere
936 4207 1030 4260 literar
1019 4223 1088 4261 r.um
1178 4271 1181 4276 Ι

242 4283 284 4340 111
306 4282 469 4352 respublica]
492 4282 607 4355 reipnbi'
598 4287 634 4334 tei
653 4282 744 4334 Ptine.

237 4355 307 4413 ibid.
327 4359 401 4407 dieii
414 4361 479 4426 eet]
501 4358 675 4427 significatur
695 4357 782 4423 loeus,
796 4361 842 4433 qui
855 4356 955 4428 legitur
970 4362 996 4408 tn
1012 4356 1173 4408 Catilinsria
1188 4361 1275 4428 prima
1290 4373 1352 4427 cap.
1366 4357 1429 4424 2..§
1444 4354 1473 4413 it.

164 4449 245 4504 quem
266 4449 353 4486 totum
373 4431 436 4485 inde
456 4449 471 4484 a
493 4434 640 4484 L’odoieo
632 4449 660 4484 tn
681 4433 831 4486 Aesonium
859 4438 1100 4503 transscripserunt
1126 4432 1258 4484 editores:
1296 4431 1473 4499 Vigesimum

163 4512 220 4561 iam
240 4506 311 4559 diem
327 4513 453 4578 patimur
471 4506 611 4560 ltebescere
630 4510 716 4557 eciem
729 4504 825 4560 harum
839 4513 1029 4560 auctoritatis.
1068 4507 1207 4559 Habemus
1219 4512 1291 4558 enim
1304 4505 1473 4571 (huiusmodi

165 4579 226 4636 add.
246 4599 315 4635 unus
336 4580 416 4654 Led.)
435 4583 737 4648 senatusconsultum,
769 4591 959 4636 verumtamen
983 4583 1146 4635 inclusum'
1135 4600 1165 4640 ιιι
1184 4583 1302 4648 tabuiis,
1332 4591 1474 4652 tamqnam

164 4657 317 4732 gladium
306 4676 336 4709 ιιι
354 4664 464 4727 vagina
483 4656 663 4709 reconditum.

240 4739 283 4792 16.
303 4751 358 4786 οιιι.
381 4732 445 4788 Lod.
466 4733 551 4801 Lupi.
572 4734 636 4788 Ηοι.
658 4731 733 4783 Men.
829 4736 871 4788 17.
885 4735 1026 4799 concione]
1042 4736 1170 4784 contione
1184 4733 1277 4791 Ptine
1292 4730 1382 4786 Semel
1396 4745 1474 4785 noto

240 4817 285 4871 18.
303 4827 363 4865 cum
383 4811 421 4883 is]
443 4827 552 4882 euntque
570 4815 596 4862 ιί
616 4806 680 4862 Lod
702 4806 778 4864 Mau.
826 4815 870 4865 20.
890 4812 961 4881 enea]
981 4814 1010 4861 iu
1030 4827 1064 4863 ea
1083 4811 1176 4864 Ptine.
