3210 5280
426 167 429 172 ’
452 198 501 263 tu
524 198 632 266 uct.
654 199 684 264 1.
707 200 756 265 m
780 199 821 265 c.
842 201 1056 266 vnuuuut.
1306 155 1309 164 ’
1340 203 1400 268 sss

182 336 235 402 Ex
255 362 294 405 eo
315 341 415 416 ioco,
435 361 480 404 etr
499 340 585 422 quo]
627 339 679 402 De
701 337 829 402 Rostris
849 337 980 402 seilicet.

181 429 265 491 Hoc
286 448 406 493 munus
427 429 624 512 aedilitatis]
660 430 777 495 Aliusit
791 433 830 493 ad
844 431 1076 516 ambiguitatem
1092 408 1227 496 torrueris
1241 444 1273 496 et
1287 432 1401 498 Vertit

98 539 211 583 nomen
235 520 353 581 bestiae
373 519 594 597 praeferentis.

184 611 256 690 Qui
272 619 333 672 nut
354 610 529 693 deponere]
571 618 756 697 Reponitur
775 616 806 678 iu
821 615 992 700 sequestri;
1015 619 1190 697 accipitur
1210 619 1249 680 sb
1264 639 1322 695 en,
1346 618 1399 702 qtri

97 699 331 782 corrumpitur;
353 705 534 783 recipitur,
555 706 671 783 idest,
695 708 908 790 promittitur,
931 709 971 770 ab
993 729 1051 781 eo,
1074 707 1127 792 qui
1150 731 1208 790 pro
1224 704 1425 777 iudicaturo⁵

97 797 250 878 apondet;
271 793 478 877 pollicetur,
501 798 554 881 qui
575 802 659 881 apud
679 822 713 864 se
735 801 808 864 dicit
823 812 876 863 aut
897 799 1064 881 praemium
1087 811 1138 862 aut
1153 802 1322 865 sententiae
1342 795 1400 884 poi

97 898 240 949 testatem
263 906 343 948 esse.
386 888 575 971 Sequestres
597 904 686 969 estut,
717 896 801 976 apud
822 913 902 978 quos
930 892 1062 973 pecunia
1084 894 1268 975 deponitur3
1302 895 1401 959 inter

96 988 224 1060 pretes‚
243 998 303 1060 per
325 1000 405 1060 quos
426 981 572 1046 indicitur
592 985 711 1064 pactio.

180 1070 225 1149 (§.
250 1070 318 1150 37.)
339 1072 427 1136 inter
443 1073 493 1139 X.
514 1076 633 1155 annos]
678 1078 778 1140 Recte
799 1074 896 1138 dixit:
920 1076 983 1138 hnc
1003 1074 1083 1138 enim
1106 1087 1247 1158 tempus,
1271 1098 1336 1161 quo
1349 1096 1400 1138 se·

97 1170 187 1222 uatus
209 1160 344 1240 iudicat,
369 1163 490 1228 victore
512 1167 597 1248 Sylla
619 1170 659 1231 ab
676 1169 786 1233 ordine
801 1165 939 1253 eqttitum
957 1170 1170 1233 Romanorum
1185 1168 1399 1231 transferente
1411 1171 1442 1221 ¹⁰

99 1250 226 1318 iudicia.

183 1350 229 1425 (§.
254 1347 323 1429 38.)
343 1346 450 1412 limos
475 1370 582 1432 prope
611 1351 876 1434 qninquaginta]
919 1352 1025 1415 Tanto
1051 1351 1131 1415 enirn
1158 1350 1228 1416 iere
1256 1363 1401 1434 tempore

99 1451 246 1520 equester
267 1444 349 1505 ordo
370 1439 519 1503 iudicarit
541 1441 613 1524 lege
636 1441 833 1521 Sempronia.

184 1531 330 1595 Sublata
350 1543 515 1615 potestate
532 1533 659 1614 popuii
676 1533 829 1611 ilornnni]
873 1532 999 1597 Scilicet
1022 1535 1145 1599 sublata
1168 1535 1400 1618 provocatione

99 1625 139 1686 sd
158 1625 330 1706 populum,
355 1626 417 1686 boc
438 1634 501 1698 est,
525 1626 563 1685 ad
585 1624 729 1686 tribunos
751 1625 863 1704 plebis.
1411 1633 1443 1684 tt

185 1717 225 1795 Q.
258 1717 407 1780 Calidius
437 1715 615 1778 damnatus
642 1713 782 1790 dixerit,
812 1720 949 1781 minoris
976 1717 1159 1782 sestertitlnt
1185 1722 1311 1802 tricies]
1355 1721 1399 1802 Q.

98 1807 258 1883 Calidius,
286 1808 339 1869 M.
364 1804 478 1869 Calidii
497 1803 634 1867 oratoris
657 1817 762 1884 pater,
787 1827 825 1868 ex
847 1819 995 1888 praetura
1017 1809 1216 1889 Hispaniensi
1239 1826 1402 1876 aceruatos

98 1923 115 1963 a
140 1901 266 1974 Gallio,
290 1919 350 1980 pro
376 1918 440 1982 quo
463 1908 573 1978 postea
595 1895 711 1960 Cicero
734 1898 829 1972 dixit,
853 1911 947 1984 atque
968 1903 1148 1976 damnatus,
1171 1925 1240 1966 cum
1255 1908 1403 1969 sensisset

96 1992 249 2056 iudicibus
271 1989 434 2073 pecuniam
461 2000 570 2050 eontra
595 2008 628 2050 se
653 1990 771 2064 datam,
800 1989 832 2052 in
853 2011 909 2054 eos
931 1991 1067 2068 iudices,
1091 1992 1145 2076 qui
1165 2015 1269 2074 patro
1296 1998 1401 2079 pretio

101 2086 243 2168 corrupti
259 2105 293 2146 se
307 2085 548 2156 damnaverant,
571 2080 773 2144 exclamavit:
799 2083 886 2169 „Vel
900 2083 1063 2158 idoneam,
1087 2085 1203 2169 iuquit,
1226 2093 1400 2153 mercedem
1411 2104 1444 2155 tt

99 2198 160 2259 pro
186 2198 258 2240 meo
284 2175 384 2257 capite
405 2172 520 2255 pacisci
544 2172 706 2236 debuistis.
750 2175 825 2237 Hoc
846 2174 921 2236 satis
938 2176 1109 2239 honestatis
1124 2191 1206 2242 esset
1226 2180 1259 2242 iu
1284 2181 1394 2258 vobis,

98 2281 134 2333 ut
154 2271 311 2335 bominem
334 2265 527 2350 praetorium
545 2285 610 2329 nou
626 2263 680 2326 vili
700 2266 803 2347 pretio
819 2267 1031 2330 tenderetis.”
1073 2270 1118 2332 Et
1136 2271 1268 2338 honeste
1281 2273 1414 2338 ironice

99 2365 436 2519 dlcnlz’seiiistimntn
456 2449 512 2530 sit]
554 2449 629 2512 Hoc
649 2461 715 2540 est,
738 2450 888 2532 pecunia,
912 2454 951 2515 de
971 2473 1034 2536 qua
1055 2450 1093 2516 tis
1113 2453 1191 2532 tuit,
1215 2466 1246 2519 et
1267 2449 1458 2538 proptosin]

100 2554 242 2647 addicturus
259 2594 388 2665 pessime.
427 2586 722 2642 Additusenimidem
741 2587 797 2642 iere
817 2605 954 2662 essetque
972 2592 1113 2647 molestus.
1149 2594 1218 2648 Vide
1238 2599 1402 2669 intrerpretes

103 2669 136 2724 ed
156 2673 232 2740 virg.
257 2676 322 2720 Aeo.
345 2666 454 2722 v1.9o.
478 2680 506 2717 et
526 2662 813 2717 Pseudo-Asconium
838 2663 872 2717 ed
899 2666 1020 2721 Divisit.
1047 2667 1123 2723 XVI.
1146 2673 1193 2729 5⁰.
1215 2669 1262 2724 ubi
1288 2671 1403 2725 additas

102 2760 144 2797 res
167 2759 213 2796 ess
238 2758 296 2794 esse
315 2735 399 2805 dixti,
417 2755 485 2810 quae
505 2738 587 2790 ebeni
610 2743 696 2791 invito
715 2737 903 2794 obtrudantur.
1137 2800 1140 2804 ,
1229 2764 1232 2772 ·

195 2850 221 2905 3.
241 2841 490 2914 bestim1bestinns
508 2842 621 2895 Sehtttr.
640 2868 678 2882 -
697 2839 923 2911 ,ineptissimum
943 2842 997 2896 boc
1010 2858 1052 2897 est
1067 2847 1177 2898 isconil
1197 2862 1404 2917 commentum,

101 2924 178 2990 qussi
199 2919 297 2972 Cicero
317 2917 444 2980 dixisset,
462 2931 506 2979 se,
525 2930 555 2968 ut
574 2912 673 2967 sedites
686 2914 810 2968 solebant
824 2932 937 2969 munera
950 2916 1051 2991 populo
1064 2914 1145 2984 dere,
1163 2936 1191 2973 et
1204 2919 1274 2975 ieros
1287 2921 1400 2992 bestius,

101 2997 217 3065 quaein
244 2996 319 3045 circo
344 2988 543 3063 depugnarent,
591 2987 738 3055 reducere,
767 2992 809 3042 sio
827 2994 857 3042 in
882 2990 1021 3045 aedilitate
1039 3005 1088 3045 sits
1107 2993 1235 3064 Verrem,
1262 3011 1402 3068 tamquam

99 3072 218 3124 Poreum
239 3067 409 3128 mosonium,
428 3067 548 3116 muneris
568 3007 630 3115 iiico
651 3061 815 3117 editurum.”
835 3063 1012 3121 setium.

177 3139 251 3195 ibid.
268 3136 471 3213 praeferentis]
488 3134 664 3209 proferentis
683 3138 775 3193 Princ.
795 3137 857 3193 ild.

193 3221 220 3275 5.
237 3218 414 3285 promittitur
431 3212 467 3263 nb
485 3229 534 3277 eo,
553 3216 601 3282 qut
614 3229 669 3282 pro
687 3211 843 3265 indicaturo
861 3211 989 3285 spondet]
1021 3212 1106 3287 bugd.
1132 3214 1198 3270 Hos.
1223 3215 1300 3272 Meu.
1320 3218 1403 3276 Creu.

104 3319 134 3332 -
151 3295 330 3362 promittitur
349 3285 381 3338 id
397 3294 439 3338 est
454 3303 509 3356 pro
526 3285 650 3338 iudicato
670 3286 816 3358 respondet
837 3289 927 3343 Princ.
945 3286 1051 3342 Bereid.
1072 3289 1133 3343 tid
1160 3319 1197 3334 -
1212 3297 1402 3362 promittitur,

99 3364 132 3416 id
147 3375 207 3430 est,
222 3382 278 3436 pro
297 3363 419 3414 iudicato
440 3359 620 3433 respondetur
639 3361 705 3416 tot.
727 3388 758 3402 ··
779 3360 928 3431 „Recipere
946 3361 1013 3417 dicit
1034 3367 1168 3420 Asconius
1186 3382 1265 3432 enm,
1285 3373 1331 3439 qui
1351 3385 1402 3441 pro

102 3437 255 3493 iudicaturo
282 3436 413 3510 spondet,
441 3433 513 3507 quod
539 3437 568 3487 in
593 3435 646 3487 bae
671 3433 816 3489 verborum
842 3440 1017 3509 oppositione
1041 3455 1134 3492 rerunt
1152 3456 1207 3492 non
1227 3456 1278 3495 est.
1327 3443 1401 3496 Mihi

101 3513 209 3584 quidem
228 3518 348 3583 recipere
367 3507 473 3563 ridetur
492 3525 630 3581 sequester
649 3508 683 3562 ab
702 3526 750 3575 eo,
770 3514 816 3581 qui
836 3510 946 3580 deponit
964 3516 1117 3584 pecuniam.
1155 3513 1249 3586 itique
1268 3534 1302 3569 ne
1321 3516 1402 3569 ordi·

101 3605 164 3640 uem
183 3589 293 3660 quidem
320 3584 464 3638 verborum
486 3600 579 3650 muto,
609 3597 773 3656 quemquem
793 3589 915 3654 accipere
943 3593 993 3637 aut
1017 3591 1138 3656 recipere
1163 3588 1274 3663 begoni.
1299 3596 1345 3651 29.
1371 3605 1400 3647 et

101 3662 168 3720 edit.
188 3661 316 3715 Lambini
335 3657 465 3723 exbibet,
491 3659 538 3711 bic
556 3657 663 3729 quidem
683 3656 832 3713 seeundum
852 3660 1029 3714 Asconiuml'
1055 3661 1193 3717 tuitii.

192 3742 218 3794 8.
237 3734 386 3804 indicitur]
416 3735 506 3787 Prius.
524 3731 633 3787 Bersld.
653 3731 716 3788 ild.
734 3760 773 3776 -
790 3734 934 3786 inducitur
952 3734 1022 3789 Lod.
1040 3751 1068 3788 et
1087 3752 1162 3809 seqq.

194 3812 221 3868 9.
241 3812 330 3879 inter]
358 3808 439 3860 lntre
459 3805 529 3860 tud.
551 3808 627 3862 Man.

175 3894 219 3944 to.
239 3885 335 3937 ordine
352 3884 481 3954 equitum]
508 3880 603 3934 ordine
622 3886 669 3953 qui
687 3889 745 3934 tuns
763 3882 854 3937 Princ.

175 3958 247 4015 ibid.
268 3959 465 4024 Rornanorum]
488 3959 576 4009 i’riuc.
595 3955 702 4011 Bertld.
720 3955 788 4009 Lod.
807 3984 846 4000 -
863 3971 919 4010 om.
937 3959 1032 4010 ceteri.

173 4041 218 4094 12.
232 4030 414 4105 sere1serre
433 4032 523 4085 Ptine.

174 4113 216 4168 15.
235 4108 277 4160 ad
293 4107 419 4160 tribunos
433 4104 533 4175 plebis]
552 4105 618 4159 Hcs.
638 4105 714 4159 Man.
733 4106 814 4160 Creu.
834 4131 870 4146 ·-
886 4102 907 4154 'o
926 4103 1045 4156 triduanis
1059 4103 1149 4175 plebis
1168 4110 1343 4181 entiquiores.

175 4187 219 4242 16.
237 4182 409 4251 sestertisim]
430 4185 596 4232 sextertium
615 4181 707 4235 Princ.
726 4178 835 4234 Bersid.
855 4178 917 4233 ΔΜ.
936 4178 1045 4249 ubique.

175 4257 244 4312 ibid.
264 4257 372 4325 tricies]
405 4259 500 4307 tricies
518 4253 629 4306 leonaste
647 4271 675 4308 n.
690 4273 720 4325 p.
742 4255 769 4308 d.
796 4254 861 4308 lint.
885 4254 962 4307 Men.
981 4254 1063 4307 Creu.
1100 4252 1176 4309 iisse
1195 4271 1222 4310 et
1241 4254 1295 4310 dno
1314 4270 1397 4330 prse-

101 4332 223 4388 oedentta
244 4329 375 4384 uocabula
400 4346 454 4384 om.
472 4328 559 4399 bugd.

176 4412 219 4466 ti.
239 4406 352 4474 Calidis]
371 4405 456 4457 calidi
468 4404 560 4458 Priuc.
580 4431 616 4446 -
636 4403 677 4459 De
689 4401 743 4456 boc
755 4417 863 4456 emtore
877 4401 937 4455 ride
950 4415 1018 4474 quas
1030 4407 1167 4476 congessit
1181 4403 1263 4459 liene.
1277 4405 1397 4462 Mettius

101 4488 131 4536 in
151 4483 253 4554 irogus.
273 4496 343 4533 oros.
362 4498 388 4553 p.
410 4480 472 4537 199.
492 4493 548 4550 seq.

175 4555 245 4610 ibid.
261 4559 357 4624 pater]
374 4562 456 4623 putre
476 4554 566 4607 Priuc.

174 4636 217 4688 21.
237 4633 322 4697 satir]
343 4632 432 4684 Prion.
451 4626 561 4682 Beseld.
583 4624 644 4682 lid.
662 4621 730 4678 Lod.
748 4652 785 4666 -
802 4623 902 4676 saltent
920 4622 1006 4696 Lugd.
1025 4624 1090 4679 itur.
1109 4624 1186 4682 bien.
1206 4625 1287 4682 Creo.

176 4704 247 4760 ibid.
265 4705 359 4774 cells]
380 4703 443 4756 iict.
462 4702 544 4756 Creu.
563 4731 601 4746 -
618 4699 759 4754 vocabulis
777 4702 954 4771 entiquicrcs.

116 4850 120 4861 ,
181 4805 533 4852 semmurensi-tue
1110 4772 1151 4837 tb
