3210 5280
353 62 370 99 ἱ

231 175 292 269 tlt
646 179 852 249 senoina
875 182 1125 249 Bontnnstn

233 361 239 371 ·
315 318 509 402 Eleganter,
533 320 664 405 nequid
684 321 745 387 sibi
767 325 806 385 ael
830 321 1045 391 testimonium
1066 326 1222 407 probatae
1243 321 1434 405 integritatis
1451 326 1544 387 adsu-

231 425 329 475 meret
351 413 553 491 Heraclides,
577 414 739 496 pecuniam
754 418 904 481 creditam
925 417 970 480 illi
989 421 1048 481 sub
1069 417 1169 481 aliena
1192 421 1311 481 tamen¹
1335 418 1397 480 ilde
1407 429 1443 480 et
1460 439 1539 500 pro·

231 506 380 569 missione
407 506 499 582 dicit,
525 519 557 570 ιιι
583 507 635 570 ille
661 508 785 593 quidem
813 511 892 573 male
914 522 1009 575 notus
1029 510 1146 587 luerit,
1169 508 1236 572 aliis
1260 521 1361 573 tamen
1382 509 1542 594 oppositis

231 611 269 661 ut
291 599 378 661 sibi2-
392 599 524 682 pecunia
546 602 731 664 crederetur
752 600 907 667 effecerit.
1158 612 1165 629 ‘

206 744 220 790 s
307 718 344 797 2.
372 724 442 797 Hie
468 721 589 798 erele³
616 728 758 800 cornici
784 725 972 823 oculum⁴,
1000 737 1040 800 ut
1065 726 1212 801 dicitur.

314 841 497 905 Proverbio
523 841 729 908 celeberrimo
753 866 827 908 usus
849 857 916 921 est,
941 844 1030 907 cuius
1053 856 1085 908 et
1109 866 1171 927 prp
1192 846 1329 907 Murena
1350 845 1540 907 mentionem

229 933 317 997 lacit.
361 933 484 998 Cornix
510 947 615 1024 autem
641 936 707 999 avis
733 959 834 1021 genus
860 951 924 1011 est,
963 941 1049 1021 quod
1071 958 1140 1001 esse
1163 936 1267 1000 fertur
1292 935 1469 999 acutissima
1492 935 1541 998 vi-

230 1029 336 1101 sione;
370 1040 401 1091 et
427 1032 553 1112 qiiandn
578 1030 706 1114 aliquod
730 1034 769 1093 arl
794 1033 930 1093 cadaver
956 1031 1108 1104 offendit,
1141 1029 1310 1112 praecipue
1336 1029 1484 1090 invadere
1510 1028 1539 1088 in

186 1131 194 1166 '-
231 1123 342 1184 ociiloa
366 1122 491 1185 dicitur.
536 1124 661 1187 Volens
684 1145 765 1207 crgo
790 1123 969 1210 significare
991 1123 1200 1205 Hermippum
1222 1122 1377 1186 bominem
1404 1121 1539 1183 callidis-

189 1216 339 1278 Ι(ιιίιιιιιιιι
372 1218 411 1277 ali
444 1219 505 1277 linc
535 1219 646 1280 endem
682 1217 853 1281 Heraclida
889 1239 957 1280 esse
983 1220 1167 1299 deceptum,
1201 1216 1244 1278 ait
1268 1236 1332 1279 non
1358 1214 1450 1276 aliter
1478 1213 1538 1275 iam

230 1308 396 1384 accidisse,
431 1329 523 1393 quam
558 1312 585 1373 si
615 1309 736 1374 cornici
762 1311 874 1373 oculos
907 1311 1057 1386 effodias,
1092 1330 1188 1393 quium
1220 1308 1289 1390 ipsa
1323 1306 1409 1371 uesci
1440 1306 1538 1368 soleat

229 1402 350 1466 alienis.
921 1398 925 1410 ¹

304 1521 341 1599 3.
369 1525 538 1601 Habebat
564 1523 809 1626 discipulns⁵‚
837 1551 930 1626 quos
956 1526 1105 1600 dimidio
1138 1525 1314 1600 redderet
1346 1523 1537 1598 stultiores

231 1663 338 1736 quani
366 1650 570 1736 acceperat.

187 1759 218 1805 ¹⁵
314 1755 431 1818 luludit
454 1778 610 1838 personae
634 1757 771 1822 rhetoris
792 1756 947 1839 imperiti,
977 1757 1058 1819 hauc
1079 1755 1285 1818 eruditionem
1311 1753 1537 1836 discipulorum

228 1849 327 1911 luisse
352 1849 383 1915 iu
412 1850 478 1912 cius
504 1852 614 1916 schola
643 1852 766 1928 dicens,
798 1863 830 1914 ιιι
858 1851 891 1914 in
916 1871 952 1913 ea
984 1850 1060 1912 nibil
1089 1849 1173 1912 aliud
1202 1850 1376 1912 disceretur
1411 1857 1538 1930 praeter

228 1941 440 2026 ignorantiam
463 1944 649 2008 litterarum.

305 2064 367 2164 [P.
395 2063 502 2166 272]
538 2063 575 2142 tl.
603 2068 802 2143 infatuare.

314 2184 419 2248 Verbi
439 2185 609 2251 novitatem
632 2186 879 2251 consideremus.

185 2318 218 2366 ²⁰
304 2304 339 2383 5.
369 2310 486 2385 llnmo
505 2312 990 2410 audacissimus'pertimuit,
1008 2312 1289 2410 loquacissimus
1308 2310 1533 2383 ommutuitt.

312 2428 529 2491 Vehementer
561 2429 718 2511 expressit
753 2429 814 2492 vim
847 2428 1075 2504 conscientiae,
1114 2451 1208 2514 quum
1243 2440 1271 2490 et
1312 2428 1534 2512 loquacissimo

228 2522 326 2583 verba
351 2523 526 2599 defuerint,
550 2535 580 2584 et
605 2523 784 2605 inpudentia
810 2521 888 2585 nibil
910 2522 1116 2585 audacissimo
1138 2521 1333 2603 patrocinata
1356 2521 1409 2584 sit.

304 2645 407 2719 XXI.
437 2639 471 2720 l.
500 2647 543 2720 ln
576 2648 723 2745 duplum
749 2650 833 2720 iret.

310 2763 409 2846 Dupli
431 2764 633 2848 sponsionem
655 2765 786 2829 laceret.

185 2904 216 2952 2⁵
302 2883 339 2992 2
367 2888 438 2988 Qui
464 2887 574 2962 tunel
601 2899 638 2964 te
665 2891 783 2963 nudus
809 2887 1106 2984 delectaverat⁸,
1132 2909 1278 2986 semper
1296 2888 1431 2961 nudum
1454 2913 1533 2960 esse

227 3001 387 3074 voluisti.
1458 2996 1463 3003 ’

311 3115 496 3198 Asperrimc
518 3117 580 3180 hoc
605 3114 636 3179 in
663 3137 767 3180 mores
793 3115 943 3192 Deciani,
974 3129 1007 3179 ut
1036 3117 1201 3180 avaritiam
1228 3118 1350 3199 probro
1376 3116 1534 3180 illidaret
1600 3108 1602 3112 ⁸

227 3223 258 3272 et
283 3209 507 3292 inpudicitiam.
569 3209 697 3292 Quippe
730 3206 804 3272 dicit
836 3213 966 3279 erindem
999 3210 1168 3290 Lysaniam
1203 3209 1349 3272 elelmur⁹
1382 3210 1534 3292 placuisse

227 3303 368 3366 Deciano
391 3315 525 3384 propter
552 3306 683 3387 gratiam
706 3302 856 3383 corporis
882 3305 1015 3376 nucliuu3
1038 3305 1231 3386 eundemque
1253 3316 1363 3384 postca
1390 3302 1533 3365 omuibus

185 3394 361 3459 tutu-imis
383 3396 564 3477 spoliatum.
609 3398 785 3479 Utrumque
806 3394 906 3476 igitur
927 3395 1067 3480 aspergit
1088 3395 1226 3460 infamia.

301 3513 338 3592 3.
365 3516 497 3592 Eum¹⁰
536 3543 601 3616 spe
635 3518 1009 3616 recuperandisundi
1034 3522 1179 3616 paterni
1206 3522 1335 3595 venire
1361 3520 1407 3592 ad
1434 3522 1533 3592 testi·

118 3687 120 3691 ,
226 3634 385 3703 monium
412 3631 602 3703 dicendum
629 3631 794 3729 coegisti.

296 3872 320 3916 l.
340 3870 423 3916 Malim
441 3874 545 3915 tuntum.
575 3869 622 3915 Oa.
667 3866 693 3915 2.
719 3870 780 3915 Gnd.
804 3871 853 3925 e'bs',
879 3871 931 3915 siue
956 3874 990 3914 nt.
1034 3865 1059 3918 3.
1085 3870 1119 3914 lta
1146 3871 1206 3915 Coit.
1253 3867 1278 3915 l.
1299 3871 1360 3919 eoa.
1383 3870 1533 3914 mensutam.

364 3940 388 3986 5.
413 3941 474 3985 Edd.
499 3939 676 3985 cdotaacentee.
714 3942 814 3986 Videtur
837 3945 915 3985 autern
939 3940 1079 3984 srbttiastes
1104 3940 1155 3984 bete
1173 3945 1196 3984 et
1214 3939 1270 3984 stibi
1288 3940 1363 3986 libare
1382 3941 1489 3985 seribere
1513 3943 1535 3982 ιι

363 4009 467 4055 tortasse
481 4011 552 4054 etism
570 4010 704 4055 immutare.
748 4008 773 4054 6.
792 4005 828 4054 lta
843 4011 903 4057 eoa.
941 4009 1037 4053 sunites
1053 4005 1138 4053 autem
1154 4012 1284 4064 scripturas
1303 4011 1325 4054 iu
1345 4012 1449 4066 antiquis
1466 4008 1532 4052 codd.

362 4079 422 4143 tpnd
440 4093 497 4123 raro
519 4078 640 4137 tegetem,
659 4092 720 4138 qaas
737 4083 841 4123 retorem
862 4078 1081 4135 proueneiidtonein
1102 4079 1273 4123 emersuram.
1311 4076 1335 4124 l.
1356 4078 1416 4123 Ede.
1437 4089 1481 4134 pre
1495 4075 1536 4137 qut

361 4155 418 4194 taur
436 4148 522 4193 tabeat
541 4148 666 4208 qnoniam.
703 4146 729 4194 8.
750 4147 812 4194 Edd.
831 4147 977 4193 dctacrcrct.
1016 4146 1040 4195 9.
1060 4146 1094 4191 lta
1116 4147 1176 4193 eet.
1215 4145 1255 4194 ld.
1275 4147 1335 4194 tea.
1354 4162 1411 4192 rem
1428 4153 1464 4192 ιιι.

316 4271 345 4328 6.
363 4267 402 4321 Ca
423 4305 432 4322 .
450 4267 519 4330 xtt.
558 4314 563 4323 .

315 4347 343 4402 9.
363 4287 435 4398 tunic
455 4345 595 4415 perspicue
615 4345 807 4416 cognoscimus
827 4338 965 4416 proverbtl
992 4340 1079 4398 butus.
1098 4347 1251 4416 originem,
1270 4357 1352 4414 qnam
1372 4359 1402 4395 re
1431 4346 1534 4395 nescire

223 4415 326 4474 latetur
344 4415 512 4472 Forculttnns
533 4423 561 4470 tn
580 4417 684 4473 lentem
703 4416 841 4471 Gesnerns
861 4433 952 4472 aurern
973 4421 1041 4470 trem
1062 4420 1090 4469 tn
1108 4418 1213 4484 lcxtco,
1233 4435 1284 4471 nee
1303 4435 1360 4471 non
1372 4423 1533 4491 turerpreies

224 4493 389 4564 innrttisut
411 4493 479 4545 tusi.
497 4493 574 4547 vttt.
593 4497 620 4552 5.
640 4508 820 4567 pertractant.

298 4574 343 4628 12.
362 4569 443 4641 Nune
462 4566 546 4639 probe
565 4569 745 4640 lnielttgtmus
765 4565 939 4623 Maerentem
960 4565 1069 4621 Satura.
1089 4569 1153 4626 Vll.
1166 4572 1209 4626 5.:
1227 4576 1259 4620 nt
1276 4572 1336 4619 suta
1355 4568 1420 4620 tetta
1436 4568 1533 4635 lingua

222 4643 348 4695 adolente
366 4641 539 4705 rueeunsbrrt,
567 4651 596 4694 et
614 4644 740 4696 Graecus
757 4642 866 4694 Graeco
883 4646 986 4711 srr'pi'at
1005 4640 1076 4695 torm
1091 4645 1236 4712 placeam,
1265 4652 1408 4718 tamqnam
1432 4647 1533 4694 cornix

144 4722 152 4733 '
221 4724 327 4771 corruet
344 4717 438 4784 oculor
455 4710 580 4792 rfflrdtat.
