3210 5280
160 198 222 264 aso
573 198 776 267 scuonra
800 203 1046 269 noniensm
1091 177 1098 193 '

160 342 326 402 aduersum
355 361 389 402 se
418 338 481 403 Cn.
512 338 663 403 Octavius
692 354 722 404 et
743 344 786 404 L.
811 342 911 405 Cinna
940 354 1121 425 gesseruut,
1146 344 1177 405 in
1200 343 1321 406 ltaliam
1350 342 1462 418 rediit,

162 430 328 516 victorque
346 446 388 523 ‘et
417 436 547 518 adeptus
573 435 766 498 constdatum
789 435 953 517 septimum
976 457 1044 498 cum
1066 439 1176 499 eodem
1200 436 1299 500 Cinna
1323 437 1461 499 domina·

160 524 291 672 iimperat·
306 525 521 621 gravissimam
551 526 691 589 exercuit
720 537 751 591 et
778 528 939 629 pluriiuopi
961 528 1170 617 consularium
1193 527 1394 615 proscriptos
1416 530 1461 593 iu·

159 619 209 672 ter
233 632 262 673 ct
283 620 383 674 tussit.

690 965 939 1081 Quum

357 1169 643 1275 Poenino
698 1177 1029 1280 etiams
1070 1112 1264 1279 aeta.

710 1414 916 1429 *-

562 1545 797 1622 EDITORIS
823 1546 1067 1623 MONITUM.

242 1698 479 1762 commentarii
506 1699 554 1760 od
570 1700 658 1763 hone
680 1723 816 1784 quoque
835 1704 1022 1765 orationem
1041 1722 1122 1783 pars
1142 1705 1332 1783 perexigua
1352 1706 1387 1765 in
1408 1725 1467 1767 eo»

162 1786 235 1850 dice
257 1788 421 1851 Vaticano
443 1798 609 1870 superest,
627 1793 777 1872 paginae
797 1802 862 1855 tres
882 1795 1040 1854 nimirum
1062 1812 1140 1853 earn
1161 1790 1321 1867 dimidia,
1353 1796 1465 1873 idest,

120 1877 291 1956 ¹⁰solium
309 1881 461 1943 intimum
475 1882 703 1962 quaternionis
722 1881 816 1956 Μ,Ι
837 1902 926 1964 quae
941 1891 1052 1945 tumen
1067 1890 1113 1952 est
1127 1882 1271 1942 acroteria
1285 1886 1466 1962 continua,

160 1981 263 2049 prout
283 1978 407 2033 notura
428 1988 565 2050 mosque
591 1978 639 2032 eat
667 1968 915 2033 scribendorum
946 1969 1214 2053 quaternionum.
1258 1971 1352 2033 Illud
1376 1993 1464 2032 eosn-

161 2059 297 2122 modam
317 2068 385 2135 est,
420 2058 513 2142 quod
539 2059 671 2140 egregii
690 2061 875 2140 interpretis
895 2062 1129 2141 prohoemium
1149 2061 1287 2137 saltem,
1323 2062 1391 2125 siae
1411 2080 1463 2123 ar·

161 2159 358 2230 gumentum
380 2151 544 2212 orationis
553 2160 568 2226 ‚¹
583 2149 753 2228 integrum
772 2169 1022 2231 recuperamus.

469 2340 1154 2435 COMMENTARIUS.

119 2527 149 2574 ts
243 2503 481 2588 Argumentum
514 2496 616 2570 liuius
650 2512 812 2573 orationis
848 2509 1031 2574 Tullianae
1063 2529 1201 2587 prorsas
1235 2510 1332 2571 outn¹
1372 2528 1465 2591 supe·

160 2598 249 2664 riore
270 2620 433 2664 commune
456 2611 516 2665 est.
561 2601 735 2665 Restitatus
757 2606 809 2668 Μ.
833 2604 974 2676 ΤιιΙΙίιεε,
1005 2604 1091 2686 aiiod
1112 2605 1239 2664 eandem
1262 2623 1388 2664 caiisam
1410 2605 1464 2662 be·

160 2693 264 2758 ueiieii
286 2694 410 2756 videbat
431 2693 460 2756 iu
487 2717 573 2757 sitam
588 2696 770 2780 'dignitatem
794 2719 895 2779 prope
916 2694 1055 2756 omnium
1077 2694 1189 2756 favore
1211 2695 1347 2770 conlati,
1370 2717 1464 2780 quiin

161 2786 278 2872 gratias
300 2786 415 2872 egisset
437 2787 573 2863 senatui,
598 2791 688 2853 etiam
713 2791 834 2872 popido
857 2798 1088 2871 cousequenter
1108 2791 1244 2871 agendas
1275 2789 1461 2861 arbitratus,

160 2880 390 2945 incentionem
413 2882 584 2966 processii3
607 2895 639 2946 et
661 2886 766 2946 eadem
792 2905 907 2964 paene,
929 2903 1010 2966 quae
1035 2883 1116 2962 apud
1139 2893 1245 2962 patres
1266 2881 1463 2964 conscriptos

118 2973 301 3052 audiuerat,
335 2997 417 3038 utine
448 2975 540 3038 etiam
567 2979 689 3060 populo
722 2978 863 3039 audiente
886 2985 1073 3057 percenset:
1113 2975 1232 3058 magis,
1268 2989 1300 3038 ut
1329 2977 1460 3059 opinor,

160 3069 283 3153 gloriae
315 3091 389 3132 suae
421 3071 610 3148 consulens,
647 3083 680 3134 ut
711 3068 908 3133 existimetur
942 3067 1078 3132 oiuuimn
1112 3068 1256 3131 ordinum
1289 3066 1463 3132 eonsensu²

160 3163 217 3244 [P.
234 3163 325 3244 231]
341 3163 520 3238 restitutus,
544 3186 601 3227 nee
617 3165 678 3227 ulla
696 3166 802 3248 [κως]
825 3161 936 3245 popuii
951 3164 989 3224 ab
1005 3185 1060 3224 sua
1076 3162 1226 3246 dignitate
1244 3168 1250 3246 Ι
1266 3161 1462 3234 dissenserit3

160 3275 225 3338 quo
250 3252 395 3318 videlicet
415 3256 574 3319 honestius
603 3256 775 3341 gloriatur,
800 3256 1007 3320 necessarium
1030 3278 1063 3319 so
1087 3259 1217 3319 tuendae
1240 3255 1361 3338 patriae
1388 3253 1464 3317 indi·

160 3359 275 3410 eatum.
319 3350 363 3412 Et
391 3349 442 3411 hic
461 3348 559 3434 igitur
581 3349 848 3414 demonstratione
878 3350 1036 3436 qiiaiitatis
1069 3351 1176 3432 implet
1206 3347 1461 3423 exsecutionem,

118 3440 251 3504 assitunt
275 3452 306 3503 et
334 3441 484 3504 beneficia
515 3464 762 3507 commemorans
791 3457 822 3506 et
857 3442 917 3505 vim
949 3446 1127 3529 querettac⁴
1162 3443 1191 3505 in
1217 3441 1364 3505 invidiam
1390 3463 1463 3504 con·

159 3534 266 3597 serens
288 3533 505 3612 inimieorum,
530 3537 602 3620 qiiia
624 3537 692 3599 sive
712 3549 858 3600 unimores
879 3536 1007 3600 interant
1029 3536 1193 3612 excitandi,
1228 3534 1295 3598 sive
1318 3535 1393 3617 qni⁵
1415 3535 1465 3596 diu

159 3627 338 3692 facultatem
361 3653 423 3694 non
446 3633 651 3713 permiserant
673 3633 865 3694 revertendi.

187 3778 194 3798 ·
237 3754 266 3827 [ι
296 3746 329 3828 l.
357 3755 464 3855 Quod
490 3754 686 3854 peecatus⁶
714 3780 735 3830 a
762 3757 849 3830 iove
877 3759 1014 3854 optimo
1043 3758 1210 3828 maximo.

229 3947 252 3994 i.
273 3951 334 3995 Tres
354 3951 405 3996 heic
422 3966 516 4009 qaoque
535 3965 617 3997 versae
635 3957 780 3998 ermeruet
796 3953 820 3996 ie
838 3953 898 3996 cot.
936 3949 961 3996 2.
981 3951 1042 3995 (iod.
1061 3964 1208 3994 comenses.
1245 3947 1270 3993 3.
1287 3950 1398 3995 Deestia
1411 3952 1461 3994 eut.

295 4034 368 4078 part.
406 4019 429 4066 4.
450 4025 511 4066 cot.
530 4023 681 4080 quaet-elles.
719 4021 742 4068 5.
764 4023 845 4066 teatin
863 4022 901 4066 nis
919 4023 1004 4067 dietum
1020 4021 1162 4080 siccante,
1188 4021 1223 4063 tei
1245 4021 1300 4063 item
1319 4020 1356 4064 his
1378 4023 1464 4064 dietam

295 4091 346 4134 tt'oe
363 4091 414 4150 qui.
452 4089 475 4136 ⁶.
496 4093 555 4136 Coa.
572 4098 717 4151 praecatas.

251 4214 276 4266 5.
297 4210 344 4263 Sic
364 4210 473 4264 titulum
494 4210 599 4283 legebat
619 4210 769 4265 Lambinus
789 4215 818 4265 tu
837 4208 943 4264 duobus
963 4215 1060 4283 priscis
1087 4208 1239 4262 codicibus.
1287 4210 1381 4278 Quare
1409 4224 1464 4262 earn

157 4285 237 4338 huius
256 4290 392 4340 orationis
419 4301 475 4340 tara
501 4285 688 4358 praecedentis
713 4285 902 4341 reformandos
920 4301 963 4339 eet
982 4286 1079 4340 attolat
1099 4290 1127 4339 ia
1149 4283 1316 4338 editionibus
1338 4284 1464 4337 sentien-

158 4359 275 4430 dnsque.
297 4377 328 4414 ut
346 4377 388 4416 eu
409 4365 436 4413 tn
457 4363 591 4415 Vaticano
611 4360 722 4422 codices
744 4378 907 4435 quemqnam
926 4378 1000 4414 nune
1020 4365 1047 4412 tn
1069 4363 1202 4413 Vaticano
1220 4360 1322 4431 legitur
1342 4375 1465 4414 rancun-

159 4433 242 4488 modo
260 4455 321 4487 eum
336 4437 453 4505 popedo,
472 4441 537 4508 quia
556 4437 611 4490 duo
632 4437 736 4509 relique
757 4437 837 4491 verbe
856 4438 1023 4491 monuerunt
1042 4435 1178 4488 detinente
1197 4435 1299 4488 colore.

237 4515 277 4566 18.
299 4512 368 4582 Ergo
389 4526 461 4564 recte
483 4517 510 4564 in
530 4513 634 4565 Codice
654 4518 743 4566 oratio
757 4512 797 4565 ad
804 4514 935 4583 papisticus
947 4511 1102 4563 eolioeatur
1115 4528 1177 4583 poet
1192 4510 1265 4562 iliam
1280 4507 1319 4559 nd
1330 4509 1464 4570 senatun,

158 4585 230 4654 quod
250 4603 345 4638 eontra
367 4590 394 4639 iu
415 4587 552 4640 nonnuliis
572 4585 740 4641 editionibus
761 4605 902 4660 perperam
923 4585 961 4638 su.
1004 4587 1163 4638 Vaticanum
1178 4584 1302 4637 ordinem
1319 4584 1465 4636 Laiubinas

157 4677 264 4728 ‹puoqae
292 4666 320 4714 ia
349 4659 454 4714 duobus
482 4679 601 4716 vetustae
622 4667 719 4717 aetatis
740 4661 886 4716 (lodicibus
907 4660 1020 4714 viderat.
1067 4660 1235 4730 &aaronica
1255 4664 1284 4712 in
1304 4673 1465 4729 ergnnnnm

160 4739 316 4807 interpretis
337 4740 424 4790 uestri
441 4756 495 4807 pro
516 4738 628 4791 Plancio
648 4755 839 4814 praeposterus
859 4736 926 4790 ordo
947 4745 1075 4809 ponitur,
1103 4753 1249 4806 :aiensque
1278 4749 1370 4791 tectus
1391 4737 1463 4788 usse
