3210 5280
212 209 277 274 too
535 204 834 276 SCHOLIASTA
855 205 1197 277 euouovlmttts

211 346 315 413 bellae
346 357 474 412 mortun
507 347 637 411 tutelam
670 345 728 414 lilii
760 345 827 412 eius
860 349 980 431 perfide
1019 347 1222 423 tractaret-ita
1259 347 1350 433 qnod
1386 347 1535 413 damnato

183 428 402 519 {Dolabellae
424 442 462 505 lin
486 441 647 505 aestimata
673 440 714 503 sit
738 452 867 524 sestert.
891 451 960 517 tot;
984 463 1025 506 ex
1050 462 1116 526 qno
1137 442 1263 505 Verres
1286 441 1460 525 plurimum
1481 445 1536 506 ab·

211 534 349 598 etulerit.
394 537 550 599 Praetura
578 534 646 598 eius
675 536 794 597 urbana
819 535 866 599 sie
887 536 1074 612 infamatur,
1108 538 1197 619 quod
1218 546 1323 617 empta
1351 536 1415 614 sit,
1449 538 1538 622 qnod

104 658 112 674 ·
211 627 266 691 illa
288 624 365 693 iuris
396 627 494 692 dictio
516 629 636 725 venalis
659 628 733 692 fuit.
776 629 842 692 Hic
868 629 978 693 obiicit
1003 631 1042 691 de
1068 628 1171 692 Aselli
1197 628 1311 705 bonis,
1344 631 1437 714 quod
1460 650 1538 713 pos-

187 720 386 785 ⁵sessionem
409 742 520 786 eorum
544 734 655 785 eontra
675 722 770 785 liliam
793 723 948 797 dedisset;
971 722 1118 787 debonis
1141 723 1354 797 Minucianis3
1378 726 1419 786 de
1440 722 1538 786 sartis
1570 771 1576 791 .

212 815 304 879 tectis
327 816 412 879 aedis
432 815 578 881 Castoris
602 826 713 880 eontra
735 815 859 881 Iunium
882 817 1053 900 pupillutn3
1076 818 1116 878 de
1140 815 1255 880 iudicio
1277 816 1409 899 publico
1424 828 1539 880 contra

214 907 393 991 Opimiuma
423 921 455 973 et
479 912 518 972 de
543 909 626 974 lalso
652 909 762 972 codice
788 911 829 972 ad
853 909 1117 992 subscriptionem
1147 909 1309 973 lunianam
1336 909 1536 992 pertinente,

214 1002 397 1085 Oppianico
429 1023 487 1067 reo
521 1024 619 1088 usque
646 1001 679 1065 in
708 1022 758 1067 eo.
801 1003 909 1067 Multa
940 1003 973 1066 in
1004 1002 1053 1064 bis
1087 1002 1313 1068 observatione
1338 1003 1540 1068 exactissima

215 1095 378 1182 designata
400 1107 493 1172 sunt,
527 1106 561 1158 ut
588 1117 653 1160 non
683 1106 802 1158 tantum
832 1117 1003 1161 onerosum
1032 1094 1078 1157 sit
1105 1095 1271 1173 aestimare
1300 1097 1449 1182 singula,
1485 1098 1540 1160 sed

172 1190 306 1253 idetiam
329 1190 480 1274 longum,
504 1193 593 1275 quod
607 1190 680 1252 huie
696 1188 852 1271 opusenln
867 1188 1061 1253 contrarium
1088 1199 1149 1252 est.
1193 1191 1244 1255 De
1268 1191 1417 1255 omnibus
1435 1203 1538 1254 autem

213 1282 413 1347 orationibus
437 1305 495 1348 nec
517 1305 617 1346 meam
641 1281 879 1367 persuasionem
903 1283 1057 1345 subtraho
1078 1303 1139 1346 nec
1158 1293 1243 1347 tuam
1269 1283 1404 1369 ignoro.
1450 1286 1539 1352 Con·

212 1376 300 1439 venit
324 1376 405 1439 enim
430 1376 517 1440 inter
549 1398 608 1440 nos
640 1377 755 1440 nullam
786 1397 856 1439 esse
888 1373 1061 1439 oratoriam
1094 1376 1263 1455 virtutem,
1301 1400 1384 1462 quae
1405 1402 1472 1445 nnn
1500 1378 1540 1443 sit

212 1469 440 1552 perfectissima
469 1469 501 1532 in
526 1469 659 1554 singulis
685 1489 815 1555 quinque
840 1469 1023 1542 narrandis,
1061 1491 1171 1533 venitm
1201 1469 1358 1534 uberrima
1394 1473 1562 1555 exempla,

141 1555 149 1633 ,’
213 1585 272 1647 per
294 1563 432 1627 omnium
458 1584 611 1648 generum
642 1563 762 1647 ligures
799 1562 948 1626 eminere.
1007 1562 1091 1626 Satis
1120 1574 1222 1626 autem
1249 1574 1398 1642 constat,
1432 1586 1540 1647 omnes

170 1658 246 1722 asin
268 1658 408 1721 Verrem
429 1656 591 1736 orationes
613 1667 685 1721 ante
707 1654 895 1718 aedilitatem
918 1653 1019 1718 editas
1041 1676 1125 1720 esse.

299 1752 406 1814 Status
430 1749 665 1814 coniecturalis.
709 1749 894 1812 Benevolns
917 1747 993 1811 lacit
1021 1747 1051 1810 in
1077 1748 1236 1832 principio
1256 1750 1434 1816 auditores.
1480 1756 1540 1818 Be·

213 1843 349 1908 nevolos
369 1855 471 1906 autem
487 1843 649 1907 auditores
665 1853 819 1926 quattuor
835 1842 936 1906 modis
951 1840 1101 1917 iacimus,
1126 1854 1211 1905 anta
1231 1864 1370 1925 persona
1388 1846 1537 1924 iudicum,

213 1939 277 2001 hnc
299 1949 366 2011 est,
400 1939 529 2019 qnando
556 1957 612 2000 eos
643 1936 819 2013 laudamus3
858 1938 946 2020 qnod
972 1935 1063 1997 brevi
1090 1937 1234 2000 oratione
1264 1938 1445 2001 laciendum
1475 1953 1539 2014 esta

214 2040 268 2093 aut
293 2051 334 2093 ex
360 2043 468 2093 nostra
493 2050 650 2112 persona,
681 2029 744 2092 boc
771 2041 840 2106 est,
873 2029 1000 2112 quando
1022 2037 1145 2090 nosmet
1171 2028 1258 2110 ipsos
1283 2035 1538 2096 commendamus

171 2125 493 2192 recommemorando
516 2123 651 2184 studium
682 2133 824 2186 nostrum
851 2143 927 2206 erga
956 2142 1023 2183 rem
1049 2122 1227 2203 publicam;
1264 2137 1318 2186 aut
1349 2147 1367 2188 a
1400 2148 1538 2210 persona

214 2215 490 2292 adversariorum,
525 2216 736 2297 vituperando
767 2235 877 2278 eorum
909 2214 1003 2278 vitam
1040 2225 1094 2277 aut
1129 2236 1250 2289 rnorem
1284 2228 1338 2279 atat
1368 2240 1386 2281 a
1424 2241 1536 2297 causa,

215 2312 354 2394 quando¹
373 2310 455 2391 [ant]
486 2320 627 2372 nostram
656 2310 818 2370 laudamus
848 2329 993 2383 causam,
1030 2308 1117 2391 qrrasi
1143 2309 1343 2375 innocentiae
1371 2315 1537 2377 subnixam

214 2402 347 2466 arixilin.
391 2403 429 2465 In
461 2404 522 2466 hoc
538 2422 617 2486 ergo
633 2400 824 2482 prohoemio
847 2397 985 2463 a'causa
1007 2401 1181 2465 adversarii
1203 2404 1382 2468 benevolos
1405 2407 1537 2470 facimus

93 2538 95 2547 ,
213 2494 351 2568 iudices;
374 2493 494 2557 scilicet
520 2496 558 2556 de
583 2514 648 2577 quo
672 2492 745 2556 talis
771 2514 881 2556 rumor
907 2494 1044 2570 exstitit,
1069 2494 1122 2580 qui
1147 2517 1216 2559 eum
1239 2518 1273 2561 se
1302 2520 1435 2585 quoque
1461 2523 1536 2567 con·

171 2592 411 2653 eademnantem
433 2591 641 2650 demonstret.

299 2682 399 2745 Facta
428 2692 477 2744 est
500 2693 601 2743 autem
630 2679 935 2761 comperendinatio.
981 2680 1068 2745 Dicit
1093 2682 1175 2746 enim
1205 2695 1392 2760 aecusator;
1425 2686 1537 2751 deinde

214 2775 379 2839 defensor.
424 2775 503 2840 Item
530 2777 626 2846 modo
657 2785 824 2836 accusator
845 2774 921 2834 dicit
948 2777 987 2837 ad
1009 2796 1063 2848 ea,
1088 2796 1169 2861 quae
1191 2776 1341 2842 defensor
1363 2782 1459 2843 dixit.

299 2869 465 2948 eraeruut
492 2867 598 2941 multi,
631 2886 729 2948 <piare
760 2866 938 2947 appellatur
967 2880 1136 2949 praetura,
1170 2892 1265 2952 quum
1291 2886 1486 2955 quaesturae
1508 2885 1536 2937 et

213 2961 382 3047 legationis
405 2961 533 3024 crimina
556 2959 781 3024 eontinentur?
804 2961 848 3022 Et
871 2960 1002 3025 dicimus
1018 2963 1108 3039 iden,
1133 2963 1204 3047 quia
1221 2975 1392 3046 praeturae
1407 2968 1537 3032 crimina

172 3055 367 3141 tdgraviora
390 3066 475 3118 sunt.
537 3072 542 3087 ¹

299 3147 382 3230 Cap.
406 3148 435 3210 1.
461 3148 491 3209 l.
515 3146 697 3212 Neminem
718 3146 883 3226 nestrum]
907 3147 1014 3209 Genus
1037 3167 1151 3209 causae
1173 3168 1303 3230 anceps.
1328 3152 1533 3234 Propositin.

299 3244 401 3306 Hisne
423 3263 489 3322 per
509 3241 609 3302 hosce
631 3239 718 3318 dies]
755 3239 819 3320 Qui
843 3240 971 3323 liremmt
993 3252 1067 3324 post
1091 3242 1225 3324 primam
1251 3242 1409 3308 actionem
1439 3269 1534 3333 usque

215 3338 253 3398 ad
274 3334 462 3418 principium
485 3335 653 3396 secundae.

300 3433 499 3493 Sermonem
520 3424 626 3509 vulgi]
664 3425 792 3509 Vulgus
826 3437 874 3489 est
899 3439 1039 3490 extrema
1071 3448 1145 3510 pars
1171 3428 1295 3511 populi.
1340 3430 1380 3495 ln
1408 3435 1534 3516 populo

172 3535 203 3586 ³⁵
216 3521 307 3585 etiam
325 3520 400 3584 boni
416 3520 629 3584 continentur.
675 3518 816 3601 Singulis
837 3541 918 3605 ergo
940 3521 1071 3603 propria
1088 3521 1194 3584 dedit:
1220 3524 1318 3608 vulgo
1334 3547 1533 3604 sermonem,

214 3614 337 3697 populo
361 3612 558 3695 opinionem.
610 3612 697 3674 Inest
723 3613 802 3672 euim
833 3614 864 3676 in
896 3614 1045 3696 opinione
1071 3618 1255 3680 auctoritas.
1312 3621 1394 3682 Nam
1419 3623 1534 3709 vulgus

213 3707 376 3794 loquitur,
401 3707 538 3790 populus
562 3704 710 3786 opinatur
732 3705 834 3789 legem
858 3709 1038 3770 condendo.

298 3800 572 3884 Responsurum]
606 3797 714 3882 Fingit
742 3796 828 3860 illum
852 3813 1050 3881 praesentem
1074 3823 1161 3877 esse;
1194 3803 1248 3867 ille
1271 3817 1374 3869 autern
1398 3809 1532 3873 exierat.

296 3896 355 3959 Act
375 3894 541 3958 iudicium
562 3890 771 3981 affuturum]
809 3892 897 3956 Bene
920 3892 1017 3972 dixit,
1050 3893 1267 3983 qffutururu,
1303 3901 1377 3984 quia
1405 3917 1532 3985 poterat

171 4006 202 4057 tt
216 3991 342 4065 adesse,
367 3997 400 4051 et
422 4008 485 4051 non
507 3988 716 4069 respondere.

290 4214 317 4264 2.
337 4209 415 4260 Latet
435 4210 464 4259 in
484 4206 527 4258 hle
547 4221 685 4258 nnmernt.
713 4201 770 4257 cfr.
790 4203 933 4259 Orationis
953 4208 1039 4276 ipsius
1060 4206 1126 4279 Cap.
1148 4212 1192 4269 39.
1212 4209 1252 4262 vel
1274 4219 1318 4262 tor
1336 4220 1462 4287 positum
1484 4236 1532 4293 pro

214 4301 331 4337 nurnero
348 4280 531 4336 infinito.0a.
568 4279 597 4334 lt.
618 4279 719 4347 Auru]
731 4279 972 4331 seu-Asellum·
983 4279 1019 4334 G.
1033 4282 1082 4336 Gr.
1122 4287 1147 4340 7.
1168 4284 1319 4355 Opimium]
1332 4292 1533 4346 seim-oste.

141 4375 148 4388 ⁴
214 4365 299 4410 mrum
318 4358 354 4412 G.
374 4359 425 4412 Gr.
468 4363 495 4416 8.
523 4355 636 4421 ,Locus
657 4371 813 4427 corruptus.
851 4355 992 4408 Fortasse:
1012 4373 1070 4408 reo.
1109 4359 1199 4428 Usque
1219 4378 1251 4412 en
1271 4364 1359 4414 mrcltn
1379 4382 1435 4420 cet.
1475 4370 1532 4439 Op-

210 4439 324 4503 pianico
343 4436 418 4485 enirn
444 4449 493 4483 ren
521 4436 588 4483 satis
609 4433 772 4483 terminatur
792 4430 958 4482 sententia.''
989 4430 1099 4486 Gener.
1138 4439 1183 4492 23.
1203 4435 1337 4506 inclinus]
1369 4442 1478 4498 G.'Gr,
1496 4460 1533 4498 ω

205 4507 289 4581 facte
309 4508 372 4562 Sch.
411 4507 456 4563 2‘4.
476 4508 602 4573 exstitit]
623 4506 659 4559 G.
679 4504 728 4558 Gr.
743 4509 935 4555 -exstiterr't
955 4505 1020 4558 Seb.
1056 4510 1103 4564 26.
1125 4508 1215 4578 Dicit]
1237 4509 1269 4562 de
1283 4514 1396 4568 Graevii
1416 4535 1531 4572 correct.

213 4581 470 4638 Solu-Dicendo
489 4582 525 4635 G.
539 4581 588 4634 Gr.
627 4583 841 4647 28.-[0reuo
862 4578 908 4650 de]
925 4582 1143 4646 praetrtrnflcb.
1183 4584 1252 4639 lbid.
1269 4607 1400 4658 —qnum
1422 4597 1529 4662 [etiarn]

107 4701 115 4720 ι
212 4666 379 4731 quaesturae
393 4658 457 4710 Sch.
496 4659 539 4713 32.
554 4651 694 4726 sicerum]
715 4653 780 4707 Seb.
798 4651 915 4724 -fult
935 4654 970 4708 G.
990 4656 1040 4709 Gr.
1080 4662 1126 4716 57.
1147 4662 1260 4728 “legem
1276 4665 1434 4736 condendo]
1455 4671 1530 4724 Hand

212 4733 292 4790 uideo
312 4750 366 4805 qno
386 4729 551 4807 pertineat.''
572 4731 596 4786 1.
616 4730 645 4783 F.
665 4713 968 4799 Gnoson-Fortflege
986 4730 1225 4789 condemnandum
1244 4735 1398 4812 (Verrem.)
1422 4744 1477 4799 On.
