3210 5280
227 201 286 265 198
353 243 357 251 -
659 199 1097 271 ΡδΕΠΒΟ-ᾹὸΕΟΝῐΰὸ

310 344 354 420 (§.
380 341 468 421 tte.)
488 343 536 410 De
556 343 687 427 populo
708 343 884 428 accedere]
928 343 1102 424 Hucusque
1124 361 1143 402 a
1171 338 1294 423 capite,
1317 342 1405 422 quod
1426 349 1474 403 est
1494 342 1537 406 At

226 438 332 514 enirn,
354 435 580 521 interrogative
602 436 870 518 pronunciandum
894 448 961 512 eet,
985 447 1017 499 et
1044 445 1156 498 contra
1184 431 1391 516 responsivet
1414 437 1535 499 Omnes

228 528 346 591 reiecti
362 538 451 595 sunt.
494 529 623 605 Omnia,
648 528 764 614 inquit,
787 532 982 606 factasunt,
1007 550 1046 592 ne
1068 527 1138 611 quis
1160 528 1198 590 dc
1214 526 1336 607 populo
1350 527 1536 606 redemptor

170 617 339 698 pertimet,
377 619 432 702 qni
454 633 507 684 aut
527 622 648 704 pupillo
669 637 833 705 parceret,
871 636 924 688 aut
953 621 1099 688 conscius
1127 623 1262 701 praedae
1287 618 1446 701 praetoris
1470 638 1537 681 non

188 737 202 784 t
231 720 326 773 esset.
370 714 663 799 †Responderunt
693 717 882 784 Ciceronem
914 716 1084 800 impensam
1121 712 1229 796 operis
1264 733 1394 796 prevam
1424 721 1539 796 putant

232 824 294 867 non
318 827 437 870 moram
459 812 514 873 sed
535 811 595 874 hnc
615 811 716 895 inquit
741 811 898 895 angustias
923 807 1079 892 temporie
1100 827 1164 871 non
1189 805 1212 870 ti
1237 846 1458 870 .......
1480 807 1538 867 ha·

233 896 344 962 bonius
367 913 500 984 propter
521 903 771 968 convenientiam
793 904 924 968 Verris.
966 948 970 952 -

314 996 359 1071 (§.
382 995 471 1076 199.)
492 999 595 1061 istam
615 997 702 1063 diem
723 997 893 1082 quomodo
915 993 1142 1078 assequitnri’]
1196 992 1367 1074 Quomodo
1400 990 1541 1056 accensit

232 1086 272 1147 ad
293 1085 398 1150 diesn‘?

190 1194 222 1246 tt
315 1177 433 1265 Neque
443 1181 624 1260 Kalendis,
643 1203 750 1265 neque
762 1182 889 1263 Nonis,
908 1202 1015 1266 neque
1035 1179 1161 1260 idibus]
1205 1175 1413 1262 †Religiose
1433 1174 1466 1239 in
1488 1197 1539 1240 me

234 1312 559 1338 ..........
583 1274 721 1337 nominat
745 1273 831 1338 vultu
852 1271 928 1336 divo
943 1271 1033 1335 norit
1054 1272 1128 1334 ldrrs
1151 1270 1226 1334 itu.
1250 1268 1367 1334 Cicero
1380 1270 1412 1333 in
1427 1271 1541 1333 Nonas

234 1363 367 1440 addidit,
402 1364 543 1447 quamvis
572 1367 635 1428 hoc
658 1368 920 1448 pronunciatione
942 1365 1099 1428 solvatur.
1143 1365 1189 1429 At
1210 1385 1281 1426 cum
1308 1362 1456 1428 irrisione
1476 1365 1542 1427 hoc

234 1456 297 1520 dici
319 1457 424 1520 videre
447 1478 625 1539 possumus.
1106 1496 1111 1505 ·

315 1549 464 1612 Putabat
490 1572 525 1614 se
553 1553 691 1637 aliquid
717 1554 917 1635 defensionis
937 1551 1144 1634 babituram]
1198 1551 1243 1615 Ut
1273 1551 1411 1616 diceret:
1449 1549 1545 1614 Adeo

193 1637 353 1706 tsnirllum
376 1641 508 1721 apposui
532 1645 782 1726 redemptorem,
808 1655 842 1705 ut
866 1654 940 1725 post
962 1644 1041 1706 diem
1063 1643 1281 1726 praestitutum
1304 1644 1396 1729 operi
1418 1663 1482 1707 non
1505 1646 1547 1706 sb

236 1752 276 1794 eo
297 1733 487 1814 susceperim
513 1755 614 1816 opus,
638 1759 696 1800 nec
719 1738 751 1801 in
773 1747 936 1818 acceptum
959 1738 1133 1803 retulerim.

320 1824 364 1890 Ui
393 1848 460 1889 uno
490 1830 598 1893 miuus
618 1839 698 1895 teste
718 1830 866 1909 liaberet]
920 1831 965 1894 Ut
989 1833 1028 1893 de
1059 1830 1126 1909 ibt,
1157 1834 1213 1916 qui
1245 1845 1357 1899 contra
1383 1851 1419 1894 se
1435 1822 1544 1906 sunt,

237 1915 369 1982 testibus
391 1938 484 1979 unum
508 1920 684 1983 Rabonium
707 1923 898 1985 detraheret.

319 2013 364 2088 (§.
388 2010 476 2090 150.)
499 2014 582 2077 Cum
609 2013 662 2077 die
688 2023 838 2077 caeteros
861 2015 1072 2086 exclusisset,
1094 2027 1167 2081 tum
1190 2019 1224 2081 in
1247 2019 1318 2082 eius
1342 2026 1546 2100 potestatem

329 2155 356 2203 1.
374 2144 515 2213 accedere]
540 2144 639 2196 accede
659 2147 752 2198 Prius.

312 2218 383 2274 ibid.
403 2225 433 2290 a]
454 2238 510 2275 om.
530 2223 620 2274 Princ.
640 2219 748 2273 Bersld.
768 2219 830 2274 sid.
851 2221 918 2275 Lod.

329 2299 357 2350 2.
374 2295 447 2366 quod
465 2304 508 2348 est
527 2299 568 2347 Ar
586 2298 669 2363 enim]
710 2295 786 2348 luter
811 2296 891 2349 verba
918 2304 961 2347 est
985 2313 1013 2350 et
1039 2298 1081 2349 As
1100 2312 1217 2350 vacuum
1235 2300 1356 2370 spatium
1374 2293 1471 2349 decem
1488 2291 1546 2349 iere

236 2369 378 2425 literarum
397 2371 480 2424 habet
500 2371 604 2435 Princ,
624 2369 738 2423 tseunee
757 2375 866 2443 signnm
886 2369 993 2426 Rereld.
1014 2371 1074 2426 eid.
1376 2386 1384 2392 ·

214 2481 217 2488 ·
311 2444 383 2500 ibid.
398 2444 650 2515 promenciandum]
671 2443 756 2516 Lugd.
776 2447 840 2498 llot.
860 2449 936 2500 Man.
956 2450 1035 2500 Creu.
1056 2475 1093 2489 -
1108 2450 1324 2518 pronunciatum
1343 2447 1460 2516 priores.

332 2523 359 2578 ie.
378 2525 424 2590 qui
441 2521 504 2593 aret]
523 2518 591 2573 Lod.
610 2534 638 2572 et
657 2537 731 2591 seqq.
749 2549 786 2563 —
803 2524 916 2590 quia-ret
936 2521 1028 2575 Princ.
1051 2521 1158 2576 Beseld.
1179 2546 1213 2563 -
1232 2525 1297 2592 quia
1315 2528 1366 2574 aut
1386 2517 1448 2574 Alil-

313 2593 384 2649 ibid.
403 2599 471 2662 non]
492 2612 547 2648 orn.
569 2592 652 2666 Lugd.
674 2596 737 2647 llot.
757 2595 835 2649 Man.
855 2597 934 2649 Creu.

333 2674 359 2727 5.
378 2678 459 2722 esset.
497 2668 704 2739 Responderunt
722 2699 741 2711 -
759 2701 777 2713 -
796 2701 816 2712 -
835 2674 1058 2723 convenientiam
1071 2669 1183 2739 Verris]
1220 2670 1323 2722 Locum
1341 2682 1500 2739 corruptum
1520 2680 1549 2720 et

238 2761 364 2799 mancum
383 2742 555 2817 depinximus
576 2762 609 2795 ex
627 2743 693 2797 edu.
713 2745 820 2810 Princ,
839 2760 956 2814 quacum
976 2751 1014 2799 ita
1028 2750 1203 2798 consentiunt
1218 2742 1324 2799 Beralsl.
1338 2743 1398 2798 tid.
1411 2740 1496 2807 iod„
1517 2756 1549 2795 ut

237 2830 340 2892 pretore
360 2818 477 2872 habeant
497 2835 547 2893 pro
563 2826 681 2888 putant,
702 2825 906 2872 conniventiam
925 2837 975 2892 pro
993 2825 1232 2879 convenientiame
1251 2818 1319 2872 Lod.
1338 2833 1477 2890 praetcrea
1496 2815 1549 2870 ies

240 2911 269 2956 et
287 2899 381 2947 timuit
400 2893 538 2946 Rubenius
576 2911 606 2945 ro
624 2892 677 2945 lenc
695 2908 723 2946 et
742 2900 766 2947 ti
784 2896 801 2930 ¹⁶¹
820 2893 962 2949 leobanius.
983 2926 1017 2939 -
1036 2903 1118 2947 esset.
1156 2893 1212 2945 Sed
1228 2898 1390 2963 queaeritur,
1415 2896 1462 2961 qui
1472 2889 1549 2962 fieri

237 2974 347 3042 potuit,
368 2977 399 3021 ut
417 2986 478 3021 cuns
497 2987 533 3019 ea
555 2916 648 3020 lliibus
660 2967 863 3039 Septembribus
880 2976 910 3022 in
929 2969 1067 3023 calendae
1079 2969 1245 3021 Decembres
1263 2968 1438 3034 (Decembris
1455 2963 1549 3037 Man.)

240 3045 313 3096 diem
337 3048 415 3116 operi
431 3040 572 3114 faciundo
595 3046 806 3113 praestituerit,
837 3062 931 3096 omnes
949 3050 1091 3114 angustiis
1109 3048 1240 3114 temporis
1258 3042 1482 3109 excluderentur,
1517 3047 1549 3091 in

241 3127 324 3171 tanta
335 3118 483 3191 facilitate
503 3124 595 3185 operis
605 3116 753 3188 faciendi,
782 3128 916 3190 quioniam
934 3125 992 3192 ipse
1011 3118 1148 3184 ostendit,
1166 3136 1227 3170 cum
1245 3118 1365 3181 diceret,
1385 3122 1475 3169 minus
1488 3132 1550 3166 esse

241 3199 335 3265 operis
352 3194 417 3245 illas
435 3202 556 3264 quatreor
574 3196 716 3245 columnas
734 3211 883 3265 reponere,
909 3213 991 3267 quam
1009 3213 1092 3246 renam
1111 3194 1147 3245 ab
1165 3199 1280 3263 integro
1299 3210 1402 3244 novam
1419 3187 1550 3260 efficere·

241 3267 445 3340 despondetur,
472 3268 630 3320 Ciceronem
649 3273 799 3337 impensam
818 3273 910 3339 operis
924 3285 1046 3340 paruam
1062 3278 1180 3337 pretore,
1199 3284 1256 3320 reon
1274 3284 1389 3321 moram.
1407 3264 1459 3316 sed
1475 3263 1548 3330 leae,

241 3347 346 3413 inquit,
378 3347 529 3411 angustias
556 3348 688 3411 temporis
712 3344 767 3394 ison
791 3348 885 3406 timuit
908 3343 1048 3396 Iiabonius
1068 3351 1185 3415 propter
1203 3346 1410 3394 conniventiam
1434 3339 1550 3393 Verris.

242 3416 327 3488 Lugd.
346 3418 410 3471 tior.
432 3417 508 3470 Man.
529 3416 609 3469 Creu.
637 3445 669 3458 -
695 3417 773 3486 „Sed
789 3422 941 3489 quaeritur]
969 3418 1022 3471 Sex
1039 3420 1173 3472 hisersus
1191 3415 1379 3470 desiderantur
1397 3419 1427 3467 in
1448 3429 1552 3466 menu-

243 3496 349 3565 scripto
364 3506 390 3545 et
406 3489 465 3545 uidi
485 3491 572 3544 libro:
593 3507 608 3542 a
627 3492 747 3545 Danaeia
767 3509 799 3545 ex
817 3497 947 3565 antiquo,
967 3509 998 3548 ut
1016 3508 1159 3567 putemus.
1179 3490 1275 3545 codice
1294 3489 1442 3544 restituti.''
1461 3488 1556 3544 tior.

336 3571 419 3628 e-9.
438 3565 497 3618 Hoc
516 3565 642 3619 scholion
660 3572 783 3636 sequenti
802 3573 984 3640 postpositum
1003 3585 1044 3622 eet
1064 3573 1092 3621 in
1112 3566 1240 3620 omnibus
1253 3565 1333 3619 editt.
1345 3579 1454 3637 praeter
1467 3563 1552 3618 Creo.

317 3650 363 3699 10.
382 3640 532 3711 Kalendis]
553 3643 643 3695 Princ.
663 3641 770 3698 Berald.
790 3642 850 3696 Ati.
872 3643 938 3697 Lod.
958 3671 995 3686 ·-
1015 3643 1145 3696 Calendis
1163 3640 1361 3695 Decembribus
1380 3636 1466 3711 Lngd.
1486 3638 1555 3693 Hos.

244 3713 327 3772 Creo.
347 3732 411 3769 curn
431 3714 512 3770 editt.
534 3715 686 3770 Ciceronis.
715 3746 753 3759 -
781 3717 912 3770 Cakndis
931 3718 1094 3771 Decembris
1111 3718 1189 3770 Man.
1220 3745 1257 3759 ·-
1288 3711 1367 3787 Apud
1387 3716 1556 3768 Ciceronem

245 3808 297 3846 eor
310 3790 455 3843 Decembr.
467 3790 611 3862 glossssori
626 3790 719 3845 deberi
733 3791 854 3859 uidetur,
873 3797 919 3864 qui
936 3809 995 3845 esm
1009 3811 1023 3845 e
1036 3796 1170 3865 superiori
1184 3808 1261 3845 versu
1275 3793 1395 3862 repetiit.
1433 3788 1555 3840 censam

247 3873 338 3930 enirn,
358 3882 407 3919 cur
426 3868 539 3930 Cicero,
560 3870 584 3920 si
603 3866 733 3920 Kalendis
752 3883 854 3920 nomen
874 3874 974 3922 mensis
994 3867 1091 3920 addere
1110 3866 1256 3932 voluisset,
1275 3865 1348 3918 idem
1368 3869 1396 3916 in
1415 3863 1508 3916 Nonis
1530 3878 1559 3917 et

247 3942 358 4005 ldibus,
378 3938 489 4010 adquae
503 3942 699 3994 Decembribus
717 3941 835 4014 suppleri
849 3946 960 4014 nequir,
977 3940 1067 3997 iacere
1079 3942 1255 4014 neglexisset,
1276 3956 1331 3992 sion
1345 3942 1494 4012 perspicio.
1547 3974 1550 3981 ·

325 4022 439 4075 11-12.
459 4016 587 4069 trenaee
604 4021 682 4084 signa
702 4021 789 4071 etiarn
807 4024 879 4071 iuter
898 4016 1069 4070 verbaareitre
1088 4033 1116 4071 er
1135 4016 1216 4084 divo,
1236 4016 1302 4067 divo
1321 4029 1348 4067 et
1367 4017 1462 4077 nouit,
1483 4012 1552 4065 itet.

247 4108 276 4146 ct
297 4093 408 4156 Cicero,
440 4105 590 4163 posuerunt
614 4090 676 4145 ati.
703 4090 789 4164 Lngd.
808 4094 873 4146 Hoc.
893 4092 971 4146 Man.
990 4094 1071 4148 Creo.
1091 4093 1190 4147 Graev.
1237 4093 1374 4161 Quintum
1394 4091 1558 4142 asteriscum

248 4171 320 4222 lttter
339 4171 465 4218 nominat
484 4182 511 4220 et
529 4166 609 4217 vedire
628 4164 734 4219 addidit
754 4166 910 4220 Schistsius.

324 4250 368 4299 ιι.
388 4244 428 4309 in]
450 4259 506 4296 om.
526 4238 588 4293 eli.
609 4239 694 4310 Lugd.
714 4243 780 4294 lios.
799 4241 878 4294 Man.
900 4242 983 4296 cren.

324 4323 367 4375 12.
388 4318 429 4367 Ar
445 4335 507 4368 cum
525 4318 667 4382 irrisione]
711 4318 758 4368 Sic
777 4321 886 4387 scripsi.
912 4345 947 4357 -
965 4325 1060 4369 etrmn
1078 4319 1109 4368 in
1127 4319 1235 4368 visione
1253 4315 1344 4368 Prior.
1364 4310 1474 4367 Berald.
1495 4309 1556 4367 iti

248 4391 319 4448 Lod.
337 4419 374 4433 -
393 4388 511 4444 Etcum
530 4394 662 4440 irrisione
683 4388 768 4464 Lugd.
789 4391 854 4443 llot.
876 4390 942 4444 Meu
963 4392 1047 4446 Creo.
1291 4402 1296 4409 '

326 4468 443 4525 ili-lb.
463 4467 537 4518 liaeo
556 4467 681 4536 proximo
701 4466 809 4519 scholio
828 4473 980 4540 postpositi
1000 4481 1063 4520 sunt
1083 4469 1111 4517 in
1130 4467 1221 4519 Princ.
1241 4460 1350 4521 Berald.
1372 4459 1433 4518 Ald.
1452 4460 1523 4515 Lod.

324 4550 370 4604 15.
389 4544 515 4615 apposui]
541 4545 670 4608 apposuit
690 4543 767 4596 Man.

325 4622 370 4679 16.
389 4617 541 4682 retuderim]
563 4613 648 4685 Lngd.
669 4619 735 4670 lint.
754 4616 831 4670 Man.
852 4616 933 4670 Cren.
952 4646 987 4660 -
1007 4617 1091 4668 retuli
1110 4619 1224 4688 priores.

194 4752 201 4763 ⁸
326 4699 371 4755 19.
388 4694 458 4748 Crem
475 4690 520 4740 die
540 4719 558 4731 -
576 4719 595 4733 ·
614 4724 632 4739 ..
650 4694 747 4744 venire
765 4692 895 4760 uolebat]
935 4692 1008 4746 Haec
1034 4691 1102 4745 mele
1128 4703 1268 4761 tamquam
1288 4703 1349 4760 pars
1369 4684 1560 4761 praecedentis

251 4770 352 4830 scholii
371 4772 516 4841 interpreti
536 4769 694 4825 tribuuntur
711 4767 747 4821 ab
766 4769 831 4823 Hot.
850 4768 931 4822 Creu.
950 4769 1049 4826 Graeu.
1076 4766 1189 4823 scinu.
