3210 5280
481 218 530 283 ΙΝ
554 220 695 295 ORAT.
720 220 768 285 IN
791 220 1047 287 VATINIUM.
1356 227 1418 291 815

101 357 149 420 ad
175 378 338 420 nauseam
364 360 506 422 recinui.
561 361 651 439 Quia
684 380 760 423 vero
782 364 960 441 quaternio
983 363 1110 444 integer
1130 374 1196 440 est,
1226 375 1260 428 et
1280 369 1363 449 qnia
1384 369 1419 430 in

102 449 224 510 ultima
254 448 401 512 eiusdem
431 451 564 531 pagina
596 449 740 528 explicit
772 468 889 530 reapse
919 455 1032 515 oratio
1065 457 1101 516 in
1134 457 1303 518 Vatinium
1338 479 1418 520 cum

101 541 367 613 commentarios
387 540 465 600 bine
486 538 547 615 fit,
569 549 606 601 ut
625 547 704 618 post
720 539 934 616 praedictam
964 546 1054 605 initii
1080 545 1245 608 lacunam
1266 546 1418 626 deinceps

100 629 268 706 integram
292 626 537 710 inlibatamque
561 627 719 690 Vaticani
744 628 931 710 interpretis
953 630 1227 698 lucubrationem
1247 636 1417 718 legamus.

99 717 158 780 Sic
180 724 295 780 autem
315 737 351 781 se
371 717 469 781 babet
490 720 681 801 quaternio.
1428 741 1443 788 5

642 856 720 912 Rome
757 877 785 931 pe
824 864 869 916 22·
908 865 942 916 21
962 893 1000 919 υ
1036 859 1083 916 24·
1120 866 1168 922 23·

823 959 869 1013 28·
907 959 942 1011 27
965 993 997 1013 υ
1038 959 1083 1013 18.
1122 962 1167 1014 17.

822 1048 868 1104 26.
907 1052 942 1106 25
965 1086 997 1106 υ
1037 1053 1083 1106 20.
1123 1052 1169 1106 19.

627 1134 744 1192 Mediol.
756 1156 783 1213 p.
803 1138 869 1199 lito.
889 1143 945 1200 409
966 1176 998 1202 v
1018 1139 1085 1202 416.
1103 1141 1169 1201 415.

374 997 531 1077 mmm

427 1360 1093 1462 COMMENTARIUS.

174 1554 222 1627 ll.
252 1547 286 1627 l.
323 1607 332 1626 .
361 1607 370 1626 .
397 1603 406 1623 .
437 1552 565 1648 Quam
596 1567 639 1624 tu
664 1553 774 1626 bonis
800 1552 899 1626 viris
924 1552 1161 1650 displicuisse
1187 1552 1294 1628 dicis.

184 1672 242 1754 [Q.
268 1671 396 1734 vat.
421 1671 462 1733 P.
486 1668 554 1751 22]
601 1712 610 1732 .
644 1711 654 1731 .
687 1712 696 1732 .
722 1713 731 1731 .
756 1669 993 1751 Comprobavit
1016 1668 1093 1731 nulli
1116 1671 1312 1754 displicuisse
1333 1673 1417 1736 illam

98 1765 334 1839 defensionem,
359 1785 450 1847 quam
475 1762 651 1827 Cornelio¹
673 1765 866 1846 susceperit,
890 1784 986 1849 qiium
1009 1763 1049 1826 sit
1071 1784 1134 1827 non
1154 1764 1198 1829 ite
1221 1767 1318 1829 multo
1341 1777 1417 1848 post

98 1858 259 1922 consulari
280 1858 404 1921 honore
426 1859 575 1921 donatus.

174 1977 210 2055 2.
238 1981 443 2079 Omniaque
470 2005 527 2054 me
554 1980 737 2078 pudenter
762 1982 921 2055 vivendo
945 1983 1202 2078 consecutum,
1229 1980 1460 2129 qnaffitu²ss

97 2095 318 2191 inpudenter
346 2089 603 2168 vaticinanbo³
632 2117 785 2190 sperare
813 2103 849 2166 te
876 2119 987 2193 saepe
1015 2097 1153 2169 dixisti.

183 2210 415 2294 Ineptissimem
445 2210 567 2273 Vatinii
599 2221 630 2273 et
662 2232 761 2292 paene
793 2211 946 2274 furiosam
971 2254 1373 2277 ........

100 2346 723 2369 ............
744 2376 748 2384 ¹
767 2307 963 2368 consulatum
985 2305 1154 2383 iuraverit,
1184 2305 1259 2391 quit
1280 2304 1414 2387 primum

98 2398 159 2462 sibi
189 2420 246 2461 nec
278 2402 408 2462 auderet
441 2409 565 2479 optare.
624 2397 717 2459 Hanc
753 2417 833 2481 ergo
861 2399 1112 2464 vaticinationem
1142 2400 1281 2487 nominat
1301 2414 1415 2482 spem,

99 2491 249 2555 videlieet
270 2491 403 2555 honoris
425 2491 514 2575 quasi
537 2511 596 2573 per
617 2490 800 2554 dementiam
823 2493 969 2577 cogitati.
1427 2497 1459 2545 2⁰

177 2617 245 2691 111.
272 2610 305 2690 l.
329 2615 448 2716 Quum
472 2627 509 2689 et
528 2616 671 2713 patriae
689 2622 962 2715 pepercissem,
991 2615 1123 2721 quam⁵
1143 2617 1416 2692 servaveram⁶.
1454 2673 1458 2680 -

184 2735 297 2797 Multis
319 2735 350 2796 iu
374 2735 451 2798 loeis
476 2747 506 2797 et
527 2735 557 2798 in
580 2731 741 2818 plerisque
764 2735 963 2799 orationibus
983 2758 1062 2818 prae
1087 2757 1121 2799 se
1142 2737 1206 2800 sert
1231 2738 1313 2800 bane
1331 2736 1418 2801 exilii

100 2825 275 2912 gloriosam
297 2828 498 2909 patientiam,
523 2851 615 2914 quani
633 2827 732 2895 videri
751 2831 878 2892 volebat
897 2852 960 2893 non
983 2831 1137 2914 gravate'
1158 2831 1358 2914 suscepisse,
1377 2850 1417 2894 ne

99 2923 212 3005 populi
228 2922 380 2985 dissensio
404 2936 539 3004 propter
561 2945 596 2988 se
619 2934 888 2989 commoveretur.

175 3041 211 3119 2.
240 3047 354 3119 Cuius
381 3047 567 3121 desiderio
594 3048 716 3122 forum
743 3046 903 3121 mutam⁸
930 3047 1011 3122 fuit.
1428 3068 1460 3118 ts

184 3165 275 3227 Haee
295 3174 327 3225 et
349 3163 407 3226 alia
431 3165 534 3246 possis
558 3169 641 3248 apud
663 3168 715 3230 Μ.
734 3166 881 3229 ΤιιΙΙίιιω
909 3166 1000 3249 quasi
1025 3163 1149 3228 nimium
1172 3154 1309 3248 superbi
1336 3164 1417 3228 dieta

99 3259 348 3339 reprehendere.
393 3259 545 3337 Quamvis
568 3272 728 3323 mereatur
751 3261 813 3324 hoe
834 3257 1044 3322 testimonium
1066 3271 1129 3320 tam
1151 3258 1281 3344 insignis
1303 3271 1335 3323 et
1359 3279 1419 3322 uo·

101 3352 172 3415 bilis
196 3352 393 3435 eloquentia,
419 3363 524 3415 tamen
549 3355 646 3417 nrislto
670 3353 787 3416 rectius
805 3353 864 3417 tuis
880 3351 1039 3416 moderari
1054 3350 1129 3413 huic
1151 3353 1190 3415 de
1209 3363 1308 3415 semet
1327 3351 1419 3433 ipso⁹

99 3445 377 3528 praedicatioui¹⁰‚
404 3468 499 3529 quum
516 3447 592 3510 alibi
603 3449 626 3488 ¹¹
649 3447 734 3509 dicat
756 3468 875 3530 „qutun
892 3446 976 3510 osani
991 3445 1023 3508 iu
1037 3468 1074 3508 re
1091 3445 1202 3510 odiosa
1217 3449 1256 3510 sit
1271 3444 1419 3528 superbie

100 3552 132 3601 et
154 3538 319 3613 iaetantia,
344 3552 408 3601 tum
432 3540 548 3624 ingenii
571 3552 663 3624 atque
679 3538 881 3622 eloquentiae
902 3541 1000 3603 multo
1016 3539 1116 3603 videri
1132 3541 1417 3604 molestissimam’'.
1431 3546 1462 3596 ³⁰

116 3641 1418 3666 Ἣ

173 3710 196 3755 l.
216 3712 256 3754 Sic
283 3709 343 3755 Cod.
378 3712 472 3756 Meros:
503 3725 551 3769 pro
578 3707 701 3756 Cornelio.
730 3711 778 3757 Os.
828 3712 852 3760 2.
883 3712 943 3757 (lod.
977 3719 1056 3758 tesam.
1106 3713 1129 3758 3.
1159 3713 1219 3758 Cod.
1246 3711 1418 3772 ratiginando.

239 3779 264 3824 i.
284 3781 407 3824 Deiectum
434 3783 469 3825 sie
489 3782 606 3836 supplerit
625 3783 717 3827 Maias:
738 3778 871 3840 furiosam
889 3783 1079 3826 retieinetionem
1101 3784 1193 3827 deridet
1216 3786 1287 3826 etiem
1310 3783 1419 3826 Cetnilee

240 3853 325 3905 polite,
346 3851 400 3908 quie
413 3864 455 3904 per
467 3852 623 3894 consulatum
642 3851 778 3904 iuraverit,
798 3863 868 3910 quem
882 3848 998 3908 (esoni.)
1013 3853 1126 3908 primum
1142 3857 1188 3896 eet.
1202 3866 1214 3896 e
1234 3852 1321 3896 Catelli
1335 3852 1417 3896 Ceren.

241 3916 282 3965 52.
320 3919 368 3964 Per
389 3922 545 3964 consulatum
563 3920 663 3977 peierat
683 3919 808 3965 Vatinius.
845 3921 952 3985 Sed'qus
976 3922 1033 3964 illud
1052 3921 1140 3965 codicis
1159 3921 1203 3965 boe
1223 3920 1274 3966 lere
1298 3922 1417 3979 requirit:

231 3985 363 4049 furiosam
381 3991 573 4034 vaticinationem
588 3991 681 4035 deridet
692 3991 801 4042 Tullios,
818 3992 879 4047 qnod
900 4004 942 4044 per
960 3993 1056 4034 tertiam
1066 3989 1102 4045 (t)
1117 3991 1274 4034 consulatum
1286 3992 1418 4042 iuraverit,

240 4059 283 4118 qui
300 4061 412 4116 primum
430 4056 600 4116 (consolatum)
616 4058 667 4103 eibi
683 4074 729 4104 reer
746 4057 849 4105 auderet
869 4065 965 4117 optare.
985 4057 1045 4116 0⁸.)
1082 4058 1106 4104 5.
1133 4060 1158 4103 ln
1185 4061 1246 4104 Cod.
1271 4062 1420 4105 desiderator

241 4142 324 4187 quam.
371 4127 394 4173 b.
421 4128 481 4173 Cod.
509 4142 674 4174 eereeoeram.
722 4127 746 4173 l.
766 4128 826 4174 Cod.
844 4136 961 4191 gravate.
1010 4126 1035 4175 8.
1055 4128 1117 4174 Edd.
1136 4136 1258 4174 maestam
1308 4131 1419 4186 Sequitur

239 4211 297 4257 ergo
313 4204 338 4242 nt
350 4199 467 4253 interpres
481 4199 613 4244 subdiderit
625 4204 721 4243 moestu
738 4197 820 4261 curia.
859 4198 883 4244 9.
895 4199 955 4247 Cod.
970 4199 1033 4258 iper.
1072 4194 1112 4244 lb.
1124 4197 1185 4244 Cod.
1192 4197 1417 4255 praedicationem.

241 4268 282 4312 li.
303 4269 363 4312 Cod.
383 4269 430 4312 atie·
449 4267 500 4312 ubi.

175 4393 219 4448 13.
239 4386 394 4442 seditiosus
414 4388 521 4442 scilieet
543 4387 671 4442 tribunus
697 4388 840 4443 Cornelius
866 4386 970 4454 lueres,
1003 4403 1073 4442 reete
1100 4391 1161 4460 ipso
1186 4391 1320 4442 Cicerone
1346 4384 1420 4461 epod

99 4463 277 4518 lactentium
299 4465 369 4518 inst.
392 4465 439 4517 Vl.
463 4471 490 4520 2.
512 4479 540 4518 et
559 4466 729 4538 Hieronymo
748 4462 807 4518 eds.
831 4465 888 4519 loh.
909 4468 977 4518 liier.
998 4481 1058 4536 rep.
1078 4464 1144 4518 xit.

176 4541 220 4595 tl.
244 4543 313 4612 Apte
333 4540 456 4611 loquitur
482 4545 632 4613 inserpere
662 4557 727 4616 nani
753 4539 888 4594 dissensio
914 4556 955 4594 eet
980 4539 1098 4606 seditio,
1128 4553 1197 4593 seue
1224 4538 1360 4591 Cicerone
1386 4534 1419 4591 de

103 4614 384 4746 deneg-[samm
404 4689 506 4763 legitur
525 4692 618 4747 Divtn.
638 4696 667 4746 tn
688 4692 763 4744 Vere.
784 4705 844 4764 esp.
871 4691 938 4752 x1.;
958 4688 1006 4744 sed
1030 4704 1062 4743 ea
1088 4686 1123 4740 eb
1148 4691 1298 4767 interprete
1324 4703 1420 4741 nosuo

99 4765 181 4840 paulo
200 4765 314 4820 liberine
335 4770 476 4821 recitetur.
835 4790 838 4794 ·
