3210 5280
1253 141 1262 172 l

356 215 406 279 tu
428 214 536 280 Aer.
559 215 607 280 11.
632 213 680 278 tu
703 211 745 276 c.
768 210 969 295 vacuam
993 210 1082 274 mu.
1104 210 1133 277 1.
1337 211 1397 274 us

92 355 265 432 tharistae,
299 355 461 438 utriusque
483 377 591 418 manias
611 353 788 435 iunguntur
816 350 934 416 officio.
985 351 1107 414 Dextra
1131 352 1254 433 plectro
1279 349 1396 427 utitur,

93 463 126 511 et
151 453 214 511 hoc
240 460 287 513 est
301 451 396 528 soris
418 468 557 528 cauere,
586 447 729 510 sinistrae
751 442 854 528 digitis
875 445 1009 506 chordas
1032 455 1180 525 carpunt,
1212 456 1242 506 ct
1267 446 1330 508 hoc
1352 457 1400 507 cst
1464 511 1467 516 Δ

93 544 184 603 iulus
206 561 338 604 cauere.
380 533 516 602 Difficile
542 554 660 611 auteur,
685 539 772 620 quod
793 537 973 615 Aspendius
1001 535 1161 599 citharista
1187 537 1342 612 faciebat,
1366 549 1399 598 ut

92 654 155 694 nnn
179 644 321 694 uteretur
341 643 432 694 cantu
463 644 594 717 utraque
620 653 729 707 mauu,
753 632 809 692 sed
830 629 950 701 canitia,
974 628 1005 691 id
1030 631 1298 705 est,*rmiversam
1322 652 1397 692 cau·

93 725 210 787 tionem
243 725 325 788 iuius
353 740 385 788 et
410 726 536 789 sinistra
568 738 684 788 tantum
708 746 801 786 tnanu
825 725 1101 802 corripiecterctur.
1158 727 1246 789 Unde
1268 743 1424 799 omnes,⁵

94 802 255 901 quotquot
277 821 361 881 iures
376 832 483 895 eraut,
507 841 524 882 a
549 821 680 883 Graecis
697 816 850 900 Aspendii
867 816 1045 878 citharistae
1067 818 1097 879 in
1121 818 1294 898 proverbio
1316 809 1400 880 dice-

93 913 229 986 hautur,
265 915 367 995 quod,
398 925 431 974 ut
452 915 504 976 ille
530 913 692 988 carminis,
723 912 766 974 ita
800 908 855 980 isti
875 911 1031 971 i‘urtorum
1055 914 1270 973 'occultatores
1297 922 1399 974 erant.

94 1003 189 1065 Valet
213 1007 274 1067 hoc
300 1009 504 1086 proverbium
533 1019 564 1070 et
590 1007 622 1069 in
647 1029 720 1082 eos,
745 1005 798 1090 qui
820 1003 946 1065 multum
963 1002 1115 1066 intestinis
1138 1005 1202 1066 suis
1228 1006 1400 1068 cotnrirodis

93 1097 263 1159 considunt
285 1111 411 1179 praeter
432 1101 640 1162 honestatem.

176 1190 332 1266 Artificio
352 1193 539 1273 superasse]
583 1194 628 1256 Ut
652 1190 781 1254 interius
803 1187 923 1272 positus
946 1201 1049 1265 esset,
1082 1189 1135 1274 qui
1165 1190 1247 1253 intus
1274 1193 1443 1253 mutarem

96 1295 321 1346 consueuerat.

181 1379 226 1454 (§.
251 1376 319 1452 ill.)
350 1378 478 1460 Pergae
501 1377 633 1458 sanum
662 1373 852 1461 antiquum]
908 1376 1055 1456 Apparet
1087 1374 1236 1456 oppidum
1276 1376 1402 1458 Pergen

98 1470 225 1542 vocari;
253 1468 338 1530 cuim
356 1469 563 1531 nominativus
579 1491 668 1532 castis
684 1471 785 1550 Perge
807 1481 872 1540 est;
896 1490 973 1551 crgo
990 1468 1170 1530 adverbium
1186 1466 1247 1531 loci
1261 1473 1400 1550 Pergae.

98 1562 246 1626 Faunus.
268 1559 537 1641 religiosissimum
562 1563 727 1642 templum,
750 1561 829 1622 unde
850 1559 914 1622 iata
937 1571 1097 1642 petuntur.
1438 1570 1442 1576 '

182 1654 227 1729 (§.
251 1655 319 1729 55.)
343 1653 433 1731 Ouid
451 1653 492 1727 dc
513 1653 548 1715 L.
568 1650 740 1735 Scipione]
785 1652 835 1714 De
866 1674 930 1735 quo
961 1674 1029 1715 cum
1055 1666 1180 1715 senatus
1205 1655 1444 1738 ambigeret,i⁵

98 1755 201 1805 rtatim
225 1746 355 1808 idoneus
378 1755 478 1817 esset,
510 1743 565 1826 qui
592 1743 624 1804 in
650 1742 758 1805 Asiam
784 1755 893 1806 contra
918 1745 1111 1808 Antiochum
1134 1741 1325 1822 mitteretur,
1360 1748 1402 1811 P.

100 1836 210 1917 Scipio
234 1839 423 1912 Africanus,
447 1837 547 1898 irater
576 1835 658 1910 eius,
683 1835 818 1918 legatum
840 1857 874 1899 se
897 1835 927 1899 ei
952 1838 1067 1900 obtulit
1089 1843 1127 1902 ad
1155 1838 1186 1901 id
1209 1841 1322 1903 beilum
1347 1861 1403 1924 ge·

98 1933 228 1992 rendum
252 1942 285 1994 et
307 1931 469 1994 victoriam
491 1928 680 2010 reportavit.

184 2024 277 2100 Ouid
302 2024 341 2088 de
369 2024 402 2086 l..
425 2020 608 2102 Mummio]
668 2022 864 2102 Legatormu
899 2021 1009 2102 populi
1045 2023 1181 2087 Romani
1213 2024 1403 2088 violatorum

99 2136 190 2176 causa
223 2115 336 2176 bellum
371 2115 521 2175 adversus
551 2112 757 2187 Corinthum,
793 2117 947 2178 Graecam
982 2119 1107 2189 urbem,
1142 2117 1240 2199 gessit
1268 2118 1447 2199 populustt

102 2209 262 2271 Rotnanus
284 2228 414 2289 eamque
437 2207 552 2269 delevit
569 2209 646 2268 dirce
667 2206 835 2268 Miuumio.
881 2206 950 2270 Cur
965 2220 1066 2270 atatem
1082 2211 1280 2272 Graecorum
1296 2209 1405 2271 trium·

100 2301 234 2379 phot-mu
257 2300 346 2381 ponit
369 2298 537 2379 exempla?
565 2298 645 2379 Quia
669 2303 707 2361 de
732 2298 830 2381 siguis
855 2299 1015 2383 loquitor,
1047 2322 1182 2384 quorum
1205 2303 1298 2384 copia
1321 2308 1403 2385 apud
1415 2315 1462 2374 [⁶¹1

102 2394 245 2456 Graecos
267 2405 313 2455 est
335 2392 518 2457 constituta.

111 2511 114 2514 ⁴
184 2495 229 2563 (ς.
254 2488 322 2563 56.)
345 2490 461 2551 Omnes
480 2495 576 2550 eraut
595 2480 773 2562 eiusmodi]
818 2483 902 2548 Boni
922 2484 1054 2549 scilicet.

185 2581 218 2642 P.
239 2577 414 2656 Servilius]
465 2577 555 2638 Bona
586 2575 711 2639 occasio
739 2578 941 2656 promerendi
967 2579 1076 2642 iudicis
1101 2603 1171 2643 crim
1195 2582 1448 2653 obtestationem

103 2672 282 2733 coniuncta.
337 2669 399 2730 Hic
433 2667 513 2730 enim
543 2668 658 2730 hellam
688 2666 720 2730 in
752 2667 861 2732 Cilicia
885 2672 980 2754 gessit
1008 2675 1109 2755 deque
1138 2695 1175 2736 ea
1205 2675 1406 2756 triumphavit

103 2773 193 2844 capta
221 2761 370 2840 Coryco,
395 2761 553 2842 Olympo,
578 2760 765 2836 Phaselide,
788 2763 888 2825 tribus
904 2765 1024 2846 magnis
1047 2764 1113 2828 eius
1135 2778 1238 2829 terrac
1263 2769 1405 2833 urbibus.

195 2969 219 3019 1.
241 2965 393 3030 utrimque]
414 2968 544 3030 tritaeque
564 2960 624 3013 Ber.
644 2957 713 3014 Lod.
786 2964 813 3014 2.
832 2961 890 3029 esi]
921 2976 976 3012 om.
998 2961 1090 3015 Ptine.
1109 2961 1217 3016 Bersld.

112 3088 116 3095 ,
191 3041 218 3091 2.
238 3040 370 3087 sireistrae
396 3035 455 3102 dig.
479 3054 503 3086 e.
530 3036 663 3104 carpunt]
721 3032 768 3087 stc
811 3038 920 3107 scripsi.
951 3062 988 3077 -
1012 3041 1131 3089 sinistra
1155 3037 1214 3107 dig.
1240 3055 1264 3093 c.
1290 3045 1408 3107 carpunt

103 3114 195 3168 Ptine.
217 3109 276 3163 aid.
296 3139 332 3152 -
350 3115 467 3160 sinistra
486 3108 550 3177 dig.
567 3128 591 3162 e.
611 3113 703 3170 carpit
721 3111 817 3163 ceteri.

194 3186 220 3241 lt.
241 3187 370 3255 aetraque]
391 3202 512 3252 claraque
533 3187 624 3240 Ptine.

175 3259 438 3330 lbid.1miuersam]
469 3257 556 3331 Lugd.
576 3261 641 3312 Hot.
660 3258 737 3311 Man.
757 3259 840 3315 Creo.
866 3289 904 3302 -
930 3277 1025 3312 ueram
1045 3260 1135 3313 Princ.
1155 3259 1262 3315 Bsrsld.
1283 3258 1344 3314 Alth
1371 3290 1410 3305 -

102 3343 192 3388 iciam
212 3333 277 3390 Lod.
783 3337 811 3393 6.
822 3335 924 3406 sures]
940 3335 1029 3404 fores
1047 3335 1138 3389 Ptine.

196 3414 222 3467 7.
241 3408 336 3460 atille
355 3409 498 3475 carminis]
532 3405 617 3479 Lngd.
637 3407 702 3462 Hot.
721 3409 797 3464 hen.
816 3411 897 3465 cren.
925 3437 963 3452 -
990 3419 1023 3462 ut
1041 3413 1166 3463 criminis
1183 3411 1278 3466 Ptine.
1299 3409 1409 3467 cerati.

104 3482 164 3539 ΔΜ.
182 3511 220 3527 ·-
238 3492 271 3535 ut
289 3480 318 3533 lsl
336 3487 468 3533 carusiuis
487 3479 554 3535 Lod.

179 3566 223 3616 10.
242 3563 289 3630 qui
306 3557 397 3625 iuius]
428 3562 539 3626 quintus
558 3557 649 3610 Ptine.

177 3639 222 3688 12.
243 3631 365 3702 Pergae]
392 3631 459 3691 Lod,
478 3647 504 3682 et
523 3647 598 3702 seqq.
619 3659 651 3672 -
672 3630 762 3701 Perge
782 3633 874 3686 Petne.
895 3631 1001 3687 Bersld.
1022 3629 1084 3687 ΔΜ.

179 3705 251 3761 tbtd.
270 3709 424 3777 antiquum]
456 3707 546 3760 Ptine.
571 3703 681 3759 Beseld.
707 3730 744 3745 -
771 3712 991 3776 antiquissimum
1017 3706 1079 3763 ald.
1105 3721 1132 3761 et
1151 3725 1227 3781 seqq.
1248 3723 1312 3761 cum
1331 3705 1411 3762 editt.

106 3780 257 3835 Ciceronis.

179 3855 250 3911 tbtd.
270 3856 392 3924 Pergeu]
409 3855 501 3908 Princ.
525 3852 588 3909 sid.
608 3882 646 3897 -
668 3852 781 3925 Pergam
806 3854 915 3910 Bersld.
937 3854 1005 3911 Lod.
1029 3883 1064 3898 —
1088 3855 1209 3924 Pergam
1234 3854 1320 3929 Lugd.
1346 3857 1411 3910 ssot.

106 3928 184 3984 Man.
205 3932 284 3984 Creo.
771 3933 816 3988 13.
835 3930 936 3999 Perge]
958 3932 1003 3984 Sic
1016 3935 1124 4002 scripsi.
1144 3929 1295 4003 Legebsmr
1307 3931 1411 4001 Perga.

178 4005 250 4060 lbid.
271 4003 391 4073 Pergae]
419 4000 484 4057 Lod.
504 4017 531 4055 et
550 4019 625 4074 seqq.
645 4030 679 4046 -
697 4020 784 4073 perge
804 4008 895 4059 Prior.
914 4004 1022 4059 Beseld.
1042 4004 1104 4060 did.

179 4084 223 4139 ils.
244 4081 364 4147 Fanum,
385 4079 480 4146 religa]
516 4077 620 4130 Famem
638 4083 853 4148 sanctissimum]
880 4079 971 4148 Iielig.
990 4078 1057 4132 Lod.
1078 4096 1142 4133 cum
1161 4076 1239 4135 editt.
1258 4080 1412 4136 Ciceronis.

178 4159 223 4213 19.
242 4156 392 4222 Mummio]
414 4151 480 4205 Lod.
500 4169 527 4205 et
547 4168 622 4223 seqq.
641 4180 677 4195 -
696 4153 830 4206 Memmio
849 4159 963 4228 priores.
998 4154 1045 4208 Sic
1064 4159 1170 4210 stetim.

177 4234 223 4288 2⁹1·
242 4229 388 4300 eiiumodi]
407 4227 560 4279 hediumodi
579 4232 658 4280 enin.
677 4227 833 4282 Ciceronis.

177 4309 223 4362 25.
242 4309 351 4356 occasio
366 4301 559 4372 promerendi]
587 4300 655 4355 Lod.
676 4317 703 4356 et
723 4318 798 4374 seqq.
818 4331 855 4346 -
873 4307 1016 4356 occasione
1030 4301 1179 4374 promendi
1196 4302 1289 4356 Priuc.
1303 4301 1410 4358 Bersld.

104 4408 137 4424 -
157 4384 301 4432 occasione
317 4378 480 4448 praemendi
502 4375 563 4430 Ati.

177 4457 221 4511 26.
243 4453 355 4524 Cilicia]
375 4451 434 4506 ΔΜ.
454 4449 522 4504 Lod.
542 4448 626 4523 Lugd.
644 4451 709 4504 Hot.
728 4450 808 4506 Man.
828 4467 893 4505 com
912 4452 1024 4507 Graevii
1044 4450 1105 4507 MS·
1125 4479 1162 4496 ··
1179 4451 1300 4504 siciliam
1319 4452 1413 4507 Ptine.

105 4555 139 4571 -
159 4529 256 4581 Sicilia
276 4528 382 4582 Bersid.
400 4527 481 4580 Creo.

180 4608 223 4657 27.
244 4605 339 4672 capla]
361 4605 453 4656 Princ.
473 4597 582 4653 Bersid.
600 4598 663 4653 Ali.
682 4604 828 4672 -capiis
849 4598 915 4654 Lod.
936 4615 962 4654 et
983 4617 1058 4672 seqq.

180 4676 251 4730 ibid.
270 4677 405 4748 Olympo,
436 4674 590 4742 Phaselide]
630 4672 698 4728 Lod.
730 4704 761 4716 -
794 4676 895 4743 olimpo
911 4674 1036 4746 sarilide
1063 4674 1096 4725 ds
1120 4676 1211 4729 Prioc.
1224 4682 1267 4721 ⁸-
1286 4676 1413 4748 olympo,

69 4769 74 4785 ⁴
107 4751 224 4806 Fasilids
242 4750 275 4803 de
294 4751 402 4807 Bersld.
424 4777 460 4794 -
485 4749 626 4826 Olyntho,
654 4749 796 4821 rastede,
825 4751 859 4806 tle
879 4749 939 4808 did.
962 4780 991 4794 -
1014 4750 1150 4824 Olympo,
1179 4750 1309 4822 Fasyiide
1329 4752 1416 4824 Lugd.
