3210 5280
155 231 196 292 30
485 228 707 297 asconius
732 230 780 295 IN
801 229 1118 296 SCAURIANAM.

238 368 412 434 Sententias
428 370 565 433 tulerunt
579 381 738 434 senatores
754 373 815 434 duo
831 381 861 432 et
875 371 974 443 XX„
999 370 1119 453 equites
1141 381 1205 431 tres
1228 378 1259 433 et
1273 370 1373 442 XX..
1397 369 1454 430 tri·-

155 462 228 525 buni
250 462 361 526 aerarii
376 465 512 526 XXV.:
535 484 574 525 ex
590 463 937 547 quibus-damnaverunt
951 474 1112 553 senatores
1129 462 1210 538 1V.‚
1234 464 1353 545 equites
1379 464 1451 537 ll..

155 557 272 618 tribuni
293 558 341 621 ll.

240 647 321 713 Cato
354 661 515 730 praeterea
547 671 616 710 cum
645 648 740 711 vellet
761 649 800 710 de
822 648 1056 712 accusatoribus
1077 649 1107 711 in
1130 649 1288 711 eonsilium
1312 647 1451 722 mittere,

132 743 305 827 smultique
328 764 345 806 e
367 745 487 824 populo
511 739 617 832 manns
645 742 674 804 iu
704 752 900 803 accusatores
928 741 1143 803 intenderent:
1177 744 1271 804 cessit
1292 742 1454 822 imperitae

51 893 56 901 .
157 835 361 910 multitudini,
387 858 423 898 ac
439 848 568 917 postero
583 835 632 896 die
653 833 684 895 iu
706 834 866 896 consilium
890 837 927 895 de
949 835 1098 896 calumnia
1122 847 1336 897 accusatorum
1359 835 1453 896 misit.

157 926 198 992 C.
215 929 358 991 Triarius
372 931 486 991 nullam
509 950 638 1014 gravem
660 929 842 991 sententiam
864 927 983 989 babuit.
1027 928 1264 1008 Subscriptorcs
1288 927 1374 1001 eius,
1400 927 1453 989 M.

157 1025 251 1103 etQ.
275 1022 406 1087 Pacuvii
428 1022 559 1097 fratres,
583 1025 675 1084 denas
698 1034 729 1084 et
752 1024 793 1084 L.
817 1021 940 1083 Marius
962 1031 1025 1081 tres
1050 1042 1162 1103 graves
1185 1021 1373 1082 habuerunt.

243 1115 325 1180 Cato
342 1128 471 1195 praetor
493 1116 654 1192 iudicium,
675 1116 746 1198 quia
769 1126 884 1176 aestate
907 1115 1074 1197 agebatur,
1100 1113 1165 1175 sine
1188 1115 1290 1175 tunica
1314 1112 1455 1176 exercuit

117 1208 323 1289 tocampestri
344 1210 402 1270 sub
426 1220 499 1291 toga
530 1209 662 1269 cinctus.
716 1207 754 1280 Its
783 1208 886 1270 lorum
910 1229 1036 1289 quoque
1057 1208 1102 1270 sic
1123 1210 1324 1270 descenderat
1347 1208 1454 1288 iusque

160 1302 300 1375 dicebat,
336 1300 429 1383 idque
451 1311 637 1380 reppererat
658 1320 698 1360 ex
720 1310 826 1362 vetere
848 1301 1088 1376 cousuetudine,
1121 1303 1286 1363 secundum
1310 1322 1401 1382 quam
1425 1310 1455 1361 et

161 1394 355 1459 Romuli-ac
383 1393 467 1456 Tatii
497 1403 614 1453 statuae
643 1390 674 1452 in
705 1389 867 1474 Capitolio
896 1405 928 1456 et
956 1393 987 1457 iu
1018 1395 1144 1459 Rostris
1168 1392 1292 1458 Camilli
1328 1395 1456 1455 luerunt

158 1498 285 1571 togatae
307 1486 374 1549 sine
395 1484 519 1548 tunicis.

159 1616 236 1670 nullo
256 1635 312 1670 non
331 1631 453 1688 tempore
472 1622 644 1687 reperiuntur
663 1636 696 1669 ex
715 1616 852 1682 Octaviis,
884 1618 996 1689 Popiliis
1023 1636 1049 1672 et
1069 1619 1203 1691 Vipsaniis
1224 1623 1274 1670 viri
1295 1587 1478 1689 cognomine

160 1691 303 1748 Laenates.
349 1693 402 1743 Hic
429 1692 470 1744 Μ.
496 1694 596 1743 Laenas
623 1711 654 1744 en
674 1690 819 1764 adoptione
840 1692 934 1746 babuit
954 1709 1108 1766 cognomen
1128 1692 1290 1757 secundom,
1324 1710 1395 1755 non,
1429 1706 1458 1742 ut

159 1766 238 1839 vulgo
257 1766 420 1838 loquuntur,
440 1767 601 1838 agnotnen.”
631 1767 751 1820 uetuit.

252 1886 277 1934 1.
296 1877 456 1930 Sententiae
473 1879 596 1946 tulerunt
613 1886 756 1929 senatores
773 1876 827 1930 dato
846 1886 875 1930 et
894 1877 966 1950 XX]
1005 1879 1170 1948 „Nunquam
1190 1876 1369 1941 crediderim,
1397 1893 1459 1928 rum

161 1967 215 2005 tres
235 1951 343 2004 ordines
363 1953 531 2021 iudicarent,
551 1957 695 2005 minimum
715 1951 836 2005 iudicum
856 1970 1010 2006 senatorum
1030 1970 1174 2006 numerum
1190 1951 1287 2017 luisse,
1309 1957 1458 2004 maximum

161 2027 333 2079 tribunorum
354 2033 530 2080 aerariorum.
577 2029 670 2098 ltaque
697 2044 764 2098 puto
789 2028 931 2099 legendum
955 2037 1097 2080 senatores
1119 2027 1167 2080 IV
1187 2036 1215 2078 et
1244 2026 1312 2078 ΧΧ.
1331 2043 1358 2081 et
1379 2028 1459 2099 paulo

160 2118 223 2174 post
242 2102 346 2152 triburas·
364 2109 470 2153 aerarii
488 2102 585 2155 XXII.
610 2107 639 2154 in
663 2120 718 2172 quo
744 2106 857 2154 minima
884 2107 999 2155 mutatio
1025 2103 1070 2167 lit,
1099 2108 1121 2155 sl
1148 2108 1208 2172 quis
1233 2106 1356 2171 antiquas
1382 2117 1460 2153 notas

162 2174 326 2228 considerat.
347 2179 386 2228 ita
405 2193 560 2230 senatorum
581 2182 713 2229 maximus
732 2195 875 2241 numeros,
897 2176 1067 2230 tribunorum
1087 2182 1233 2242 minimus,
1252 2181 1374 2246 equitum
1389 2181 1460 2228 inter

161 2266 305 2321 utrumque
326 2251 429 2303 medius
449 2257 510 2304 erit.
531 2251 591 2303 Vid.
613 2257 658 2308 95.
680 2255 720 2323 [p.
737 2255 798 2310 158.
812 2268 884 2322 seqq.
899 2253 999 2320 Hot.]”
1019 2253 1159 2306 MANUT.
1182 2259 1210 2303 in
1231 2250 1278 2305 Ed.
1292 2267 1375 2322 postr.
1390 2251 1460 2303 Audi

162 2341 257 2377 contra
278 2327 448 2379 Scholiasten
469 2326 678 2380 Ambrosianum
700 2325 733 2376 ad
753 2326 830 2379 Orat.
851 2332 878 2378 in
899 2327 929 2380 P.
951 2327 1027 2381 clod.
1049 2327 1109 2378 Vll.
1128 2333 1170 2381 ’.λε
1210 2327 1282 2395 „llic
1303 2324 1343 2398 (t.
1367 2327 1461 2389 Cotta)

162 2404 215 2453 tuit
234 2415 330 2453 auctor
349 2401 509 2453 iudiciariae
529 2401 595 2474 legis
615 2400 754 2464 Aureliae,
775 2417 826 2472 qoa
847 2400 1015 2455 senatoribus
1029 2401 1156 2472 abrogata
1169 2417 1210 2453 est
1223 2416 1327 2453 rotoma
1340 2415 1461 2470 potestas

162 2473 301 2527 iudicandi
321 2491 347 2527 et
368 2480 570 2528 communicata
591 2493 651 2526 curn
672 2475 808 2546 equitibus
829 2478 954 2528 Romanis
979 2491 1006 2529 et
1034 2477 1148 2531 tribunis
1169 2479 1294 2539 aerariis,
1325 2479 1363 2526 ita
1384 2490 1414 2527 ut
1434 2479 1463 2526 in

162 2549 271 2603 iudiciis
292 2566 363 2602 esset
382 2557 473 2602 minor
491 2568 616 2602 numeros
636 2551 818 2602 senatorum.”
856 2551 934 2603 Unde
954 2552 1006 2602 boc
1025 2550 1121 2603 saltem
1140 2565 1267 2623 apparet,
1289 2565 1342 2600 non
1363 2567 1463 2601 neces-

164 2631 235 2678 sario
255 2630 387 2676 maiorem
407 2640 561 2679 senatorum
581 2642 725 2676 numerum
750 2623 842 2678 luisse.
893 2660 897 2665 -

257 2703 283 2757 tr.
300 2702 465 2769 praeterea]
486 2701 682 2768 „decentiores
697 2699 800 2769 aliquot
815 2702 926 2751 Asconii
939 2697 1072 2751 editiones
1092 2696 1187 2770 [Lugd.
1200 2699 1265 2750 Hor.
1278 2698 1354 2751 Man.
1368 2697 1463 2764 Crem]

164 2772 264 2827 babent
281 2783 397 2841 praetor
416 2789 553 2846 corrupte.
593 2773 645 2826 Sed
665 2783 815 2844 praeterea
841 2778 967 2845 antiquae
995 2771 1215 2827 editionescum
1240 2770 1319 2826 codd.
1340 2771 1465 2826 Ambro-

169 2848 279 2901 siaois.'¹
314 2849 394 2903 MAI.

240 2932 283 2979 10.
301 2926 460 2993 campestri]
491 2923 620 2992 capistro
634 2922 725 2974 Prius.
739 2937 764 2974 et
779 2919 886 2974 berald.
916 2923 1079 2976 Posterioris
1093 2926 1182 2974 tdmen
1200 2919 1266 2976 edit.
1280 2925 1396 2992 margini
1411 2917 1464 2972 ad-

163 3003 298 3072 scriptum
319 3015 358 3049 est
378 2999 425 3049 vel
441 3002 603 3067 campestri,
624 2996 694 3048 unde
713 3013 775 3048 vera
793 2995 877 3049 lectio
891 3001 918 3047 in
933 3012 1074 3068 sequentes
1089 2997 1223 3049 editiones
1238 3000 1344 3048 nansiit
1360 3012 1464 3049 omnes.

240 3077 283 3128 11.
304 3075 476 3143 reppererat]
516 3072 647 3139 „Malunt
666 3077 818 3142 repetierat
835 3074 867 3123 Δ.
891 3072 1025 3124 Patricius
1046 3072 1079 3122 ad
1099 3070 1171 3124 edita
1187 3072 1290 3141 fragm.
1305 3069 1353 3124 Or.
1368 3073 1463 3126 Scaur.

164 3151 226 3201 init.
246 3163 273 3199 et
293 3150 405 3219 Pighius
426 3146 522 3217 Annal.
542 3147 576 3199 T.
598 3147 647 3200 lll.
667 3164 693 3217 p.
713 3150 776 3204 395.
817 3150 871 3196 Cur
896 3149 980 3198 vero?
1009 3148 1152 3198 Nouatum
1172 3147 1243 3198 hunc
1263 3150 1389 3195 uestitum
1410 3145 1466 3203 Ca-

165 3227 237 3276 tonis
259 3227 296 3274 ait
317 3222 493 3286 Plutarchus,
522 3237 548 3273 et
568 3237 623 3272 non
643 3235 743 3272 temere
765 3224 897 3273 Asconius
924 3221 991 3273 dicit
1012 3230 1165 3292 repertum,
1195 3238 1243 3291 pro
1264 3224 1465 3290 excogitatum,

165 3294 237 3369 quod
257 3301 429 3371 aptissimum
450 3313 490 3349 est
510 3300 538 3348 in
558 3294 632 3347 cultu
651 3311 730 3364 arque
751 3299 865 3359 vertitu,
884 3299 907 3345 si
928 3293 974 3346 diu
994 3294 1115 3348 obsoleta
1135 3312 1189 3347 non
1210 3299 1267 3346 sine
1287 3294 1376 3362 aliqua
1395 3294 1469 3345 alie-

167 3375 287 3425 otatione
308 3377 389 3444 prisci
411 3376 495 3422 moris
516 3385 675 3422 revocantur
689 3376 716 3421 in
731 3387 819 3422 usum.
857 3367 909 3420 Sed
924 3370 969 3421 bic
982 3377 1087 3442 gravius
1102 3370 1165 3440 quid
1178 3369 1262 3433 latet,
1283 3367 1354 3438 qood
1368 3367 1467 3421 vellem

165 3445 305 3501 vidissent.
343 3447 411 3499 Nam
433 3447 498 3497 haec
518 3459 620 3517 septem
641 3444 719 3496 verba
739 3461 808 3515 quoe
828 3443 1008 3509 antecedunt,
1048 3445 1080 3497 In
1098 3444 1200 3514 siarum
1219 3461 1322 3514 quoqne
1340 3448 1381 3494 sic
1400 3444 1467 3495 des-

165 3522 315 3585 cenderat,
335 3525 427 3590 iusque
446 3520 570 3578 dicebat.
590 3536 619 3571 ea
634 3525 693 3589 quis
710 3517 894 3590 potestisne,
912 3535 1055 3590 postquam
1070 3525 1134 3572 satis
1148 3522 1179 3570 ad
1193 3536 1249 3571 reru
1264 3517 1345 3569 modo
1361 3517 1467 3570 dictum

166 3613 242 3659 erat.
272 3599 405 3648 Catonem
424 3595 552 3646 iudicium
571 3599 629 3646 sine
650 3599 740 3646 tunica
761 3594 935 3645 exercuisse?
976 3595 1073 3657 Certe,
1104 3598 1125 3644 si
1148 3607 1276 3663 usquam,
1309 3593 1354 3643 hie
1374 3594 1467 3646 haeret

167 3670 309 3742 glossema.
349 3673 456 3741 ltetiqui
477 3675 586 3722 iuterim
607 3667 673 3721 illud
693 3673 755 3738 qaia
779 3676 889 3720 aestate
914 3668 1065 3735 agebatur,
1094 3671 1165 3740 quod
1194 3683 1285 3720 tamen
1312 3673 1401 3739 ipsum
1427 3682 1468 3721 est

166 3747 276 3817 dignius
301 3760 449 3817 negatore,
477 3760 557 3814 mam
584 3748 714 3798 Asconio.
741 3744 863 3796 uoluit.
903 3744 992 3814 Magis
1014 3743 1095 3809 illud,
1126 3758 1206 3812 quarn
1227 3743 1293 3794 baec
1312 3746 1418 3807 otiosa,
1439 3757 1468 3795 ut

166 3826 223 3873 risa
243 3837 302 3886 est,
319 3825 464 3892 repetitio,
494 3835 649 3891 suspectum
669 3834 721 3872 est.
758 3819 866 3871 Etenim
887 3833 1006 3871 extrema
1026 3824 1079 3871 iarn
1101 3833 1201 3870 aestate
1221 3817 1397 3869 exercebatur
1415 3817 1471 3870 hoc

168 3895 318 3960 iodicium,
348 3899 425 3947 cuius
452 3911 586 3947 summum
613 3893 682 3945 diem
702 3891 784 3946 fuisse
804 3911 830 3945 a.
850 3891 877 3945 d.
897 3894 952 3947 W.
971 3895 1070 3945 Nonas
1088 3892 1258 3963 Septembres
1277 3896 1410 3946 Asconius
1431 3908 1471 3945 te·

168 3987 254 4024 status
273 3985 314 4023 est
335 3975 362 4022 ln
382 3973 520 4042 principio
540 3973 739 4020 commentarii.
776 3968 936 4038 Tautologia
951 3982 1041 4020 autem
1056 3968 1101 4019 illa
1115 3966 1296 4020 removebitur
1309 3965 1470 4037 explicando

169 4046 302 4098 Catonem
325 4049 477 4098 Praetorem
497 4060 553 4096 non
573 4042 654 4095 modo
674 4048 733 4095 sine
753 4047 842 4096 tunica
871 4042 938 4094 illud
964 4043 1095 4095 iodicium
1122 4047 1290 4098 exercuisse.
1319 4056 1382 4093 cous
1408 4057 1470 4093 eam

168 4125 197 4172 ni
209 4119 322 4174 basilica
331 4121 508 4192 deposuisset,
518 4123 673 4189 priusquam
684 4134 787 4171 sessum
799 4123 859 4182 iret,
870 4116 916 4168 sed
926 4117 1008 4170 domo
1020 4123 1073 4170 iam
1087 4122 1113 4169 in
1123 4116 1210 4168 lorum
1222 4121 1262 4167 sic
1271 4115 1471 4169 descendisse.”

169 4197 285 4250 uultu.
325 4198 474 4247 Aesonium
493 4193 611 4247 defendit
631 4197 715 4245 etiarn
734 4191 890 4262 Madvigius
910 4212 937 4265 p.
956 4195 1002 4249 69.
1038 4197 1094 4258 (An
1114 4190 1313 4242 descendebat?
1332 4190 1398 4256 On.)

245 4276 289 4326 12.
308 4288 342 4320 uc
361 4269 453 4340 Tatii]
476 4269 542 4321 Mai.
557 4272 667 4322 Beieros
681 4297 717 4310 -
730 4273 833 4323 utatis
852 4272 944 4320 ceteri.
970 4269 1058 4335 „Voo
1072 4272 1175 4317 aetatis
1188 4269 1293 4317 correxi
1307 4281 1369 4316 cum
1384 4265 1472 4332 Malo,

170 4347 217 4414 qui
237 4344 316 4397 codd.
337 4344 531 4398 Ambrosianus
551 4349 626 4415 sequi
647 4341 770 4404 videtur,
790 4359 900 4395 auctore
913 4341 1052 4394 Gronovio
1072 4346 1101 4392 in
1115 4339 1228 4413 praefat.
1241 4338 1282 4391 ed.
1303 4340 1363 4391 Cic.
1383 4337 1471 4392 forma

170 4422 216 4472 lv,
237 4423 265 4471 in
284 4417 344 4471 iolii
365 4421 392 4475 8.
411 4433 486 4491 parte
507 4423 626 4490 postica:
659 4418 745 4486 „Est.
765 4423 811 4490 qni
832 4417 950 4469 offensus
970 4433 999 4467 ea
1020 4420 1172 4488 scriptura,
1192 4419 1274 4468 etiarn
1296 4430 1396 4484 negans
1416 4414 1474 4466 vol·

172 4509 261 4565 gutum
288 4498 408 4566 recipere
434 4492 519 4545 ullum
549 4509 674 4557 sensum,
705 4492 770 4559 legit
799 4493 904 4543 Ilomrrlt‘
928 4507 1070 4544 aeratae
1099 4499 1220 4544 statuae.
1268 4494 1349 4559 Atqui
1370 4495 1393 4542 si
1416 4495 1473 4561 ipsa

171 4569 312 4621 literarum
330 4569 463 4622 elementa
483 4573 667 4640 persequaris,
698 4572 792 4636 utique
818 4568 934 4618 clamant
956 4571 1087 4637 scriptum
1113 4565 1195 4617 luisse
1216 4565 1322 4617 Romuli
1342 4583 1377 4616 ac
1396 4564 1474 4616 Tatii

172 4658 285 4696 statuae.
324 4645 378 4714 „ln
398 4643 510 4696 eandem
531 4648 719 4696 coniecturam
738 4639 835 4694 incidit
855 4640 1027 4695 doctissimus
1047 4646 1178 4693 orationis
1196 4657 1245 4709 pro
1259 4641 1370 4692 Plancio
1386 4639 1474 4692 editor

172 4718 253 4792 Casp.
274 4719 395 4776 Orellius
414 4716 448 4770 ad
468 4735 492 4773 c.
511 4725 556 4781 53.
576 4736 603 4791 p.
622 4718 704 4776 187.’'
724 4717 844 4771 Blillilt.
919 4723 964 4776 15.
984 4717 1114 4787 togatae]
1137 4722 1236 4784 togate
1255 4717 1345 4770 Prius.
