3210 5280
237 225 297 287 tst
665 217 1105 284 PSEUDO·ASCON1US
1159 273 1161 277 .

235 375 362 425 senatus
384 360 553 435 imiimi-en
577 358 684 422 deinde
705 360 735 421 in
757 380 864 421 urnam
887 357 1001 420 sortito
1023 356 1119 431 mitti,
1144 366 1178 418 ιιι
1199 358 1236 418 de
1261 356 1405 436 pluribus
1429 377 1537 420 neces·

178 457 335 522 [²⁹lsnrius
366 476 511 516 trismerns
536 452 651 515 eouliei
674 463 802 533 posset;
835 450 950 524 tertio,
984 449 1017 512 itl
1045 463 1108 525 est,
1146 459 1221 532 post
1248 471 1375 524 ttrnnrn,
1398 451 1539 532 permitti

235 549 410 610 aeettsatori
440 568 475 607 ate
508 567 584 617 reo,
618 557 651 606 ut
677 565 717 604 ex
747 545 801 608 illo
837 564 965 607 numero
997 542 1139 606 reiiciaut
1166 564 1246 624 qnos
1278 543 1457 624 putaverint
1478 544 1537 606 sibi

191 630 193 634 ὗ
236 654 286 702 nm
310 640 450 701 inimicos
473 651 524 699 ant
553 659 593 698 ex
618 637 720 720 aliqua
745 659 779 700 re
804 639 1017 701 incommodos
1039 637 1122 697 lore.
1167 635 1256 697 Solet
1280 646 1383 696 autem
1406 656 1446 696 ex
1471 658 1537 698 mo·

210 735 381 795 tribusne
406 733 486 794 lame
518 731 649 793 iudicum
678 731 824 806 illorum,
859 753 939 814 qtros
970 740 1022 791 ant
1054 725 1233 788 reiieiebaut
1263 736 1315 787 aut
1340 727 1534 802 retinebant,

235 827 272 887 tle
298 825 458 887 voluntate
483 825 694 886 coniecturam
719 823 824 886 fecere
848 824 999 904 populns,
1035 820 1088 900 qui
1115 839 1227 880 enusae
1256 820 1535 894 suae'eonbdere,

235 919 286 998 qni
310 938 514 997 eorrumpere
535 916 651 979 iudices
671 915 774 978 vellet.
820 915 1004 980 Reiectione
1019 913 1175 974 celebrata
1190 923 1222 973 et
1237 912 1267 972 in
1283 933 1391 974 eorum
1410 913 1533 985 locum,

235 1011 288 1095 qni
311 1009 419 1072 reiecti
436 1009 579 1082 l'uerant,
603 1010 776 1072 subsortito
800 1021 946 1089 praetore
969 1009 1065 1079 alios,
1090 1004 1203 1086 quilms
1226 1004 1277 1067 ille
1299 1004 1433 1066 iudicum
1459 1006 1536 1087 legi·

234 1105 327 1165 tinius
342 1125 488 1165 ιιιιιιιιιιιιι
507 1103 719 1182 compleretur
739 1102 851 1182 (prima
867 1101 946 1163 enim
964 1102 1095 1164 sortitio
1118 1097 1311 1175 dicebatur):
1327 1098 1374 1159 bis
1388 1099 1536 1178 perlectis

194 1215 224 1261 tu
234 1197 374 1258 iurabant
399 1197 426 1257 in
450 1197 535 1280 loges
558 1196 690 1269 imiiees,
713 1206 747 1256 ιιι
769 1193 913 1259 obstricti
928 1193 1079 1274 religione
1100 1189 1283 1252 indicarent.
1328 1190 1412 1255 Cum
1436 1192 1535 1252 iuras·

234 1301 300 1350 sent
327 1311 434 1350 omnes
456 1299 583 1370 praeter
605 1288 703 1368 ipsum
726 1300 924 1369 praetorem,
950 1285 1073 1346 ιιοιιιίιιι
1096 1294 1207 1346 eorum
1228 1283 1360 1358 libellis,
1385 1294 1535 1365 utsupra

234 1382 385 1456 diuitum,
410 1381 650 1442 continebantur
671 1391 701 1441 et
717 1380 832 1462 ubique
856 1380 1068 1450 habebantur,
1092 1398 1131 1438 ue
1154 1398 1215 1457 pro
1231 1377 1354 1439 selectis
1369 1377 1533 1450 iudicibus,

234 1486 267 1536 ut
288 1474 322 1534 lit
345 1474 374 1534 in
398 1473 606 1547 ιιιιιΙιὶιιιιΙίιιε,
631 1472 726 1554 aliqui
749 1471 903 1552 suppositi
930 1469 1157 1550 corruptissimi
1180 1469 1369 1546 iudicarent,
1393 1471 1535 1554 †itsqne

235 1579 264 1627 et
288 1567 444 1646 praetoris
467 1566 603 1628 tribunal
626 1578 658 1627 ut
680 1566 879 1629 considerent
901 1563 1054 1624 iudicatur
1074 1563 1216 1643 praetori
1237 1584 1308 1624 suo.

193 1666 232 1739 15Ι
307 1657 421 1721 ‘Nullo
447 1668 548 1733 notu,
574 1659 689 1720 nultus
715 1658 830 1732 color,
858 1656 976 1719 nnltoe
1006 1654 1130 1737 sordes]
1189 1657 1258 1718 Etsi
1291 1657 1367 1717 baec
1403 1652 1535 1726 Cicero,

234 1744 305 1829 qnia
340 1761 448 1810 eontra
482 1749 688 1811 Hortensium
721 1758 872 1828 prosunt,
908 1745 1086 1826 saepissime
1116 1760 1257 1829 repetat,
1290 1760 1389 1811 tamen
1418 1748 1449 1810 in
1475 1768 1536 1831 qus

234 1860 326 1901 carisa
349 1851 380 1903 et
402 1862 418 1902 a
441 1864 505 1924 quo
527 1855 557 1904 et
579 1843 740 1925 quomodo
763 1841 839 1901 baec
859 1839 942 1901 lacta
964 1836 1044 1912 sint,
1068 1842 1258 1904 meminimus
1281 1843 1313 1904 in
1336 1842 1536 1906 Divinatione

234 1952 390 1996 narrasse.
436 1935 517 1997 llltul
531 1935 646 1997 laetum
661 1945 761 1995 tamen
778 1933 1103 2011 animadvertendum,
1126 1941 1213 2019 quod
1227 1936 1320 2000 adlini
1339 1939 1450 1999 sordes
1463 1955 1535 2001 ,non

234 2024 365 2096 tabulis,
389 2028 444 2087 secl
466 2025 623 2088 sententiis
646 2025 780 2108 ligur-ate
802 2026 892 2089 dixit.

192 2128 223 2178 nn
316 2105 369 2169 Es·
392 2111 508 2171 nlneri
531 2117 635 2192 nique
659 2106 770 2191 lueto]
807 2107 938 2174 silueris
962 2107 1029 2171 sive
1051 2112 1169 2176 nlocer
1191 2112 1370 2195 (utrumque
1392 2112 1473 2174 enim
1489 2112 1535 2175 ‹ti-

233 2198 329 2278 citur)
351 2198 396 2273 is,
428 2199 481 2281 qui
511 2199 643 2283 integris
665 2211 712 2262 est
731 2203 872 2264 sensibus
895 2201 1065 2276 tininensis3
1088 2206 1173 2284 quod
1193 2215 1240 2266 est
1265 2204 1409 2267 inticimn
1438 2205 1534 2267 erecti

326 2397 351 2444 1.
370 2388 487 2458 sortito]
506 2392 619 2438 sortitio
638 2388 730 2439 Ptine.

330 2467 357 2516 2.
374 2463 482 2531 posset]
503 2461 611 2515 Bersld.
633 2459 718 2532 Lngd.
738 2460 803 2514 tter.
822 2460 898 2512 Man.
917 2463 997 2515 Cren.
1017 2469 1160 2532 -possit
1181 2466 1272 2519 Princ.
1291 2462 1351 2519 ald.
1374 2461 1445 2519 Lod.

311 2535 383 2589 lbtd.
402 2540 547 2605 post],per
566 2534 755 2607 (compendio)
777 2538 867 2590 Princ.
885 2564 924 2577 -
942 2554 996 2588 om.
1017 2537 1126 2591 Graevii
1147 2539 1207 2592 MS.

326 2611 352 2664 lt.
371 2612 511 2680 inimicos]
531 2615 638 2680 iniquos
657 2610 720 2663 Ηοι.
740 2611 820 2663 Creu.
842 2613 940 2664 Graes.
960 2627 1056 2664 contre
1075 2612 1135 2666 cod.
1156 2631 1244 2670 suum.

307 2684 377 2736 lbtd.
397 2686 502 2754 aliquo]
523 2686 581 2735 alia
600 2685 665 2737 llot.
686 2687 766 2739 Creu.
1016 2715 1019 2720 ·
1105 2718 1110 2730 ·

308 2757 378 2812 lbtd.
397 2759 593 2828 incommodos]
624 2758 814 2811 incomodosos
839 2760 931 2813 Petne.
987 2759 1058 2815 lbtd.
1077 2765 1118 2815 An
1135 2762 1263 2814 solebat?
1288 2763 1343 2818 01.

171 2878 176 2889 ,
326 2838 351 2892 5.
372 2834 488 2884 indicum
508 2836 630 2901 illorum]
663 2832 726 2888 bid.
754 2830 837 2906 lugd.
864 2835 928 2887 flor.
953 2836 1030 2890 Men.
1057 2837 1138 2892 Creu.
1167 2866 1203 2879 -
1230 2838 1351 2891 iridicum
1368 2857 1406 2890 ex
1422 2839 1532 2892 illorum

232 2909 324 2962 Ptine.
343 2907 450 2962 Betiti.
471 2908 538 2963 Lod.

323 2985 351 3041 6.
371 2982 543 3048 retinebant,
566 2982 598 3034 de
616 2983 773 3051 rueretur]
794 2985 841 3037 Sic
859 2987 964 3055 scripsi.
982 3013 1020 3028 —
1038 2986 1194 3037 retinebunt
1213 2987 1268 3040 iud.
1286 2987 1533 3043 voluntatePrinc.

223 3057 339 3110 Beraltt.
360 3057 421 3112 aid.
442 3056 507 3110 lod.
526 3087 563 3099 —
583 3059 759 3124 retinebant,
776 3059 1035 3132 notrimastsingd.
1056 3062 1120 3114 Hor.
1140 3062 1217 3117 Man.
1236 3062 1316 3115 Creu.

305 3130 375 3186 lbtd.
392 3133 519 3202 populus]
537 3141 655 3202 praetor
673 3131 740 3185 Lod.

326 3211 351 3262 7.
371 3213 417 3275 qut
435 3237 453 3249 -
472 3237 491 3249 -
509 3210 565 3276 qui]
588 3209 630 3258 Pr.
649 3207 713 3260 Ber.
734 3204 795 3258 ΔΜ.
817 3203 884 3258 Lod.
903 3235 939 3249 -
958 3213 1019 3278 puis
1036 3238 1055 3252 -
1073 3240 1092 3252 -
1110 3214 1170 3278 quis
1183 3209 1267 3282 Lugd.
1280 3216 1345 3268 Ηοι.
1359 3214 1530 3267 MumCrsu.

307 3278 379 3334 tbtd.
402 3280 555 3332 lleiectione
575 3281 729 3351 celebrata]
749 3279 903 3332 Reiectione
922 3292 1015 3335 antem
1034 3284 1172 3335 celebrata
1190 3284 1258 3339 Lod.

307 3354 377 3407 lbtd.
397 3358 437 3422 et]
458 3372 511 3408 om.
533 3354 599 3408 Lod.
619 3371 646 3407 et
665 3373 740 3427 seqq.

323 3436 350 3487 8.
369 3428 522 3480 subsortito
537 3433 681 3500 praetore]
704 3434 794 3483 l’rinc.
814 3427 921 3483 Berald.
941 3460 974 3473 -
994 3432 1044 3483 sub
1063 3438 1183 3485 sortitor
1196 3442 1314 3505 praetor
1332 3433 1389 3490 bld.
1409 3463 1445 3480 -
1464 3435 1532 3487 sub-

211 3516 214 3528 ¹
230 3503 400 3555 sortiebatur
414 3511 532 3574 praetor
553 3504 619 3557 Lod.
639 3521 665 3557 et
691 3522 765 3576 seqq.

321 3581 349 3634 9.
367 3579 558 3647 compleretur]
579 3580 760 3649 compleretur
778 3575 905 3649 sufficere
923 3578 1034 3636 Berald.

307 3656 350 3708 12.
369 3654 597 3723 continebantur]
617 3653 856 3722 consignabantur
876 3654 961 3727 Lugd.
982 3656 1059 3710 Mun.
1078 3684 1114 3699 -
1134 3657 1374 3724 „Continebnntur
1387 3658 1532 3710 meluimus

230 3741 350 3781 veterum
369 3727 501 3779 librorum
523 3733 716 3782 auctoritatem
735 3734 838 3792 secuti,
860 3746 939 3801 quum
959 3729 1212 3798 consignabantur,
1233 3731 1305 3803 quod
1325 3738 1445 3804 reposuit
1467 3735 1532 3786 Ma-

228 3805 341 3865 nutius,
363 3819 422 3855 tum
440 3815 555 3875 propter
575 3803 702 3870 verbnm,
721 3818 751 3856 ut
771 3803 843 3868 dixi,
865 3821 922 3857 tum
936 3804 1008 3876 quod
1021 3811 1133 3857 nomina
1145 3807 1246 3858 libellis
1256 3811 1420 3878 consignari
1432 3808 1530 3873 latine,

229 3892 260 3930 ιιι
281 3893 338 3928 mea
359 3874 410 3930 leet
429 3881 541 3949 opinio,
559 3895 614 3929 non
635 3878 765 3933 dieitur.”
792 3879 879 3933 flor.

303 3950 373 4006 lbtd.
392 3953 512 4020 selectis]
541 3953 650 4003 setestis
669 3956 758 4006 Petne.

304 4032 346 4084 13.
366 4029 583 4098 corruptissimi]
613 4029 706 4082 Ptine.
729 4025 835 4081 Berald.
855 4027 917 4082 Alb.
935 4056 973 4070 —
991 4034 1166 4100 corruptique
1185 4027 1251 4084 Lod.
1274 4061 1306 4073 -
1326 4037 1531 4103 corruptissime

228 4099 312 4172 lugd.
333 4101 396 4156 llot.
418 4101 495 4156 Mau.
516 4104 598 4155 (Iesu.

302 4179 345 4232 tlt.
364 4181 455 4244 itaque
474 4183 503 4226 et
527 4208 542 4219 -
561 4208 579 4219 -
599 4208 617 4219 -
634 4181 762 4247 praetori
785 4181 846 4245 suo]
884 4179 931 4231 ste
959 4194 1087 4250 corrupte
1118 4180 1210 4232 Princ.
1240 4179 1345 4234 Beseld.
1373 4179 1435 4235 Ald.
1465 4181 1530 4232 Lod.

226 4247 309 4320 (apud
331 4250 403 4301 ltunc
423 4264 464 4303 est
482 4252 635 4319 indicatur)
656 4251 740 4322 Lugd.
754 4253 829 4305 Mau.
844 4282 880 4294 —
894 4257 986 4322 itaque
1005 4254 1044 4304 nd
1057 4260 1200 4323 praetoris
1218 4255 1344 4306 tribunal
1359 4260 1531 4310 considerent

225 4332 257 4374 ut
274 4324 424 4376 iruiicaturi
442 4343 502 4377 cum
517 4335 651 4397 praetore
669 4344 720 4378 suo
740 4330 803 4382 llos.
818 4329 900 4382 Cren.
938 4329 1021 4398 „Hoc
1038 4348 1070 4381 ex
1089 4333 1139 4396 iis,
1159 4345 1228 4401 quse
1246 4330 1329 4382 modo
1348 4330 1434 4397 dixit,
1454 4336 1531 4384 resti·

225 4400 359 4453 ruimus.’'
392 4398 479 4452 ΗΟΤ.

301 4481 343 4528 21.
362 4473 478 4546 elicitur]
497 4473 613 4525 dicimus
632 4475 696 4529 llos.
716 4475 799 4530 Cren.

299 4548 369 4600 lbitl.
389 4553 436 4618 qui
453 4555 574 4615 integris
592 4560 635 4601 est
652 4551 788 4617 sensibus]
817 4550 863 4602 Sto
883 4555 990 4621 scripsi.
1022 4581 1058 4593 -
1086 4557 1132 4623 qui
1150 4558 1274 4620 ingentis
1291 4553 1416 4604 sensibus
1435 4557 1526 4608 Princ.

223 4629 324 4690 -qui
342 4628 422 4688 uiget
441 4625 562 4674 sensibus
582 4624 686 4678 Berttld.
708 4624 769 4679 bid.
789 4624 856 4678 Lod.
877 4624 962 4696 Lngd.
983 4627 1059 4681 Man.
1085 4657 1121 4671 ·-
1146 4635 1194 4700 qui
1213 4633 1329 4681 intentis
1346 4636 1389 4680 est
1407 4631 1528 4682 sensibus

225 4695 289 4751 blot.
311 4699 393 4749 Crerr.

300 4771 369 4824 inid.
388 4770 530 4839 indicium]
551 4761 680 4825 iudicium
699 4774 791 4828 Petne.
812 4773 872 4830 Ald.
894 4775 969 4830 Men.
