3210 5280
249 196 311 260 us
566 174 865 264 seiromaste
889 168 1233 273 euouovtauu‘s
1279 260 1284 270 ,
1408 253 1412 257 .

334 339 410 402 Una
424 348 475 401 eet
486 335 685 424 profectam]
710 337 791 420 Quia
804 338 852 400 od
858 339 999 403 diversas
1009 339 1192 423 provincias
1204 341 1356 404 miserant
1368 339 1568 405 obtinendas.

335 435 406 497 Vos
435 430 619 523 Africam,
647 431 774 514 arcem]
810 433 921 495 Verba
952 430 1050 516 ipsius
1072 434 1201 517 repetit.
1246 437 1382 499 Tubero
1407 434 1491 498 enim
1515 435 1571 497 lroc

248 525 418 591 obiiciebat
439 525 597 610 Ligario:
633 527 799 601 ,Africam
829 527 930 590 tenuit
953 528 1151 611 provinciam
1173 541 1276 592 natam
1305 550 1437 611 semper
1463 539 1569 590 contra

247 619 412 702 imperium
441 621 553 701 populi
581 620 753 686 Romani.”
811 621 903 685 Unde
928 626 1025 687 modo
1052 621 1170 687 Cicero
1196 625 1296 686 verba
1324 623 1428 706 ipsius
1460 622 1565 685 refert.

223 717 330 779 5Nam
360 713 386 777 si
411 714 526 776 crimen
557 727 604 778 est
632 716 765 799 aliquem
791 717 932 780 voluisse
957 716 1102 782 Africam
1132 729 1259 797 tenere,
1294 719 1384 804 quod
1415 716 1490 782 dico
1515 716 1567 780 ali·

248 830 359 895 quem,
385 829 448 872 non
474 807 536 869 fuit
564 809 736 893 Ligarius,
760 819 817 880 sed
842 818 966 879 Variis.

332 902 415 985 Cap.
440 904 543 966 VIII.
567 904 619 968 93.
660 908 765 984 Vide,
793 909 876 995 quid
899 906 1055 972 licentiae
1087 906 1198 990 nobie]
1234 907 1310 972 Hoc
1342 906 1414 970 nult
1446 905 1564 969 dicere:

248 997 274 1061 si
296 998 426 1061 volebas
452 1001 591 1081 prodere
611 1001 819 1084 Pompeium,
842 1004 955 1067 merito
978 1002 1087 1084 pulsus
1109 1023 1157 1065 es.

326 1094 407 1157 Non
434 1091 524 1155 enim
544 1093 663 1181 stubi
686 1117 728 1159 eo
753 1119 809 1161 res
830 1111 936 1182 grata
948 1093 1102 1187 fitisset]
1126 1093 1302 1159 Prodidisti
1318 1094 1455 1158 amicum
1471 1105 1563 1169 tunm,

206 1183 405 1248 ttinimicum
430 1207 530 1249 meum
553 1188 647 1262 mihi3
670 1211 857 1274 quamquam
872 1212 925 1254 res
948 1201 996 1253 est
1011 1199 1121 1274 grata,
1144 1199 1248 1251 tamen
1264 1188 1323 1250 tibi
1339 1210 1404 1254 non
1421 1191 1562 1273 probata.

333 1281 386 1342 24.
410 1282 591 1345 &names
612 1284 783 1368 omuibus]
819 1285 937 1348 lterum
965 1281 1072 1346 verbis
1093 1281 1175 1346 illius
1198 1282 1334 1366 repetit,
1366 1285 1563 1368 quemadmo·

249 1375 321 1438 ditm
344 1374 461 1438 obiecit
481 1360 630 1471 Ligario.

332 1471 412 1533 Rex
430 1469 706 1553 potentissimus]
739 1469 838 1546 Iuba,
862 1488 921 1534 rex
943 1471 1148 1535 Illaurorum.

334 1565 450 1646 Quum
469 1562 602 1627 videam
623 1563 707 1649 quid
726 1563 903 1654 feceritis]
941 1565 1024 1644 Quia
1051 1567 1090 1627 ad
1115 1561 1306 1646 Pompeium
1335 1562 1479 1647 profecti
1500 1573 1563 1627 sunt

208 1656 374 1740 ttexpulsi
397 1676 414 1719 e
435 1655 620 1739 provincia,
645 1677 737 1742 quam
761 1659 889 1721 dederat
911 1670 1051 1722 senatus.

666 1778 796 1845 FINlT
819 1780 914 1846 PRO
936 1778 1148 1845 LIGARIO.

251 1902 423 1981 (Ceterum
444 1901 513 1965 dam
535 1925 581 1966 eac
603 1896 771 1993 ἀρχετύπῳ
794 1901 930 1969 Codicis
952 1901 1115 1968 Vossiani
1131 1901 1185 1966 lale
1206 1901 1381 1966 excidisse
1402 1901 1559 1977 videntur,

396 2016 484 2080 quae
504 2008 672 2060 annotata
691 2008 791 2060 erant
811 1996 859 2060 od
879 1996 1047 2082 reliquom
1068 1996 1238 2061 orationis
1258 1999 1426 2084 portem.)

393 2419 855 2547 SCHOLIASTA
899 2418 1430 2530 GRONOVIANUS

205 2674 237 2722 sn
884 2664 932 2722 tu

249 2833 754 2927 ORATIONEM
792 2832 947 2921 PRO
989 2833 1055 2924 M.
1094 2832 1556 2950 MARCELLO.

804 3052 1026 3073 ——u-d—

333 3232 415 3314 Cap.
440 3233 471 3296 Ι.
496 3233 526 3294 1.
550 3231 720 3296 Diuturni
740 3229 887 3303 silentii,
904 3231 944 3294 P.
960 3227 1009 3308 C.]
1033 3226 1131 3291 Bellis
1148 3224 1296 3291 civilibus
1313 3225 1435 3292 Cicero
1456 3224 1555 3290 tacuit.

244 3327 316 3389 ¹Nec
331 3326 411 3389 enim
431 3326 521 3390 locus
542 3347 610 3388 esse
628 3337 755 3408 poterat
772 3325 857 3388 inter
875 3323 958 3386 bella
978 3321 1141 3387 Ciceroni
1185 3321 1269 3384 Data
1298 3333 1348 3385 est
1372 3318 1555 3406 indulgentia

247 3419 411 3484 Ciceroni.
457 3421 619 3484 Reversus
642 3431 689 3482 cst
712 3430 822 3483 orator
843 3416 1041 3491 Marcellus,
1065 3417 1103 3477 de
1126 3436 1191 3497 quo
1207 3415 1358 3477 Lucanus
1380 3416 1444 3479 ait:
1466 3418 1556 3480 Mer·

203 3517 414 3598 25cellueque
436 3516 579 3597 loquax.
624 3513 689 3576 Hic
704 3513 839 3577 maxime
860 3522 1001 3573 suaserat
1022 3508 1103 3571 bella
1125 3508 1231 3570 civilia
1247 3520 1360 3572 contra
1377 3508 1554 3581 Caesarem,

245 3608 327 3668 unde
353 3606 524 3669 acerrimus
543 3605 574 3669 in
593 3627 661 3669 etim
686 3604 887 3670 adversarius
912 3601 1130 3668 Caesar'luit.
1174 3601 1278 3666 Victis
1301 3602 1466 3683 partibus,
1489 3621 1555 3663 con·

245 3700 329 3762 scius
344 3701 496 3764 suasionis
512 3721 606 3776 suae,
631 3700 703 3785 qttia
722 3701 789 3782 ipse
811 3696 893 3760 bella
907 3707 1066 3771 suaserat,
1084 3696 1228 3759 Athenas
1248 3695 1453 3760 discesserat.
1495 3693 1554 3758 Illic

243 3792 305 3856 {uit
320 3795 453 3858 nudtaus
469 3795 675 3858 temeritatem
691 3816 778 3857 suam
802 3792 914 3855 exsilio
933 3789 1128 3854 voluntarIo.
1173 3791 1340 3854 Reversus
1362 3800 1414 3853 est
1433 3789 1552 3855 Caesar.

245 3887 415 3970 Ingressus
438 3900 485 3952 est
511 3887 613 3951 frater
635 3885 784 3952 Marcelli
807 3886 849 3952 C.
878 3885 1069 3952 Marcellus.
1125 3881 1243 3946 Tenuit
1272 3902 1377 3967 genus
1406 3877 1551 3948 Caesaris.

201 3981 444 4061 30„llliserere,
478 3981 597 4067 inqni13
632 3983 670 4042 da
702 3980 927 4065 indulgentiam
961 3976 1090 4042 iratri.''
1144 3977 1279 4040 Secutae
1311 3986 1388 4039 stant
1420 3974 1551 4040 lacrimae

244 4073 340 4136 totius
363 4075 496 4139 ordinis.
541 4073 675 4139 Duabus
697 4074 729 4137 in
755 4075 852 4137 rebus
873 4072 1064 4157 impeIIImur
1086 4072 1126 4134 ad
1148 4071 1381 4156 expugnandos
1405 4068 1549 4136 inimicos.

242 4179 294 4229 aut
316 4189 355 4229 cx
381 4167 549 4249 superiore
570 4166 683 4230 iniuria
707 4177 761 4229 aut
779 4166 890 4231 ltttssro
914 4175 1011 4228 metu.
1056 4162 1177 4228 Caesar
1199 4174 1372 4247 utrumque
1390 4175 1464 4226 ente
1486 4180 1550 4224 oce·

185 4278 188 4284 ’
241 4260 290 4322 los
313 4260 421 4341 posuit
450 4272 482 4322 et
507 4261 584 4324 fecit
606 4261 696 4344 quasi
718 4259 881 4323 sistentem
907 4257 1122 4323 Marcellum:
1151 4255 1353 4334 „Marcellc,
1373 4257 1548 4351 'boccourt'

166 4409 169 4415 .
240 4375 288 4415 mc
311 4352 428 4416 fecisti.
473 4354 524 4419 Dc
539 4354 707 4440 superiere
723 4353 836 4416 inluria
852 4353 929 4416 illud
943 4349 1063 4415 fecisti·
1107 4348 1230 4415 Deinde
1250 4348 1438 4414 audiomihi
1459 4362 1547 4431 paean

197 4445 366 4512 esiusidias
388 4450 427 4508 ab
451 4447 521 4523 his,
547 4469 628 4532 quos
653 4447 793 4510 servavi.
839 4448 960 4510 'l'amen
987 4443 1135 4529 quoniam
1159 4445 1222 4508 hoc
1247 4443 1461 4525 amplissimus
1481 4437 1545 4503 ordo

241 4544 1536 4572 ...................................-.........-

316 4619 338 4666 t.
360 4609 400 4660 ad
417 4607 450 4662 de
471 4609 607 4663 Gronovii
628 4624 701 4661 corr.
722 4611 839 4661 Inseruit
861 4606 926 4661 Sela.
966 4612 1011 4662 to.
1031 4606 1183 4673 inimicum]
1204 4602 1238 4656 de
1256 4602 1278 4656 I.
1293 4603 1324 4658 Β.
1344 4603 1544 4660 Gronorilcorr.

238 4681 304 4738 Sch.
323 4714 360 4726 -
379 4689 480 4736 laicum
500 4684 537 4738 G.
560 4683 610 4737 Gr.
650 4690 694 4740 12.
713 4683 825 4754 obiecit]
850 4684 886 4737 G.
906 4684 957 4737 Gr.
978 4709 1013 4723 -
1033 4680 1136 4733 obterit
1155 4680 1220 4734 snt.
1266 4671 1541 4746 sannuncurt

237 4759 267 4814 Γ.
287 4763 423 4842 Gronovti
442 4773 559 4814 correct.
580 4759 646 4814 Sela.
671 4789 702 4802 -
724 4768 839 4812 mutans
858 4757 894 4813 G.
914 4759 965 4814 Gr.
1003 4759 1050 4815 29.
1070 4755 1173 4831 Supple
1192 4761 1323 4808 senatum
1342 4753 1386 4810 rel
1403 4759 1510 4809 cerun-
