3210 5280
170 227 232 291 386
469 275 482 294 .
497 230 794 300 8οΗοΙᾸΑ8ΤΑ
817 231 1165 301 Gnonovtauus

125 403 128 410 ·
168 366 375 432 iudiciorum
392 370 566 454 pertinere
588 374 794 450 sedandam,
818 373 843 437 si
860 374 983 437 Verres
999 383 1084 436 esset
1099 375 1279 435 damnatus.
1323 368 1494 434 Actionem

168 463 293 541 quidam
315 462 389 527 ideo
412 464 525 526 dictam
548 467 628 528 hanc
651 468 827 531 orationem
851 466 1065 541 arbitrantur,
1089 466 1162 550 quia
1179 466 1257 528 haec
1271 464 1494 527 tantummodo

168 555 251 616 dicta
282 567 329 617 est
357 556 388 618 in
409 556 542 632 iudicio,
567 570 693 623 ceterae
716 583 796 626 vero
827 561 988 624 orationes
1014 570 1125 641 postea
1147 558 1287 640 scriptae
1308 566 1401 620 sunt.
1445 556 1495 618 At

168 646 312 709 ordinem
335 648 526 712 senatorium
552 652 686 717 maxime
712 656 910 736 pertinebat,
934 665 970 717 ut
992 652 1116 717 idoneis
1138 652 1319 715 hominibus
1343 669 1496 713 accusan-

143 738 252 801 stibus
274 753 425 804 nocentes
447 743 493 805 rei
519 746 658 807 convicti
680 749 917 813 damnarentur.
1328 822 1334 826 ⁴

252 833 429 897 Diuiniins
450 835 665 921 damnatum]
699 842 775 904 Sive
801 843 888 927 quod
912 849 1038 925 gratnm
1063 837 1124 914 sit,
1148 838 1236 922 quod
1261 834 1392 899 numina
1416 854 1494 897 con·

167 939 353 1002 cesserunt,
388 929 455 991 sive
484 929 559 1012 quia·
583 942 644 992 tam
679 935 798 1015 grande
827 946 894 1008 est,
928 944 963 995 ut
994 943 1113 995 tautum
1140 951 1156 991 a
1184 930 1367 993 numinibus
1393 927 1495 1010 possit

168 1017 314 1080 concedi.
359 1023 496 1098 Datur,
525 1024 612 1106 quod
634 1026 771 1106 petitur;
799 1024 968 1114 (offertur,
992 1026 1080 1110 qnod
1103 1025 1189 1087 ultro
1212 1033 1411 1105 praestatur.

173 1170 177 1180 .
250 1114 392 1179 Summo
414 1116 464 1178 rei
487 1116 642 1196 publicae
663 1120 830 1200 tempore]
853 1122 995 1182 Summo
1018 1139 1100 1180 nunc
1119 1117 1313 1201 periculoso
1319 1139 1332 1190 ,·
1355 1126 1392 1178 nt

124 1216 155 1271 st
285 1257 290 1266 .
422 1209 523 1274 Venit
551 1231 686 1273 summo
713 1211 786 1275 dies
811 1224 844 1275 et
869 1211 1082 1274 ineluctabile
1108 1221 1255 1292 tempus.

168 1300 387 1364 Periculosum
397 1315 497 1365 autem
505 1303 588 1379 ideo,
600 1303 671 1388 qnia
681 1306 719 1370 L.
727 1304 876 1367 Aurelius
886 1303 981 1369 Cotta
991 1305 1091 1387 legem
1102 1303 1231 1377 tulerat,
1239 1312 1273 1365 ut
1284 1301 1412 1385 equites
1421 1322 1489 1362 cun

166 1398 366 1459 senatoribus
382 1398 573 1472 iudicarent,
598 1399 762 1462 assistente
779 1398 929 1478 Quintio,
955 1398 1084 1459 tribuno
1104 1396 1225 1478 plebis,
1251 1393 1303 1458 vel
1320 1394 1487 1459 Palicano.

250 1491 425 1574 Nobisque
445 1491 653 1574 periculoso]
678 1493 903 1566 senatoribus,
927 1490 952 1553 si
974 1489 1085 1553 indicia
1113 1488 1363 1552 transferantur.
1409 1489 1488 1572 llam

167 1582 239 1645 dium
262 1585 464 1660 contenditur
485 1587 523 1646 de
551 1585 779 1648 transferendis
812 1584 953 1658 indiciis,
984 1583 1097 1646 seditio
1122 1584 1171 1645 lit.
1216 1582 1298 1645 Orta
1326 1602 1411 1644 vero
1441 1601 1488 1643 se·

123 1687 154 1736 is
166 1675 301 1751 ditione,
324 1698 374 1738 res
394 1678 518 1758 publica
535 1678 705 1759 dispendiis
720 1678 931 1762 periculisque
946 1677 1093 1760 plurimis
1110 1674 1264 1739 afficiatur
1278 1696 1414 1737 necesse
1431 1685 1487 1736 est.

248 1769 444 1835 Percrebuit
466 1769 520 1832 iris
547 1770 702 1848 iudiciis,
730 1772 952 1854 pecuniosum
975 1770 1159 1850 hominem]
1204 1770 1358 1834 Ostendit
1384 1769 1487 1851 ipsum

164 1874 235 1926 ante
260 1862 407 1924 iudicium
430 1861 607 1943 pollicitum
631 1886 665 1926 se
686 1886 782 1946 posse
804 1864 941 1928 absolvi.
1032 1877 1033 1880 ’

249 1956 281 2018 i.
305 1959 420 2038 Quium
441 1956 510 2018 sint
528 1957 660 2041 parati]
692 1958 860 2021 Palicanus
882 1956 964 2019 enim
987 1968 1050 2022 tres
1066 1955 1355 2023 ordines'iudicarc
1375 1956 1487 2018 tenere

165 2047 309 2124 dicebat,
334 2061 514 2125 senatores,
541 2050 662 2134 equites
689 2053 853 2115 Romanos
877 2063 908 2114 et
930 2053 1077 2116 tribunos
1100 2049 1257 2114 aerarios.

121 2157 154 2207 tt
248 2143 317 2226 Qui
339 2143 555 2207 contionibus
576 2156 609 2207 et
630 2145 718 2226 iege]
741 2148 769 2224 (‚,
781 2146 927 2209 Videtur·
941 2145 1057 2209 deesse
1071 2142 1295 2229 explicatio?
1320 2143 1489 2220 Gronov.)

163 2237 235 2300 uita
255 2249 356 2321 atque
366 2234 501 2327 sactis]
526 2239 611 2301 Ante
634 2252 722 2322 gesta
748 2240 889 2302 moribus
912 2238 1105 2303 domesticis.

250 2330 412 2393 Omnium
433 2329 503 2391 ium
525 2351 582 2413 op.
606 2330 657 2414 d.]
682 2332 853 2412 Quomodo
881 2331 1097 2419 obiiciuntur?
1119 2331 1283 2394 Interdum
1306 2328 1393 2393 enim
1417 2338 1486 2392 ante

164 2435 233 2487 acte
255 2426 317 2486 vita
342 2445 493 2506 praesens
515 2424 633 2488 crimen
656 2427 806 2490 dei'eudit.

247 2517 316 2601 Qui
336 2516 565 2598 contionibus]
598 2519 664 2582 Atii
690 2519 850 2599 Quintium
873 2516 1033 2580 tribunum
1049 2515 1149 2598 plebis
1164 2513 1341 2599 significari
1357 2512 1482 2586 dicunt,

119 2623 151 2674 ts
163 2609 217 2694 qni
244 2609 453 2693 Oppianicum
479 2612 662 2674 defenderat
686 2634 773 2674 rcum
803 2611 948 2674 veneficii
974 2610 1123 2675 Cluentio
1150 2618 1319 2670 accrrsaute
1342 2619 1374 2668 et
1400 2609 1484 2668 darm

162 2711 237 2767 nato
261 2702 454 2785 Oppianico.
498 2703 624 2768 Rumor
648 2706 729 2769 euim
753 2707 855 2767 iactris
875 2716 941 2781 est,
966 2708 1053 2789 quod
1075 2703 1235 2786 corruptis
1260 2702 1385 2766 iudiciis
1401 2705 1485 2764 darn·

162 2809 252 2859 natus
274 2808 355 2859 esset
373 2796 588 2880 Oppianicus;
612 2820 704 2883 quam
730 2802 959 2864 damnationem
977 2798 1123 2881 Quintius
1146 2800 1230 2881 apud
1247 2796 1406 2879 populum
1421 2795 1483 2858 ire·

161 2901 297 2976 quenter
318 2891 482 2954 nominare
505 2892 641 2956 solebat.

245 2988 318 3073 Sira
347 3006 406 3067 spe
431 2996 465 3047 et
488 2984 759 3068 praedicatione]
792 2985 880 3048 Bene
905 2983 1020 3047 addidit
1041 3005 1107 3047 suo
1126 3006 1206 3066 spe,
1238 2980 1313 3066 quia
1339 2980 1482 3044 iniuriam

119 3075 316 3143 iniudiribus
338 3076 495 3155 faciebat,
518 3077 545 3140 si
574 3080 829 3143 nocentissimum
855 3078 1011 3141 hominem
1037 3076 1067 3139 in
1091 3077 1223 3159 pecunia
1246 3095 1337 3158 spem
1367 3076 1481 3136 habeis

161 3168 305 3234 dixisset.

244 3260 517 3345 Praedicntione]
540 3261 853 3329 Commemoratione
877 3263 927 3327 vel
950 3281 1080 3324 rumore
1104 3259 1276 3323 amicorum
1298 3280 1447 3323 surorum.

244 3359 421 3447 Augei-em
453 3357 616 3422 inuidiam
647 3357 796 3439 ordinis]
843 3357 1008 3432 Dicendo,
1050 3357 1137 3439 quod
1171 3352 1334 3416 senatoria
1369 3351 1480 3415 iudicia

161 3462 421 3532 corrumpuntur.

233 3714 261 3770 b.
281 3713 321 3766 id
337 3715 475 3783 ordinem]
495 3713 528 3767 de
549 3715 572 3770 l.
591 3715 619 3768 1².
638 3713 773 3769 Gronouit
794 3718 869 3768 coni.
883 3712 946 3768 sch.
967 3739 1001 3755 -
1020 3711 1119 3763 ordine
1138 3711 1173 3765 G.
1188 3711 1238 3765 Gr.
1278 3715 1305 3766 5.
1326 3707 1397 3765 cod
1417 3727 1476 3761 oon·

157 3795 240 3844 neoti.
277 3778 305 3849 6.
325 3791 396 3863 Lege
415 3791 522 3845 datram.
537 3791 662 3844 Gronov.
703 3795 747 3844 it.
768 3789 792 3842 L
817 3789 948 3839 Aurelius
959 3788 1058 3855 Cotta]
1081 3786 1114 3838 de
1128 3786 1263 3840 Gronovii
1279 3800 1401 3838 correct.
1415 3785 1475 3837 δώ.

158 3893 192 3910 -
214 3864 512 3921 durnsCottaG.Gr.
546 3869 589 3922 12.
610 3866 775 3936 assistente]
791 3863 840 3918 Gr.
855 3869 946 3917 tacite.
961 3863 1255 3916 Scin-assentiente
1270 3860 1308 3914 G.
1344 3860 1474 3925 riam]

157 3940 195 3996 G.
217 3941 266 3995 Gr.
287 3969 324 3983 -
342 3960 424 4012 quum
445 3941 508 3995 Scir.
556 3943 601 3999 18.
628 3940 737 4009 debere]
767 3940 800 3992 de
821 3939 953 3993 Gronovii
980 3933 1068 4010 suppl.
1095 3941 1209 3988 inseruit
1230 3936 1296 3989 Scir.
1345 3937 1392 3993 19.
1412 3936 1476 3988 eod.

157 4015 258 4068 tribus.
296 4021 342 4076 25.
361 4019 408 4071 Sic
427 4017 464 4070 G.
481 4032 519 4070 ω
548 4018 730 4088 ,dntegesto
749 4016 872 4067 risoribus
891 4014 1049 4064 domesticis
1068 4009 1206 4064 commode
1226 4010 1411 4077 obiiciuntirr]
1433 4010 1476 4062 Sic

155 4090 292 4162 iungenda
313 4107 375 4145 suut
396 4091 478 4144 rerba
500 4097 552 4145 ists
572 4107 598 4143 er
619 4089 794 4145 scribenda.''
816 4093 872 4143 lac.
894 4089 1019 4142 Gronov.
1038 4116 1074 4129 -
1094 4091 1140 4156 qni
1158 4085 1339 4138 concionibus
1358 4094 1387 4136 et
1408 4088 1475 4152 iege,

155 4170 219 4218 vito
245 4176 329 4238 nique
353 4164 448 4233 sactis
472 4176 539 4219 ante
559 4175 642 4233 gesto
661 4167 785 4217 moribus
804 4164 964 4215 domesticis
984 4169 1102 4213 omnium
1121 4168 1178 4212 inm
1199 4179 1241 4228 op.
1262 4160 1303 4227 d]
1320 4159 1475 4231 ,Quomodo

156 4271 176 4286 -
194 4271 214 4285 ·
233 4271 251 4284 -
270 4242 418 4311 defendit?
443 4243 494 4297 Gr.
545 4241 657 4294 Videtur
676 4241 734 4313 leg.
760 4243 822 4292 Vita
844 4255 924 4309 atque
944 4237 1038 4306 iactis]
1059 4237 1190 4289 Moribus
1208 4235 1387 4298 domesticis,
1416 4253 1474 4286 oia-

156 4321 232 4368 niuns
250 4320 272 4372 i.
294 4336 337 4387 op.
357 4315 384 4370 d.
404 4284 548 4386 Quomodo
568 4325 635 4367 ante
654 4326 738 4385 gesto
758 4315 946 4368 obiiciuntur?
965 4313 1107 4366 Interdum
1128 4319 1262 4363 anteacto
1277 4310 1351 4364 cet.''
1372 4310 1474 4363 Gssss.

155 4391 351 4462 ,Retrahenda
372 4392 478 4445 viduor
497 4409 562 4445 nors
583 4409 698 4461 sequeus
719 4391 752 4444 ad
773 4396 861 4464 prima
883 4390 929 4442 illa
950 4388 1048 4442 verba:
1079 4388 1135 4457 Qui
1159 4386 1338 4438 concionibus
1358 4393 1387 4436 ei
1407 4387 1473 4452 lege.

68 4483 73 4494 ’
156 4466 203 4518 Sic
223 4472 295 4523 enim
316 4468 362 4519 hic
383 4470 465 4538 legit,
484 4483 513 4521 ιιι
533 4469 642 4539 quidem
664 4482 737 4519 nunc
757 4467 855 4519 editur.
895 4461 962 4529 Sed,
983 4481 1067 4536 quum
1083 4466 1218 4515 Asconius
1231 4459 1336 4515 diserto
1357 4460 1473 4527 legibus,

81 4531 86 4542 ⁸
154 4541 497 4607 >interordiniorum
528 4543 602 4595 hune
628 4558 695 4596 sans
720 4547 748 4594 in
769 4557 798 4593 ca
820 4557 928 4612 quoqne
948 4559 1013 4602 soce
1034 4553 1195 4611 corruptum
1218 4553 1302 4608 puro;
1337 4536 1404 4588 licei
1424 4547 1474 4587 nos

154 4619 254 4671 Cottas
273 4617 316 4669 lex
336 4617 534 4672 memoretur.”
564 4619 674 4671 Gerar.
700 4645 737 4659 -
761 4621 825 4668 vira
844 4625 927 4687 atque
938 4615 1036 4686 sociis
1054 4645 1073 4656 -
1092 4644 1111 4656 ·
1131 4612 1292 4680 damnatus]
1326 4609 1475 4681 Quomodo

155 4719 174 4737 -
193 4719 211 4734 ·
232 4690 373 4747 deiendnt
392 4697 460 4760 (om.
482 4690 567 4763 enini)
586 4697 633 4764 qui
645 4693 819 4745 concionibus
831 4699 859 4741 et
871 4692 951 4760 iege,
969 4695 1033 4744 uita
1050 4686 1247 4759 aiqussnciis]
1264 4689 1320 4742 atti
1334 4701 1390 4741 cet.
1412 4685 1474 4739 διδ.

154 4768 201 4824 2⁹.
222 4769 264 4833 u]
285 4769 320 4823 O.
340 4795 377 4815 -
395 4787 430 4838 oc
448 4769 499 4827 Or.
520 4765 583 4824 sen
618 4771 667 4831 50.
681 4769 815 4837 μουιιὶιι]
834 4765 872 4826 G.
885 4793 932 4808 ·-·
946 4768 1095 4840 pensantem
1113 4762 1165 4819 Gr.
1184 4761 1251 4817 Scir.
