3210 5280
210 192 274 256 tte
648 185 1085 255 multuo-ascolum

293 333 441 416 Legatos
462 328 691 415 quaestorius]
735 329 889 412 Legatum
913 340 1143 412 exquaestore
1166 349 1275 414 agens.

295 429 341 505 (§.
365 427 433 504 57.)
454 425 516 485 Per
534 425 740 502 triumphum
762 423 863 501 vexit]
907 422 1050 485 Ferculis
1078 422 1158 485 enim
1185 423 1274 507 signa
1306 433 1379 487 ante
1407 423 1518 488 trium·

210 521 358 604 phantem
382 517 453 580 vehi
475 537 532 598 pet·
553 536 700 596 pompam
724 512 880 576 solebant.

222 628 226 639 ·
293 610 343 676 Ad
367 613 538 684 aerarium
565 604 812 689 perscribenda]
857 609 946 670 Haec
980 605 1040 668 fuit
1069 617 1210 670 veterum
1245 608 1427 694 diligentia,
1462 621 1515 687 ut,

184 707 298 792 equod
327 704 461 788 quisque
494 704 531 763 de
560 699 726 780 subiugata
756 699 923 779 provincia
956 721 1014 781 pet·
1047 702 1236 782 triumphurn
1262 705 1515 785 apportarisset,

211 798 422 883 perscriptum
444 796 475 857 in
500 793 614 856 tabulis
637 794 668 856 in
690 792 811 854 aerario
834 794 1023 872 reponendis
1049 807 1306 859 conservaretur.

293 894 474 973 Figuram,
494 887 633 965 statum]
666 889 783 950 Status
805 897 853 947 est
874 886 958 947 circa
973 899 1094 968 gestum
1111 888 1268 972 situmque
1285 891 1516 966 tnetnbrorumt

200 983 325 1067 figura
346 982 430 1043 circa
459 993 601 1043 ornatum
625 993 655 1057 et
679 980 815 1041 habiturn
841 978 952 1051 vestis,
977 977 1141 1062 insignium
1165 993 1196 1041 et
1216 972 1388 1045 armorum.

293 1079 383 1142 Certe
406 1079 517 1137 maior
535 1075 596 1150 est]
640 1076 715 1137 Non
733 1073 845 1146 video,
864 1071 937 1153 quid
954 1082 1101 1152 apportet
1115 1072 1169 1133 ltic
1189 1093 1310 1136 seusus.
1335 1075 1422 1139 Nihil
1437 1077 1516 1140 enim

166 1167 338 1244 ramirum,
373 1166 602 1250 diligentiorem
627 1188 695 1229 esse
722 1165 889 1228 Servilium
919 1185 1010 1245 quam
1042 1165 1196 1239 Verrem,
1229 1166 1255 1227 si
1286 1166 1327 1228 ita
1354 1180 1423 1232 esta
1459 1171 1518 1233 nisi

207 1263 292 1326 sorte
307 1263 392 1344 quod
412 1261 472 1334 ait,
498 1272 585 1325 certe
607 1263 718 1323 maior
741 1268 804 1330 est,
826 1255 871 1317 sic
892 1254 1080 1335 accipiamus
1096 1257 1183 1339 quasi
1207 1257 1288 1318 dicat
1310 1279 1381 1324 vere
1405 1266 1518 1325 metior

206 1363 272 1433 est,
294 1366 325 1416 et
348 1356 433 1437 qnod
459 1353 619 1415 subiunxit
641 1360 860 1435 argumentum
880 1347 937 1423 sit,
963 1348 1087 1411 virtutis
1108 1370 1200 1432 quarn
1224 1349 1396 1431 voluptatis
1417 1353 1516 1416 maio·

206 1465 273 1507 reto
295 1467 363 1508 esse
385 1447 533 1509 fructum.

291 1541 336 1616 (§.
361 1539 428 1617 58.)
449 1542 546 1604 Dices
567 1549 629 1601 tuo
651 1555 785 1619 quoqne
804 1535 918 1617 signa]
962 1535 1111 1600 Orator-ia
1126 1535 1206 1617 plaei
1227 1539 1305 1599 hanc
1319 1538 1382 1600 sibi
1397 1537 1515 1601 obiecit

163 1630 437 1712 esquaestionem,
464 1651 544 1715 quae
570 1649 666 1714 genus
693 1626 901 1690 consessionis
925 1627 956 1690 io
981 1650 1015 1692 se
1043 1632 1150 1692 habet.
1197 1634 1276 1694 Natn
1306 1634 1397 1696 aedili
1420 1646 1515 1716 atque

205 1723 548 1804 praetoriflortensio
574 1721 702 1785 etitem
729 1719 871 1782 Metellis
897 1734 985 1803 rapta
1013 1744 1053 1785 ex
1080 1723 1253 1804 provinciis
1279 1726 1368 1810 signa
1393 1728 1432 1787 ad
1460 1747 1516 1789 ot·-

206 1818 340 1878 nandum
366 1817 473 1880 iorum
502 1827 534 1880 et
558 1814 716 1879 comitium
745 1816 999 1878 commodaverat
1034 1818 1166 1882 Verres.
1217 1819 1302 1883 Olitn
1333 1821 1412 1882 enim
1443 1842 1513 1882 eum

204 1905 236 1969 in
260 1906 336 1972 foto
355 1909 419 1972 ltuli
440 1910 561 1992 populo
582 1911 729 1971 darentur
747 1905 844 1991 signis
867 1930 904 1969 ac
932 1910 1045 1972 tabulis
1067 1911 1158 1991 pictis
1189 1913 1301 1994 partim
1317 1913 1357 1973 ab
1383 1911 1510 1987 amicis,

204 2000 317 2081 partim
333 2022 349 2063 e
365 2003 499 2066 Graecia
521 2000 744 2076 commodatis,
769 2003 937 2063 utebantur
955 2004 994 2065 ad
1008 2024 1120 2066 scenae
1140 2004 1296 2087 speciem,
1321 2004 1392 2089 quia
1411 2007 1513 2067 adhuc

161 2107 194 2157 tt
204 2094 325 2156 theatra
348 2117 410 2158 non
432 2097 569 2159 inerant.

288 2188 478 2270 Comitium]
521 2192 631 2253 Locus
656 2202 791 2273 propter
814 2199 973 2264 senatum,
997 2210 1061 2271 quo
1077 2190 1166 2253 coire
1183 2189 1340 2275 equitibus
1356 2191 1510 2255 Romanis

203 2289 234 2341 et
255 2281 376 2362 populo
400 2283 546 2346 Romano
568 2283 652 2346 licet.

290 2375 359 2455 Qui
377 2395 411 2435 se
432 2375 636 2438 indiciorum
656 2375 819 2456 dominos]
864 2376 1069 2437 Hortensium
1100 2388 1307 2461 caeterosque
1330 2379 1467 2442 nobiles.

144 2483 193 2543 [erl
287 2469 331 2546 (§.
356 2466 424 2543 59.)
444 2466 497 2529 Ex
517 2465 594 2530 Asia
615 2466 890 2550 otqncAclmio]
935 2470 1024 2530 Unde
1044 2469 1167 2530 fuerant
1184 2469 1241 2531 ista
1257 2472 1346 2553 signa
1365 2493 1425 2552 per
1443 2472 1512 2533 iur-

160 2571 267 2629 estun
290 2560 429 2621 sublata:
466 2578 535 2619 natn
558 2557 701 2619 solebant
723 2557 956 2640 magistratibus
979 2561 1173 2625 conunodari
1193 2566 1362 2625 reddenda.

200 2766 360 2841 legendum,
371 2783 442 2831 non,
456 2780 485 2817 nt
499 2780 572 2830 ante,
586 2763 711 2836 Olyntho
724 2781 756 2815 ex
771 2768 881 2835 Agraria
896 2771 980 2836 prima
999 2767 1031 2817 ad
1050 2769 1197 2839 populum,
1211 2784 1349 2840 praeterea
1365 2769 1511 2834 Strabone,

201 2842 383 2907 Ptolemaeo,
410 2841 545 2911 Eutropio
575 2855 603 2891 et
633 2839 745 2890 Salustii
775 2839 952 2892 historiarum
983 2840 1053 2893 libro
1083 2849 1173 2912 primo
1207 2842 1278 2916 apud
1307 2845 1509 2898 Priscianum.”

200 2917 345 2974 MANUT.
366 2945 400 2959 -
421 2914 575 2986 ,Olympnj
596 2913 728 2966 Manutii.
748 2912 834 2968 Vetus
855 2914 1008 2985 Olynthos
1040 2917 1127 2972 HOT.
1222 2949 1225 2954 .

293 3029 318 3078 t.
338 3018 490 3086 Legatum]
519 3015 584 3068 Lod.
605 3032 632 3069 et
653 3034 727 3084 seqq.
749 3043 785 3057 -
803 3016 917 3084 legatus
936 3022 1048 3088 priores.

292 3098 318 3150 2.
338 3093 471 3160 Ferentio]
495 3091 579 3160 Lugd.
600 3091 664 3142 Hor.
685 3091 762 3143 Man.
782 3094 863 3144 Crcn.
885 3122 920 3135 -
939 3093 1067 3144 Herculis
1085 3099 1261 3166 antiquiores.

291 3174 319 3227 lt.
335 3164 544 3238 perscribenda]
563 3164 777 3234 praescribenda
799 3164 941 3219 Ald.·Hot.

291 3245 319 3301 6.
338 3248 547 3312 opportunis-ret
560 3243 681 3310 persen]
709 3246 934 3308 opportunisset:
962 3250 990 3293 et
1005 3261 1057 3312 per
1074 3259 1129 3296 scr.
1151 3245 1244 3297 Princ.

292 3324 374 3376 7—8.
393 3319 490 3368 Status
508 3345 527 3357 -
546 3345 565 3357 -
582 3344 603 3358 ··
614 3314 733 3386 figura]
771 3312 855 3386 Lug'd.
882 3317 958 3368 Man,
987 3346 1022 3358 -
1045 3317 1149 3388 figttra
1169 3348 1187 3360 -
1207 3350 1225 3361 -
1245 3348 1263 3360 -
1281 3326 1388 3369 statum
1415 3321 1506 3373 Ptine.

198 3391 306 3449 Benll.
327 3390 389 3447 Ald.
409 3420 442 3434 -
455 3389 560 3462 figura
579 3421 595 3432 -
613 3421 632 3432 -
652 3424 668 3433 -
687 3397 780 3439 status
800 3388 866 3442 Lod.
888 3392 951 3444 Hot.
971 3396 1050 3444 Creta.
1255 3452 1259 3462 st

292 3473 318 3525 7.
337 3474 445 3535 gestum
464 3471 598 3538 situmque
616 3464 809 3531 membrorum]
839 3463 944 3536 fictum
965 3474 1126 3536 gestumque
1135 3466 1294 3538 fabrorum
1314 3470 1426 3522 Graevii
1447 3469 1507 3525 MS,

291 3543 318 3597 9.
338 3543 421 3594 Certe
439 3540 544 3608 maior]
566 3538 647 3590 Certe
666 3555 722 3588 non
740 3545 830 3589 maior
852 3541 943 3594 Princ.
963 3540 1070 3594 Berald.
1301 3535 1305 3543 ’

273 3613 346 3668 Ibid.
366 3615 421 3686 est]
441 3631 495 3666 orn.
515 3611 574 3666 Atd.

271 3690 344 3745 lbtd.
364 3689 430 3761 qnid
446 3689 587 3760 opportet]
610 3685 694 3758 Lugd.
716 3688 781 3741 liet.
802 3686 880 3740 Men.
900 3687 981 3740 Creu.
1001 3716 1038 3730 -
1057 3687 1257 3760 quod'oportet
1276 3691 1368 3743 Ptine.
1388 3718 1426 3731 -
1444 3688 1511 3760 quid

197 3774 308 3835 oportet
327 3764 389 3818 Ald.
408 3793 440 3806 -
462 3763 528 3832 qnid
546 3763 615 3813 velit
635 3760 741 3814 Berald.
763 3761 829 3815 Lod.
1332 3813 1335 3818 ,

273 3849 316 3897 11.
337 3847 412 3890 certe
430 3843 520 3889 molor
539 3839 594 3904 eet]
628 3835 693 3889 Lod.
714 3851 741 3888 et
762 3853 835 3909 teqq.
854 3863 892 3878 -
911 3845 986 3889 certe
1005 3841 1120 3887 maioris
1138 3837 1230 3891 Prior.
1248 3835 1355 3891 Bertld.
1375 3861 1412 3876 -
1431 3847 1508 3891 certe

197 3920 288 3966 maior
306 3920 332 3965 ie
350 3912 412 3967 ald.

272 3996 318 4047 12.
338 4007 405 4040 vere
431 3992 521 4039 motor
539 3988 592 4052 est]
635 3982 719 4062 [qugd.
738 3984 803 4039 Hor.
824 3984 907 4037 Creu.
932 4012 966 4028 —
993 3985 1112 4040 Verrem
1132 3991 1264 4037 maiorem
1283 3987 1377 4041 Princ.
1396 3987 1504 4040 Berald.

197 4060 258 4119 ΔΜ.
278 4061 345 4117 Lod.
364 4091 401 4102 -
420 4063 512 4118 Verre
531 4065 620 4111 maior
639 4067 682 4111 ert
702 4060 779 4112 Man.

272 4137 343 4191 ibid.
363 4144 417 4203 sit,
435 4138 564 4202 virtutis]
597 4132 683 4207 Lugd.
709 4135 773 4187 lior.
799 4122 878 4188 Man:
905 4134 988 4189 Creu.
1013 4165 1043 4177 -
1065 4139 1181 4187 virtutis
1209 4132 1279 4208 (om.
1299 4131 1361 4208 rit.)
1380 4133 1450 4190 Lod.
1474 4165 1504 4178 ·-

195 4219 342 4266 servitutis
361 4217 540 4281 antiquiores.

271 4287 315 4346 14.
331 4288 418 4359 plari]
439 4284 546 4343 πλάσει
563 4283 638 4336 Meo.
657 4281 755 4336 Graec.
775 4310 814 4324 -
827 4280 928 4353 pler-asi
947 4283 1028 4335 Creo.

271 4371 316 4422 17.
336 4360 502 4427 ornandum]
524 4357 707 4410 ordinandum
729 4360 820 4410 Priuc.
840 4356 948 4410 Beraltl.

270 4443 315 4494 21.
338 4437 480 4501 Romanis]
502 4451 558 4486 orn.
582 4432 639 4485 ald.
659 4449 685 4484 et
706 4450 779 4502 seqq.

266 4517 311 4570 23.
331 4514 386 4581 Qui
403 4530 433 4561 se
452 4509 509 4562 ind.
529 4508 616 4576 dom]
636 4513 683 4576 qui
701 4507 758 4560 ind.
777 4505 848 4558 dom.
868 4524 897 4557 se
917 4506 1001 4559 Orell.
1023 4538 1057 4549 -
1076 4505 1245 4578 peliades
1264 4507 1335 4559 dom.
1356 4508 1467 4582 Zumpt.

270 4591 314 4643 2't.
334 4587 392 4654 Ex]
414 4585 451 4635 Et
473 4588 548 4635 Man.
864 4579 938 4635 thid:
955 4582 1047 4652 Unde]
1069 4599 1123 4634 orn.
1146 4581 1250 4635 Betald.

268 4666 312 4720 25.
330 4656 381 4731 peri
391 4659 509 4731 fitrtnm
530 4656 658 4708 tertiata:
683 4658 763 4726 nam]
796 4654 855 4709 Ald.
882 4654 949 4708 Lod.
977 4685 1014 4697 —
1038 4675 1090 4727 per
1109 4655 1229 4728 fructus
1254 4657 1303 4710 aei.
1327 4675 1391 4708 nom
1413 4660 1505 4713 Ptine.

193 4734 302 4790 Bereld.
328 4763 365 4779 -
387 4751 439 4806 per
457 4733 574 4803 furtum
593 4730 729 4790 antima„
752 4730 796 4783 Ab
813 4736 897 4784 sociis
912 4749 964 4800 per
981 4736 1072 4784 eretur
1090 4733 1203 4797 ablato,
1229 4736 1398 4803 ereptaque]
1428 4736 1504 4787 Nam
