3210 5280
58 274 88 355 'I'
148 330 266 415 iuquit3
280 330 388 412 coepit
399 329 504 415 dicere
517 329 735 404 adversarium
752 331 923 415 „quamdiu
939 352 1000 408 mc,
1015 329 1130 416 inquit,
1141 331 1181 393 sd
1193 328 1319 393 Iabuies
1337 282 1469 393 rocasl'¹

151 192 213 255 0οο
473 187 768 256 scuomusrs
792 188 1130 258 ououovmuos
1183 284 1186 287 Ι

148 425 236 490 Dicit
257 427 404 514 jsullius:
430 426 530 508 „Ego
554 425 679 510 quidem
694 425 798 488 habeo
815 426 986 490 multorum
1001 423 1165 506 exempla,
1189 444 1272 507 quae
1286 423 1465 504 proleram,

148 520 201 582 vel
224 520 414 595 amicorum,
446 522 501 582 sed
524 518 660 583 forsitan
681 516 733 580 isti
754 539 788 580 se
811 517 968 582 nominari
990 517 1114 583 nolunt.
1157 517 1361 602 Quamquam
1385 535 1462 601 qrros

149 612 250 696 magis
271 614 421 675 debemus
437 614 476 674 ad
499 611 641 695 exempla
667 611 818 693 prolerre
839 634 931 698 quam
955 610 1120 676 comicos?
1143 609 1197 696 qui
1217 609 1293 674 idco
1317 630 1348 672 a·
1366 607 1464 691 politis

123 703 357 781 §inducuntun
380 715 414 767 ut
439 704 565 768 iliorum
589 703 709 796 actibus
733 704 816 769 vitae
844 719 974 769 nostrae
995 706 1157 768 videamus
1183 702 1389 789 imaginem.''

238 802 291 863 47.
318 802 380 864 Vel
401 797 557 881 tribules]
592 797 657 878 Qui
682 799 719 861 de
742 820 803 862 uua
827 799 914 863 tribu
937 811 1027 878 sunt,
1050 800 1183 864 tribules
1206 799 1368 862 dicuntur.

235 893 288 956 18.
311 894 388 976 Age
410 913 499 954 nunc
520 891 621 984 refer
643 891 715 976 [orl]
739 892 907 975 animum]
931 895 1049 957 Adhuc
1065 894 1097 957 in
1113 893 1301 977 quiaestioue
1323 891 1377 954 itta
1402 911 1466 953 000-

149 998 256 1062 satur,
287 985 359 1068 quia
390 986 513 1048 dicebat
539 987 756 1062 adversarius,
794 988 867 1050 ideo
894 986 1032 1052 occisum
1059 1008 1078 1050 a
1102 988 1170 1050 lilio
1202 997 1325 1070 patrem
1355 983 1463 1061 fuisse,

150 1083 237 1166 qrmd
259 1079 328 1142 ruri
349 1099 475 1162 semper
504 1079 640 1143 dedisset
663 1101 805 1163 operam.
850 1082 915 1145 Hic
937 1080 1012 1144 elicit
1042 1081 1190 1146 omnibus
1217 1081 1349 1164 placere
1378 1078 1465 1143 vitam

108 1173 312 1237 torusticam.

235 1265 360 1350 Inopia
379 1265 576 1348 eriminum]
599 1266 638 1330 Id
667 1279 733 1346 est,
758 1291 852 1353 quum
875 1291 939 1334 non
965 1269 1060 1332 hebet
1081 1269 1169 1354 quod
1185 1265 1325 1332 obiiciat
1339 1264 1465 1330 Erucius

153 1360 294 1437 Roscio,
317 1360 350 1424 id
374 1360 504 1437 obiicit,
529 1362 615 1446 quod
638 1364 675 1424 ad
698 1363 821 1426 laudem
844 1362 954 1428 Roscii
976 1362 1119 1446 prolicit.

237 1453 321 1537 Cap.
345 1454 465 1517 XVII.
489 1456 557 1518 Sed
575 1457 768 1538 permultos
789 1478 854 1540 ego
876 1456 969 1538 nom]
1003 1456 1121 1520 Sensus
1145 1453 1237 1517 buius
1263 1452 1376 1537 cepitis
1404 1451 1465 1515 talis

151 1559 216 1612 est:
241 1549 317 1612 Nou
344 1549 440 1611 modo
467 1560 615 1630 parentes
637 1548 721 1613 lilios
748 1572 824 1614 suos
847 1550 960 1614 volunt
982 1549 1089 1614 studio
1119 1547 1234 1633 agendi
1264 1545 1413 1611 detineris
1439 1545 1466 1608 ie

109 1654 270 1707 essentum
293 1651 407 1724 putent
420 1641 518 1705 vitam
533 1641 684 1706 rusticum
707 1642 878 1726 optimam,
903 1655 938 1706 ut
958 1653 990 1706 et
1009 1640 1072 1725 ipsi
1087 1641 1195 1706 studio
1212 1639 1329 1726 egendi
1349 1660 1464 1723 operam

151 1738 239 1799 010001.

237 1829 290 1893 19.
323 1832 380 1893 Tu
400 1827 559 1892 callidior
581 1850 685 1912 quom
707 1829 775 1909 1010]
811 1831 947 1896 Diversa
975 1827 1099 1913 quidem
1131 1825 1266 1889 artificia
1296 1836 1388 1903 sum,
1418 1825 1464 1887 001

152 1920 300 2008 quotiens
323 1923 363 1983 cd
383 1922 476 1984 linem
498 1919 645 1996 veniunt,
670 1922 781 1987 similia
805 1936 896 2001 suut,
921 1921 1115 2006 antiquarius
1131 1931 1164 1984 et
1180 1922 1371 1983 advocatus.
1411 1921 1464 1982 Ars

153 2015 277 2100 quidem
300 2014 458 2076 dissimilis
484 2024 549 2090 est,
574 2016 628 2076 sed
651 2025 754 2078 temen
781 2038 832 2080 urs
858 2028 919 2081 est.
963 2017 1082 2081 lusus
1108 2012 1244 2099 queisque
1276 2025 1346 2077 erte
1367 2011 1464 2075 melior

108 2109 228 2182 utilio,
263 2129 359 2191 quirun
382 2107 503 2189 peritus
532 2106 563 2169 in
596 2107 726 2173 meliore
760 2124 853 2192 parte
882 2122 929 2174 est
955 2108 1091 2193 positus.
1145 2106 1286 2173 Erucius
1312 2116 1465 2170 accusetur

154 2200 327 2265 obiicicbat
349 2199 498 2263 rusticam
522 2199 618 2262 vitem
642 2202 778 2269 Roscio.
822 2203 912 2270 Dicit
934 2202 1057 2268 'l'ullius
1077 2201 1109 2266 in
1134 2201 1202 2264 boc·
1220 2199 1384 2264 meliorem
1407 2217 1464 2262 esse

153 2295 306 2359 Roscium
332 2294 475 2371 Erucio,
510 2297 598 2379 quiod
623 2296 736 2359 melior
766 2298 807 2361 sit
834 2298 888 2362 iiie
920 2297 1063 2383 egricola
1088 2315 1181 2380 quem
1212 2294 1267 2358 ilie
1292 2305 1463 2367 accusator,

153 2387 207 2451 itu
233 2387 353 2451 scilicet
375 2387 576 2463 conditione,
601 2410 662 2472 qua
684 2392 829 2473 superius
851 2390 998 2454 diximus.

239 2483 285 2544 Et
299 2480 494 2558 artificium
508 2481 743 2564 obliviscatur]
766 2486 881 2547 Sensus
897 2484 968 2548 telis
984 2495 1051 2548 est:
1076 2481 1224 2567 quoniam
1240 2480 1465 2565 Chrysogonus

110 2570 348 2656 isvitupeeavit
379 2574 474 2637 vitam
506 2574 675 2652 rusticam,
710 2576 832 2640 desinat
861 2578 930 2661 ipse
962 2578 1096 2660 exsequi
1129 2598 1237 2640 curam
1273 2576 1466 2639 colendorum

153 2687 327 2751 agrorum,
352 2688 434 2752 quos
460 2668 584 2731 Roscio
610 2669 694 2732 tulit.
738 2672 820 2733 Nam
847 2671 921 2734 licet
943 2672 1050 2736 doleat
1075 2673 1234 2748 Roscius,
1267 2673 1356 2755 quod
1378 2665 1467 2731 amisit

154 2781 272 2845 agros,
297 2773 401 2823 tamen
416 2773 584 2825 contentus
608 2773 676 2837 est,
700 2762 727 2826 si
750 2767 801 2828 vei
824 2765 1125 2841 vitamhubeu311t
1148 2766 1297 2830 ostendat
1319 2762 1466 2826 crudelem

155 2874 224 2917 esse
252 2853 520 2938 Chrysogonum,
545 2854 599 2938 qui
622 2876 662 2917 nc
686 2854 795 2940 inopia
821 2860 945 2944 quidem
970 2861 1068 2924 alicua
1097 2872 1267 2925 contentus
1289 2871 1353 2924 est.

237 2952 313 3015 Hoc
327 2971 408 3014 vero
422 2961 492 3027 est,
516 2952 609 3035 quod
616 2948 723 3042 ferri
737 2954 831 3015 nullo
846 2953 948 3017 modo
959 2952 1087 3036 potest]
1112 2954 1229 3016 Sensus
1252 2952 1348 3016 huius
1367 2947 1467 3032 capitis

111 3042 224 3112 sutelis
246 3056 310 3107 est:
346 3043 469 3120 Causa,
492 3044 612 3128 iuquit,
637 3045 735 3107 totius
758 3045 891 3126 periculi
913 3067 1066 3131 agrorum
1088 3047 1251 3129 possessio
1282 3056 1350 3111 est:
1381 3063 1465 3128 ergu-

154 3148 291 3199 mcutum
314 3137 387 3200 salsi
409 3138 546 3201 criminis
570 3139 710 3212 cultum
733 3159 804 3200 uam
826 3138 899 3204 ideo
924 3152 1090 3204 accusatur
1112 3141 1271 3218 Roscius,
1297 3140 1371 3226 quia
1386 3141 1467 3213 ¹dives

153 3227 227 3291 suit.
272 3228 310 3292 Id
341 3242 388 3292 est
413 3230 576 3293 inventum
610 3243 828 3314 argumentum
856 3231 1012 3311 criminis,
1048 3234 1196 3316 quoniam
1228 3255 1329 3316 agros
1361 3229 1466 3300 coluite

153 3320 276 3386 idcirco
305 3323 420 3387 dicitur
442 3324 597 3388 occidisse
619 3337 763 3406 patrem,
788 3326 859 3409 quia
881 3327 912 3389 iu
935 3348 1014 3412 egro
1034 3327 1113 3403 luit3
1135 3331 1193 3392 sed
1216 3339 1339 3406 tamen,
1364 3322 1465 3409 inquit,

156 3415 308 3478 liberatus
343 3428 392 3481 est
422 3417 507 3480 omui
535 3418 737 3499 suspicione;
775 3441 845 3483 uam
872 3420 960 3504 ipsos
987 3442 1083 3507 egros
1113 3422 1182 3486 aliis
1210 3422 1326 3497 coluit,
1362 3419 1470 3485 scilicet

113 3505 390 3593 35Chrysogono.

240 3601 325 3685 Cap.
349 3603 487 3667 XVIII.
511 3605 564 3669 50.
599 3606 678 3670 Nae
703 3615 760 3682 tu,
784 3607 909 3684 Eruci,
933 3619 1115 3673 aecusator
1129 3609 1236 3690 esses]
1260 3607 1358 3674 Circa
1375 3605 1471 3683 Chry·

157 3714 330 3782 sogonum.
375 3703 473 3782 Apud
497 3700 646 3786 antiquos
670 3714 740 3763 autc
763 3703 880 3765 dabant
902 3689 971 3765 riui
994 3701 1130 3786 aliquos.
1174 3703 1229 3766 Sic
1251 3701 1373 3765 militia.
1415 3699 1471 3762 Dat

229 3911 258 3967 5.
279 3910 403 3979 Illorum]
423 3910 461 3967 G.
483 3910 533 3966 Gr.
559 3939 598 3954 ·-
622 3916 652 3963 in
671 3912 782 3964 1110000000
803 3912 868 3967 seh.
918 3919 944 3972 7.
963 3918 994 3966 in
1012 3932 1038 3985 q.
1057 3913 1118 3983 illa]
1139 3913 1176 3969 G.
1196 3914 1247 3969 Gr.
1271 3941 1312 3956 -
1335 3912 1470 3981 10011100.

155 3981 218 4036 8010.
259 3988 304 4042 15.
323 3984 429 4054 agendi
446 3985 506 4056 1010]
527 3984 562 4041 G.
584 3987 633 4042 Ge.
652 4002 691 4040 ω
709 3991 777 4057 agri
795 3987 904 4040 colendi
923 3989 967 4042 bit
987 3990 1052 4044 8010.
1091 3999 1135 4049 18.
1155 3989 1349 4059 arete'quarr'us]
1375 3990 1409 4042 G.
1428 3987 1471 4041 Ge.

153 4071 192 4109 ω
207 4060 338 4127 agricola
353 4058 387 4113 de
399 4063 508 4114 Graevii
526 4066 662 4115 sententie
674 4061 739 4115 seu.
771 4066 815 4120 19.
828 4082 878 4116 ars
890 4066 946 4136 est]
959 4066 996 4119 G.
1011 4062 1061 4118 Gr.
1072 4091 1107 4105 -
1127 4064 1314 4118 (1010015010.
1346 4071 1390 4119 ¹20.
1410 4063 1467 4125 1110.

155 4150 236 4203 prtum
255 4136 325 4205 cet.]
348 4136 383 4190 G.
396 4137 448 4193 Gr.
469 4166 504 4180 -
523 4137 622 4189 melior
636 4142 746 4206 peritus
764 4139 829 4202 illo,
849 4144 896 4210 qui
914 4148 957 4192 est
975 4144 1138 4208 imperitus,
1155 4144 1187 4191 in
1205 4157 1241 4191 m.
1259 4159 1289 4209 p.
1309 4147 1354 4191 ert
1369 4159 1398 4211 p.
1417 4139 1472 4191 stt.

156 4214 201 4265 22.
229 4209 287 4277 ille]
318 4211 368 4264 Gr.
401 4212 466 4264 8010.
495 4238 532 4254 -
560 4213 608 4264 tuo
635 4214 671 4267 G.
722 4218 768 4271 25.
794 4213 983 4284 colendorum]
1014 4214 1080 4269 8010.
1108 4244 1145 4259 -
1174 4215 1340 4267 alendorum
1368 4216 1403 4269 G.
1428 4215 1471 4269 Gr.

155 4286 202 4340 26.
222 4285 297 4352 uelis]
319 4285 354 4340 G.
376 4285 426 4342 Gr.
452 4315 489 4330 ·-
515 4287 929 4344 0100001108010.000100181ὴῦ
950 4306 1018 4364 opus
1039 4294 1068 4343 in
1095 4291 1148 4344 lue
1168 4292 1330 4343 Lettnuese.
1370 4286 1426 4344 Cir.
1444 4284 1472 4338 sd

155 4358 339 4413 Mentumm
359 4359 384 4428 §.
404 4365 449 4420 23.
467 4379 601 4431 magnam
620 4367 766 4415 civitatem
785 4365 891 4417 tulerat
910 4364 1042 4433 Tigrani.
1092 4369 1139 4424 29.
1158 4367 1235 4419 usello
1255 4365 1354 4436 modo]
1376 4365 1411 4418 G.
1429 4361 1472 4416 Ge.

155 4460 194 4475 -
212 4451 267 4486 nou
287 4434 351 4490 Scit.
392 4442 437 4496 51.
457 4440 622 4509 arceretur]
643 4439 693 4492 Gr.
714 4439 779 4492 sch.
800 4469 836 4482 -
856 4450 1003 4493 aestuatus
1027 4440 1065 4496 G.
1105 4442 1151 4500 56.
1171 4442 1246 4508 Nae]
1269 4440 1335 4493 8010.
1356 4466 1393 4481 -
1420 4439 1472 4490 Nec

156 4508 192 4563 G.
213 4508 262 4563 Gr.
300 4512 346 4567 57.
367 4510 450 4564 Circa
470 4511 546 4580 Clam]
568 4512 604 4567 G.
625 4513 676 4568 Gr.
698 4543 734 4557 -
754 4512 808 4567 del.
830 4515 893 4570 8010.
933 4515 1004 4571 ibid.
1024 4515 1102 4585 apud
1118 4519 1184 4585 ceu]
1213 4517 1249 4570 G.
1270 4515 1339 4580 Gr..
1368 4513 1415 4567 sed
1434 4517 1472 4566 tic

155 4584 284 4637 0001111100.
306 4613 343 4628 -
362 4586 448 4657 Apred
466 4592 596 4657 autheeos
614 4589 697 4640 isdem
715 4588 822 4641 dabant
841 4596 904 4642 ruri
921 4608 1054 4662 operam,
1074 4596 1121 4662 qul
1139 4594 1266 4644 militine.
1289 4590 1358 4644 8010.
1391 4590 1471 4642 Foru:

155 4658 242 4728 Apud
259 4664 390 4729 antiquos
408 4669 474 4715 aute
494 4661 601 4716 dabant
619 4669 681 4716 run·
700 4682 790 4718 anuos
808 4666 932 4738 aliquos,
949 4673 990 4721 sr'e
1009 4667 1041 4741 (t.
1062 4685 1086 4721 0.
1107 4671 1136 4721 in
1155 4667 1208 4722 1000
1227 4666 1400 4734 Lausum,
1420 4679 1470 4718 tun

156 4731 284 4809 demum)
304 4736 429 4792 militiae.
456 4738 510 4793 00.
