3210 5280
216 192 278 255 tit
591 256 594 262 ,
650 188 1072 259 essurio-asconius

301 330 506 412 Cominium,
538 342 576 394 ut
600 354 697 396 nemo
729 351 880 415 unquam
908 325 1078 411 paratior]
1136 322 1237 405 Quam
1271 345 1333 409 ego
1371 321 1521 387 venerim.

216 424 310 488 Nunc
330 424 406 485 illud
428 435 492 496 est,
515 425 600 506 qnod
621 434 730 505 postca
754 423 851 484 dicet:
1502 479 1505 486 ,

300 519 345 596 (§.
369 516 436 588 33.)
457 515 494 580 ln
515 516 589 577 alia
610 524 762 594 tempora
782 511 994 591 reservemus]
1037 513 1074 575 In
1096 513 1259 574 secundam
1282 509 1449 573 actionem.

292 605 568 685 Auctornurttus]
612 604 913 670 Confirmationibus
936 604 1133 688 eloquentiae
1154 603 1286 666 scilicet.

192 704 207 754 5
300 698 353 760 Ex
374 697 467 757 istius
487 705 635 777 tempore
655 708 686 760 et
708 697 837 777 causo]
887 696 1002 759 Sensus
1034 709 1100 759 est:
1126 697 1199 761 Non
1232 695 1348 778 ingenii
1375 694 1421 757 tui
1451 706 1516 773 est,

218 791 304 872 quod
328 797 437 850 contra
460 807 507 848 me
530 787 682 866 malitiose
708 787 794 863 exis,
818 791 874 851 sed
896 790 958 850 hoc
978 789 1020 851 ita
1042 788 1162 871 expetit
1182 799 1303 870 tempus
1324 787 1434 865 huius,
1458 789 1521 851 hoc

218 895 284 958 est,
307 879 477 963 periculum
500 881 613 942 Verris
636 893 666 943 et
688 883 765 944 main
787 903 898 955 causa,
922 903 1013 966 quam
1035 879 1213 967 suscepisti.

301 977 345 1052 (§.
368 973 436 1050 dl.)
457 972 648 1038 Secundum
669 973 762 1036 binos
783 956 897 1050 luiios]
951 975 1033 1038 Post
1057 973 1147 1036 binos
1179 973 1287 1048 ludos,
1325 971 1453 1037 votivos
1485 995 1521 1036 ac

218 1069 393 1132 Romanos.

178 1165 208 1214 ¹⁰
307 1161 393 1224 Ante
419 1159 547 1238 primos
573 1156 672 1220 ludos
701 1158 1000 1238 comperendinem]
1042 1159 1079 1221 Id
1109 1169 1173 1231 est,
1208 1179 1256 1219 nse
1285 1168 1315 1218 et
1344 1168 1374 1218 te
1404 1156 1521 1220 dixisse

161 1261 209 1322 [π]
222 1252 373 1336 profitens
395 1249 729 1332 cornpereudinatiouis
753 1247 903 1311 indicibus
925 1249 1035 1312 inciam
1059 1260 1281 1330 potestatem„

303 1344 435 1423 Astuta]
478 1344 624 1406 Urbana:
662 1341 775 1404 etenim
803 1347 878 1403 turbs
907 1351 982 1406 astu
1011 1343 1137 1406 dicitnr.
1182 1342 1371 1407 Terentius:
1408 1340 1455 1407 An
1487 1346 1521 1404 in

219 1447 294 1501 astu
317 1437 426 1500 verrit?

302 1530 347 1607 (§.
370 1529 436 1606 35.)
460 1527 647 1612 Cupiditas]
690 1523 938 1606 corruptionem
961 1526 1094 1590 iudicum
1118 1527 1286 1611 siguificat.

178 1637 208 1684 ts
305 1625 343 1686 lu
363 1620 561 1705 qutlsusdnm
582 1619 731 1697 iudiciis]
775 1618 917 1680 'ferentii
932 1621 1109 1684 Varronis:
1133 1621 1188 1683 ubi
1209 1621 1417 1686 discoloribus
1439 1620 1521 1684 ceris

220 1735 294 1777 usus
316 1725 380 1785 est,
406 1724 435 1774 et
457 1712 529 1786 ubi,
553 1723 703 1794 utsupra
726 1711 879 1785 diximus,
903 1713 994 1776 elusit
1016 1715 1137 1778 nobiles
1158 1734 1292 1797 pueros.

304 1807 348 1884 (§.
372 1804 439 1883 36.)
459 1801 648 1885 Assiduum]
690 1805 880 1882 Molestum,
906 1807 1057 1868 additum.

315 2058 340 2108 1.
360 2047 524 2121 Confioiam]
557 2050 648 2102 Prius.
668 2049 774 2104 Bernld.
794 2049 852 2104 xli.
882 2080 919 2093 -
947 2049 1096 2124 Perfieiam
1123 2050 1189 2105 Lod.
1214 2069 1240 2104 et
1265 2070 1338 2123 seqq.
1364 2070 1425 2104 cum
1445 2051 1523 2106 edint.

221 2127 371 2180 Ciceronis.
408 2124 499 2178 Altera
519 2124 727 2192 ramesiensis,
754 2130 893 2179 immerito
912 2126 1052 2198 neglecta,
1077 2126 1164 2180 mulso
1186 2127 1283 2179 melius
1303 2127 1416 2198 quadret
1435 2126 1526 2180 serbi:

221 2220 258 2253 ex
276 2204 459 2252 aocrssats'nae.

298 2273 365 2328 ibid.
385 2292 503 2345 ranrsam
517 2275 666 2345 paratior]
687 2271 772 2345 Lugd.
795 2275 869 2327 Man.
892 2303 922 2314 -
944 2282 1043 2325 contra
1056 2275 1140 2326 aliter
1155 2278 1242 2328 Princ.
1258 2274 1363 2329 Berald.
1380 2274 1441 2330 nid.
1455 2262 1523 2329 Lod.

221 2354 258 2394 ·'-
271 2367 326 2402 om.
339 2351 406 2402 Ηοι.
424 2353 503 2402 Creu.
525 2377 559 2389 -
579 2350 700 2418 „Verum
719 2346 874 2420 Conficiam
893 2356 923 2399 ut
941 2367 1019 2399 nemo
1038 2358 1137 2400 contra
1156 2351 1242 2401 aliter
1260 2369 1339 2419 qrram
1358 2368 1412 2418 ego
1430 2352 1523 2413 velim,

221 2444 293 2478 nnnc
319 2423 389 2475 illud
411 2432 454 2475 est
478 2421 552 2494 ruod
571 2433 669 2492 postea
696 2421 777 2475 dicet.
802 2422 874 2493 quod
900 2422 1029 2475 rnendusn
1055 2441 1088 2475 ex
1113 2423 1160 2475 illo
1186 2425 1248 2476 loco
1274 2429 1405 2476 orationis
1427 2430 1523 2477 tersiae

222 2500 396 2554 sustulimus:
426 2498 464 2549 Et
483 2516 517 2548 ne
535 2498 622 2549 aliter
639 2515 719 2567 pesam
738 2515 791 2566 ego
809 2513 863 2550 cer.
901 2498 1062 2551 Hortensius
1082 2505 1156 2550 enirn
1177 2501 1340 2552 abstinuisse
1360 2505 1522 2553 Ciceronem

222 2575 257 2626 sb
278 2577 451 2627 accusatione
471 2589 602 2646 perpetus
621 2571 747 2637 dicebat,
779 2571 833 2624 alio
852 2573 968 2626 consilio
996 2571 1088 2639 nullo,
1113 2579 1168 2628 nisi
1194 2590 1223 2627 ut
1247 2574 1350 2627 nullam
1370 2579 1395 2626 ei
1415 2572 1524 2627 dicendi

221 2644 380 2707 facultatem
402 2647 593 2717 relinqueret.”
619 2646 706 2701 HO'l'.

296 2722 365 2776 lltid.
385 2740 467 2791 queam
486 2740 539 2790 ego
558 2725 693 2789 venerim]
720 2720 766 2774 ste
785 2725 893 2792 scripsi.
926 2751 955 2762 -
985 2739 1066 2791 qnam
1085 2738 1139 2790 ego
1157 2727 1295 2786 venerim,
1313 2722 1418 2774 seilicet
1437 2722 1524 2794 Lngd.

222 2798 300 2855 Man.
320 2826 357 2840 -
375 2815 454 2865 quam
473 2814 527 2865 ego
544 2799 627 2848 velim
647 2796 740 2850 Prisc.
760 2795 866 2848 Bersld.
886 2793 948 2849 Ali.
968 2794 1036 2851 Lod.
1055 2825 1090 2840 -
1110 2815 1163 2849 οιιι.
1183 2798 1248 2850 Ηοι.
1269 2799 1349 2851 Creu.

315 2879 341 2928 2.
362 2871 444 2939 dicet]
477 2870 568 2923 dicet:
597 2870 636 2923 Et
660 2889 694 2922 rra
725 2873 809 2922 aliter
835 2888 916 2941 quam
940 2886 994 2938 rgo
1017 2870 1118 2938 velim,
1147 2890 1234 2923 meum
1261 2871 1356 2923 larsdet
1382 2875 1524 2941 ingenium

222 2947 288 3005 ssot.
311 2947 390 3001 Crem.
1380 2961 1384 2970 “

316 3026 341 3081 3.
362 3037 542 3073 reservemus.
579 3019 624 3086 Ia]
645 3035 833 3081 reservemus,
853 3016 956 3082 idest,
976 3022 1005 3068 irs
1023 3017 1108 3091 Lugd.
1129 3019 1205 3073 Man.

297 3095 369 3152 ibid.
387 3094 535 3146 terrendam
553 3097 701 3161 actionem]
725 3091 808 3166 Lugd.
830 3093 892 3146 ilat.
913 3094 990 3147 Man.
1003 3093 1083 3146 Creu.
1106 3124 1136 3135 -
1159 3093 1277 3145 secunda
1289 3098 1397 3145 actione
1411 3098 1526 3166 priores.

222 3230 225 3234 ,
316 3175 344 3229 4.
364 3168 629 3241 Confirrrsatiorsibus
648 3170 716 3238 eioq.
734 3167 851 3239 scilicet]
887 3167 982 3237 ²‚Quid
1009 3169 1058 3220 hae
1085 3175 1260 3221 auctoritates
1286 3167 1404 3233 inerint,
1433 3185 1459 3221 et
1481 3188 1527 3240 per

223 3261 253 3300 se
273 3260 363 3318 paret,
382 3262 409 3297 es
428 3263 460 3295 ex
479 3261 504 3297 c.
524 3250 550 3304 5.
570 3244 650 3296 huius
669 3259 738 3297 orsu.
777 3244 900 3295 Fortasse
925 3258 989 3295 nats
1015 3245 1081 3296 haec
1108 3249 1224 3315 pertinet
1245 3241 1278 3294 sd
1298 3244 1392 3295 verba:
1422 3249 1451 3294 tn
1470 3264 1526 3295 ea·

220 3320 359 3391 plicaadis
378 3320 546 3372 criminibus.
581 3318 713 3374 cinit.
763 3320 955 3380 Arestoritates
979 3334 1042 3371 sunt
1069 3323 1224 3371 testimonla
1251 3322 1306 3371 sive
1334 3318 1443 3390 publica
1469 3325 1524 3371 sive

223 3400 343 3467 privata,
373 3411 488 3463 qnorum
516 3398 686 3445 auctoritate
714 3390 816 3464 aliquid
844 3391 983 3464 probinus.
1026 3393 1081 3446 Eae
1109 3393 1155 3446 iric
1182 3408 1358 3466 opponuntur
1385 3395 1477 3444 literis
1504 3412 1525 3447 s.

224 3469 353 3523 tabrins.‘'
381 3467 559 3522 scutisstz.
960 3526 962 3531 ,

317 3547 344 3601 5.
365 3543 459 3613 istius]
489 3539 556 3595 Lnd.
578 3546 605 3594 e't
625 3558 699 3613 seqq.
718 3568 755 3583 -
772 3545 859 3610 ipsius
878 3545 1054 3611 antiquiores.

315 3620 343 3676 6.
361 3618 592 3682 malitiosum,
620 3614 670 3667 sed
686 3614 736 3667 lroc
754 3621 795 3667 tta
822 3618 896 3686 exp]
930 3615 1015 3686 lugd.
1034 3617 1097 3669 tior.
1117 3616 1193 3669 Man.
1214 3615 1296 3670 Crem.
1323 3641 1360 3654 -
1388 3617 1524 3668 malitiose

224 3701 336 3748 exisset.
356 3691 407 3744 isos
425 3699 519 3745 autem
537 3710 599 3765 exp.
614 3692 705 3744 Princ.
719 3693 782 3744 Ber.
796 3689 857 3744 ild.
876 3718 911 3732 -
932 3695 1017 3758 egisti
1033 3691 1181 3744 malitiose.
1200 3689 1250 3741 isos
1269 3698 1362 3742 autem
1380 3709 1443 3761 exp.
1458 3691 1523 3744 Lod.

317 3773 341 3828 7.
362 3767 435 3818 mdo
454 3769 549 3834 carssa]
589 3763 658 3822 Lod.
684 3782 710 3819 et
737 3783 811 3839 seqq.
840 3795 870 3806 -
898 3765 1000 3816 mairam
1024 3783 1111 3819 cansa
1129 3767 1220 3820 Priac.
1240 3765 1346 3820 Bersld.
1367 3794 1404 3808 -
1423 3768 1524 3818 malum

224 3861 323 3897 emmae
343 3841 403 3897 nid.

300 3926 344 3974 10.
364 3915 611 3986 σοιιιρσνιιιᾰὶιιειιι]
644 3932 703 3966 eran
724 3932 777 3986 per·
802 3913 926 3965 ordinem
951 3915 1043 3969 Ptine.

299 3992 368 4047 thid.
388 3999 416 4043 et
435 3993 474 4058 te]
498 3998 525 4042 et
544 4009 563 4042 a
583 3998 610 4041 te
630 3992 720 4043 Princ.

300 4073 345 4122 tt.
360 4065 511 4140 profitens]
550 4063 618 4121 Lod.
643 4061 727 4137 Lugd.
746 4062 812 4117 ilat.
831 4067 912 4119 Creu.
939 4093 976 4108 ·-
997 4061 1148 4136 proficiens
1166 4063 1256 4116 Prine.
1276 4061 1383 4116 Berald.
1410 4060 1472 4117 did.
1494 4091 1523 4104 -

243 4160 276 4194 ro
301 4151 391 4196 tentes
410 4143 484 4195 Man.

222 4163 242 4215 p
270 4140 346 4273 fiii.
367 4219 441 4283 mter]
465 4218 553 4269 Prisc.
573 4211 678 4269 Bersld.
701 4208 767 4264 Lnd.
787 4241 821 4255 -
841 4207 918 4269 ἄστυ
938 4216 1041 4277 ceteri,
1061 4226 1156 4264 contrs
1177 4215 1333 4284 interpretis
1353 4217 1528 4265 seutentism.

301 4297 346 4350 12.
366 4290 526 4363 Terentius]
546 4290 669 4344 Eunuclt.
692 4293 753 4342 Act.
773 4286 805 4338 V.
826 4287 870 4340 Sc.
889 4289 916 4346 6.
936 4306 973 4341 vs.
996 4292 1039 4344 17.

289 4365 502 4437 ·15.Tererstis]
531 4369 633 4416 terenti
652 4364 742 4416 Princ.
761 4361 866 4414 Berald.

301 4442 372 4496 lbid.
391 4439 583 4511 directoribus]
606 4438 663 4493 nid.
683 4452 710 4490 et
730 4453 806 4506 seqq.
830 4466 860 4477 -
881 4435 1052 4489 discordibus
1070 4437 1160 4489 Princ.
1181 4433 1289 4491 Berald.

303 4519 346 4574 16.
366 4525 397 4567 nt
416 4533 499 4582 supra
519 4514 650 4581 diximus]
678 4510 719 4564 Ad
739 4511 858 4564 Divinas.
880 4513 901 4577 3.
923 4512 966 4566 23.

303 4598 346 4649 17.
366 4590 502 4657 additum]
522 4591 628 4642 uelitum
648 4585 756 4640 Bersld.
785 4615 813 4626 -
842 4584 984 4638 addictum
1005 4587 1069 4638 llos.
1090 4585 1170 4637 Creu.
1191 4614 1227 4625 —
1253 4586 1374 4653 ,Vetus‚
1393 4582 1528 4636 additum.

228 4666 273 4720 Sic
295 4666 458 4734 [addictum]
490 4662 685 4718 restituendum
707 4666 870 4735 putavimus.
899 4662 984 4715 stoi.
1023 4659 1247 4712 Videltrslrerrb.
1270 4659 1529 4716 stttv.vt.1s.·’

227 4741 360 4798 GARAT.
398 4738 567 4793 Vocsbulnm
586 4737 727 4802 additum,
746 4737 818 4808 quod
832 4751 872 4791 est
885 4741 972 4817 etiarn
984 4741 1013 4789 in
1026 4737 1137 4791 Grsesii
1151 4733 1263 4800 codice,
1282 4739 1385 4808 optime
1398 4752 1426 4789 se
1440 4734 1519 4788 habet
