<?xml version="1.0" encoding="UTF-8"?>
<!DOCTYPE html PUBLIC "-//W3C//DTD XHTML 1.0 Transitional//EN"
    "http://www.w3.org/TR/xhtml1/DTD/xhtml1-transitional.dtd">
<html xmlns="http://www.w3.org/1999/xhtml" xml:lang="en" lang="en">
 <head>
  <title>
</title>
<meta http-equiv="Content-Type" content="text/html;charset=utf-8" />
  <meta name='ocr-system' content='tesseract 3.04.00' />
  <meta name='ocr-capabilities' content='ocr_page ocr_carea ocr_par ocr_line ocrx_word'/>
</head>
<body>
  <div class='ocr_page' id='page_1' title='image "./operaquaesupers03halmgoog/operaquaesupers03halmgoog_0101.png"; bbox 0 0 3210 5280; ppageno 0'>
   <div class='ocr_carea' id='block_1_1' title="bbox 233 199 1004 268">
    <p class='ocr_par' dir='ltr' id='par_1_1' title="bbox 233 199 1004 268">
     <span class='ocr_line' id='line_1_1' title="bbox 233 199 1004 268; baseline 0.006 -7"><span class='ocrx_word' id='word_1_1' title='bbox 233 200 274 262; x_wconf 83' lang='lat' dir='ltr'>io</span> <span class='ocrx_word' id='word_1_2' title='bbox 775 199 1004 268; x_wconf 74' lang='lat' dir='ltr'>escolinis</span> 
     </span>
    </p>
   </div>
   <div class='ocr_carea' id='block_1_2' title="bbox 211 338 1546 888">
    <p class='ocr_par' dir='ltr' id='par_1_2' title="bbox 211 338 1546 888">
     <span class='ocr_line' id='line_1_2' title="bbox 233 338 1544 423; baseline 0.002 -20"><span class='ocrx_word' id='word_1_3' title='bbox 233 338 347 403; x_wconf 76' lang='lat' dir='ltr'><strong>aediles</strong></span> <span class='ocrx_word' id='word_1_4' title='bbox 382 352 536 403; x_wconf 87' lang='lat' dir='ltr'>seerettnn</span> <span class='ocrx_word' id='word_1_5' title='bbox 566 349 638 403; x_wconf 85' lang='lat' dir='ltr'>ente</span> <span class='ocrx_word' id='word_1_6' title='bbox 670 358 779 404; x_wconf 87' lang='lat' dir='ltr'>omnes</span> <span class='ocrx_word' id='word_1_7' title='bbox 814 341 918 404; x_wconf 91' lang='lat' dir='ltr'>ioenm</span> <span class='ocrx_word' id='word_1_8' title='bbox 951 338 1114 423; x_wconf 79' lang='lat' dir='ltr'>spectandi</span> <span class='ocrx_word' id='word_1_9' title='bbox 1148 341 1346 406; x_wconf 79' lang='lat' dir='ltr'>senatortirns</span> <span class='ocrx_word' id='word_1_10' title='bbox 1380 342 1544 419; x_wconf 77' lang='lat' dir='ltr'>dederint,</span> 
     </span>
     <span class='ocr_line' id='line_1_3' title="bbox 233 432 1544 520; baseline 0.002 -25"><span class='ocrx_word' id='word_1_11' title='bbox 233 435 344 496; x_wconf 79' lang='lat' dir='ltr'>eodeni</span> <span class='ocrx_word' id='word_1_12' title='bbox 367 433 422 497; x_wconf 90' lang='lat' dir='ltr'>ilio</span> <span class='ocrx_word' id='word_1_13' title='bbox 444 433 530 495; x_wconf 81' lang='lat' dir='ltr'>iacto</span> <span class='ocrx_word' id='word_1_14' title='bbox 554 432 711 515; x_wconf 75' lang='lat' dir='ltr'>Scipionis</span> <span class='ocrx_word' id='word_1_15' title='bbox 732 432 765 497; x_wconf 94' lang='lat' dir='ltr'>in</span> <span class='ocrx_word' id='word_1_16' title='bbox 786 436 846 496; x_wconf 83' lang='lat' dir='ltr'>hee</span> <span class='ocrx_word' id='word_1_17' title='bbox 866 434 990 518; x_wconf 88' lang='lat' dir='ltr'>quidein</span> <span class='ocrx_word' id='word_1_18' title='bbox 1013 434 1173 512; x_wconf 80' lang='lat' dir='ltr'>oratione,</span> <span class='ocrx_word' id='word_1_19' title='bbox 1197 435 1271 520; x_wconf 81' lang='lat' dir='ltr'>qnia</span> <span class='ocrx_word' id='word_1_20' title='bbox 1292 455 1386 498; x_wconf 86' lang='lat' dir='ltr'>eausa</span> <span class='ocrx_word' id='word_1_21' title='bbox 1406 436 1544 516; x_wconf 84' lang='lat' dir='ltr'>popnin-</span> 
     </span>
     <span class='ocr_line' id='line_1_4' title="bbox 234 525 1544 613; baseline 0.003 -26"><span class='ocrx_word' id='word_1_22' title='bbox 234 525 386 598; x_wconf 78' lang='lat' dir='ltr'>riserat,</span> <span class='ocrx_word' id='word_1_23' title='bbox 427 528 690 610; x_wconf 76' lang='lat' dir='ltr'>preme-baturque</span> <span class='ocrx_word' id='word_1_24' title='bbox 711 538 837 590; x_wconf 81' lang='lat' dir='ltr'>senatus</span> <span class='ocrx_word' id='word_1_25' title='bbox 858 527 1065 603; x_wconf 79' lang='lat' dir='ltr'>auctoritate,</span> <span class='ocrx_word' id='word_1_26' title='bbox 1101 541 1194 611; x_wconf 82' lang='lat' dir='ltr'>atque</span> <span class='ocrx_word' id='word_1_27' title='bbox 1224 531 1266 592; x_wconf 93' lang='lat' dir='ltr'>ob</span> <span class='ocrx_word' id='word_1_28' title='bbox 1295 527 1328 591; x_wconf 93' lang='lat' dir='ltr'>id</span> <span class='ocrx_word' id='word_1_29' title='bbox 1359 526 1544 613; x_wconf 80' lang='lat' dir='ltr'>dignitatern</span> 
     </span>
     <span class='ocr_line' id='line_1_5' title="bbox 235 618 1546 704; baseline 0.002 -22"><span class='ocrx_word' id='word_1_30' title='bbox 235 618 301 682; x_wconf 87' lang='lat' dir='ltr'>eins</span> <span class='ocrx_word' id='word_1_31' title='bbox 321 618 446 697; x_wconf 82' lang='lat' dir='ltr'>ordinis</span> <span class='ocrx_word' id='word_1_32' title='bbox 463 641 554 701; x_wconf 81' lang='lat' dir='ltr'>qnent</span> <span class='ocrx_word' id='word_1_33' title='bbox 578 620 680 701; x_wconf 78' lang='lat' dir='ltr'>possit</span> <span class='ocrx_word' id='word_1_34' title='bbox 702 620 836 683; x_wconf 81' lang='lat' dir='ltr'>maxime</span> <span class='ocrx_word' id='word_1_35' title='bbox 858 619 974 683; x_wconf 87' lang='lat' dir='ltr'>eievsri</span> <span class='ocrx_word' id='word_1_36' title='bbox 993 640 1104 684; x_wconf 81' lang='lat' dir='ltr'>eansne</span> <span class='ocrx_word' id='word_1_37' title='bbox 1124 621 1328 704; x_wconf 78' lang='lat' dir='ltr'>expediebat,</span> <span class='ocrx_word' id='word_1_38' title='bbox 1351 621 1546 704; x_wconf 86' lang='lat' dir='ltr'>poenituisse</span> 
     </span>
     <span class='ocr_line' id='line_1_6' title="bbox 211 711 1545 797; baseline 0.002 -24"><span class='ocrx_word' id='word_1_39' title='bbox 211 711 279 782; x_wconf 74' lang='lat' dir='ltr'>seit</span> <span class='ocrx_word' id='word_1_40' title='bbox 300 712 498 793; x_wconf 81' lang='lat' dir='ltr'>Scipionem,</span> <span class='ocrx_word' id='word_1_41' title='bbox 522 714 609 797; x_wconf 86' lang='lat' dir='ltr'>qnod</span> <span class='ocrx_word' id='word_1_42' title='bbox 629 734 741 794; x_wconf 84' lang='lat' dir='ltr'>passus</span> <span class='ocrx_word' id='word_1_43' title='bbox 763 723 845 775; x_wconf 87' lang='lat' dir='ltr'>esset</span> <span class='ocrx_word' id='word_1_44' title='bbox 866 712 898 774; x_wconf 91' lang='lat' dir='ltr'>id</span> <span class='ocrx_word' id='word_1_45' title='bbox 921 711 1007 786; x_wconf 80' lang='lat' dir='ltr'>fieti3</span> <span class='ocrx_word' id='word_1_46' title='bbox 1030 711 1062 775; x_wconf 89' lang='lat' dir='ltr'>in</span> <span class='ocrx_word' id='word_1_47' title='bbox 1083 734 1119 777; x_wconf 81' lang='lat' dir='ltr'>ea</span> <span class='ocrx_word' id='word_1_48' title='bbox 1143 715 1289 778; x_wconf 82' lang='lat' dir='ltr'>oratione</span> <span class='ocrx_word' id='word_1_49' title='bbox 1310 715 1349 777; x_wconf 88' lang='lat' dir='ltr'>de</span> <span class='ocrx_word' id='word_1_50' title='bbox 1365 713 1545 795; x_wconf 78' lang='lat' dir='ltr'>aruspientn</span> 
     </span>
     <span class='ocr_line' id='line_1_7' title="bbox 236 804 1544 888; baseline -0.004 -19"><span class='ocrx_word' id='word_1_51' title='bbox 236 827 412 887; x_wconf 83' lang='lat' dir='ltr'>responso,</span> <span class='ocrx_word' id='word_1_52' title='bbox 451 804 522 888; x_wconf 87' lang='lat' dir='ltr'>qnia</span> <span class='ocrx_word' id='word_1_53' title='bbox 543 806 571 867; x_wconf 94' lang='lat' dir='ltr'>in</span> <span class='ocrx_word' id='word_1_54' title='bbox 593 815 703 869; x_wconf 86' lang='lat' dir='ltr'>senatu</span> <span class='ocrx_word' id='word_1_55' title='bbox 725 807 918 880; x_wconf 83' lang='lat' dir='ltr'>habebatur,</span> <span class='ocrx_word' id='word_1_56' title='bbox 955 805 1043 869; x_wconf 89' lang='lat' dir='ltr'>enins</span> <span class='ocrx_word' id='word_1_57' title='bbox 1062 807 1192 869; x_wconf 81' lang='lat' dir='ltr'>attribue</span> <span class='ocrx_word' id='word_1_58' title='bbox 1215 818 1282 869; x_wconf 82' lang='lat' dir='ltr'>erat</span> <span class='ocrx_word' id='word_1_59' title='bbox 1304 804 1544 880; x_wconf 78' lang='lat' dir='ltr'>blandiendum,</span> 
     </span>
    </p>
   </div>
   <div class='ocr_carea' id='block_1_3' title="bbox 237 898 1547 1076">
    <p class='ocr_par' dir='ltr' id='par_1_3' title="bbox 237 898 1547 1076">
     <span class='ocr_line' id='line_1_8' title="bbox 237 898 1547 984; baseline 0 -22"><span class='ocrx_word' id='word_1_60' title='bbox 237 910 269 962; x_wconf 87' lang='lat' dir='ltr'>et</span> <span class='ocrx_word' id='word_1_61' title='bbox 289 920 479 984; x_wconf 78' lang='lat' dir='ltr'>magnopere</span> <span class='ocrx_word' id='word_1_62' title='bbox 500 900 587 962; x_wconf 89' lang='lat' dir='ltr'>iiinm</span> <span class='ocrx_word' id='word_1_63' title='bbox 609 899 733 974; x_wconf 80' lang='lat' dir='ltr'>landet,</span> <span class='ocrx_word' id='word_1_64' title='bbox 757 910 872 963; x_wconf 85' lang='lat' dir='ltr'>einen</span> <span class='ocrx_word' id='word_1_65' title='bbox 895 911 1056 975; x_wconf 81' lang='lat' dir='ltr'>anctoretn</span> <span class='ocrx_word' id='word_1_66' title='bbox 1078 899 1175 965; x_wconf 79' lang='lat' dir='ltr'>iniisse</span> <span class='ocrx_word' id='word_1_67' title='bbox 1200 900 1293 964; x_wconf 80' lang='lat' dir='ltr'>dandi</span> <span class='ocrx_word' id='word_1_68' title='bbox 1315 901 1406 981; x_wconf 82' lang='lat' dir='ltr'>(nam</span> <span class='ocrx_word' id='word_1_69' title='bbox 1427 898 1460 963; x_wconf 89' lang='lat' dir='ltr'>id</span> <span class='ocrx_word' id='word_1_70' title='bbox 1479 910 1547 963; x_wconf 82' lang='lat' dir='ltr'>erat</span> 
     </span>
     <span class='ocr_line' id='line_1_9' title="bbox 237 991 950 1076; baseline 0.003 -21"><span class='ocrx_word' id='word_1_71' title='bbox 237 991 376 1072; x_wconf 82' lang='lat' dir='ltr'>levius),</span> <span class='ocrx_word' id='word_1_72' title='bbox 400 995 455 1056; x_wconf 86' lang='lat' dir='ltr'>sed</span> <span class='ocrx_word' id='word_1_73' title='bbox 478 993 580 1076; x_wconf 89' lang='lat' dir='ltr'>ipsnm</span> <span class='ocrx_word' id='word_1_74' title='bbox 603 991 696 1056; x_wconf 82' lang='lat' dir='ltr'>etiam</span> <span class='ocrx_word' id='word_1_75' title='bbox 719 991 842 1057; x_wconf 86' lang='lat' dir='ltr'>dedisse</span> <span class='ocrx_word' id='word_1_76' title='bbox 864 993 950 1057; x_wconf 84' lang='lat' dir='ltr'>dieii.</span> 
     </span>
    </p>
   </div>
   <div class='ocr_carea' id='block_1_4' title="bbox 169 1136 1075 1238">
    <p class='ocr_par' dir='ltr' id='par_1_4' title="bbox 169 1136 1075 1238">
     <span class='ocr_line' id='line_1_10' title="bbox 169 1136 1075 1238; baseline 0.013 -44"><span class='ocrx_word' id='word_1_77' title='bbox 169 1149 230 1238; x_wconf 67' lang='lat' dir='ltr'>[esti</span> <span class='ocrx_word' id='word_1_78' title='bbox 704 1136 847 1206; x_wconf 83' lang='lat' dir='ltr'>CIRCA</span> <span class='ocrx_word' id='word_1_79' title='bbox 869 1141 1075 1207; x_wconf 87' lang='lat' dir='ltr'><strong>MEDIUM.</strong></span> 
     </span>
    </p>
   </div>
   <div class='ocr_carea' id='block_1_5' title="bbox 196 1262 1550 2169">
    <p class='ocr_par' dir='ltr' id='par_1_5' title="bbox 196 1262 1550 2169">
     <span class='ocr_line' id='line_1_11' title="bbox 196 1262 1544 1347; baseline 0.002 -21"><span class='ocrx_word' id='word_1_80' title='bbox 196 1276 229 1326; x_wconf 81' lang='lat' dir='ltr'>so</span> <span class='ocrx_word' id='word_1_81' title='bbox 324 1262 397 1343; x_wconf 85' lang='lat' dir='ltr'>Qno</span> <span class='ocrx_word' id='word_1_82' title='bbox 420 1262 495 1328; x_wconf 87' lang='lat' dir='ltr'>ioeo</span> <span class='ocrx_word' id='word_1_83' title='bbox 513 1273 673 1337; x_wconf 81' lang='lat' dir='ltr'>numerat,</span> <span class='ocrx_word' id='word_1_84' title='bbox 697 1284 766 1326; x_wconf 85' lang='lat' dir='ltr'>etttn</span> <span class='ocrx_word' id='word_1_85' title='bbox 788 1263 840 1326; x_wconf 88' lang='lat' dir='ltr'>iex</span> <span class='ocrx_word' id='word_1_86' title='bbox 863 1263 1005 1339; x_wconf 84' lang='lat' dir='ltr'>ierntnr,</span> <span class='ocrx_word' id='word_1_87' title='bbox 1029 1273 1108 1347; x_wconf 92' lang='lat' dir='ltr'>qnot</span> <span class='ocrx_word' id='word_1_88' title='bbox 1122 1263 1191 1328; x_wconf 82' lang='lat' dir='ltr'>ioca</span> <span class='ocrx_word' id='word_1_89' title='bbox 1206 1262 1439 1329; x_wconf 74' lang='lat' dir='ltr'>intercessionis</span> <span class='ocrx_word' id='word_1_90' title='bbox 1453 1278 1544 1343; x_wconf 86' lang='lat' dir='ltr'>sunt,</span> 
     </span>
     <span class='ocr_line' id='line_1_12' title="bbox 239 1354 1547 1440; baseline 0.002 -20"><span class='ocrx_word' id='word_1_91' title='bbox 239 1354 384 1433; x_wconf 68' lang='lat' dir='ltr'>’iiubent</span> <span class='ocrx_word' id='word_1_92' title='bbox 404 1354 519 1418; x_wconf 71' lang='lat' dir='ltr'>(linere.</span> <span class='ocrx_word' id='word_1_93' title='bbox 561 1359 618 1421; x_wconf 80' lang='lat' dir='ltr'>Est</span> <span class='ocrx_word' id='word_1_94' title='bbox 638 1356 753 1438; x_wconf 85' lang='lat' dir='ltr'>niiqne</span> <span class='ocrx_word' id='word_1_95' title='bbox 773 1356 825 1416; x_wconf 84' lang='lat' dir='ltr'>ins</span> <span class='ocrx_word' id='word_1_96' title='bbox 853 1354 1000 1432; x_wconf 79' lang='lat' dir='ltr'>vetandi,</span> <span class='ocrx_word' id='word_1_97' title='bbox 1034 1376 1113 1420; x_wconf 87' lang='lat' dir='ltr'>enm</span> <span class='ocrx_word' id='word_1_98' title='bbox 1134 1378 1175 1421; x_wconf 87' lang='lat' dir='ltr'>ea</span> <span class='ocrx_word' id='word_1_99' title='bbox 1190 1356 1349 1437; x_wconf 77' lang='lat' dir='ltr'>seratur,</span> <span class='ocrx_word' id='word_1_100' title='bbox 1382 1359 1547 1440; x_wconf 80' lang='lat' dir='ltr'>quamdin</span> 
     </span>
     <span class='ocr_line' id='line_1_13' title="bbox 240 1443 1550 1529; baseline -0.001 -18"><span class='ocrx_word' id='word_1_101' title='bbox 240 1488 371 1512; x_wconf 78' lang='lat'><strong>.......</strong></span> <span class='ocrx_word' id='word_1_102' title='bbox 388 1446 535 1527; x_wconf 83' lang='lat' dir='ltr'>ferendi</span> <span class='ocrx_word' id='word_1_103' title='bbox 561 1443 829 1524; x_wconf 78' lang='lat' dir='ltr'>transferuntur,</span> <span class='ocrx_word' id='word_1_104' title='bbox 860 1443 897 1506; x_wconf 81' lang='lat' dir='ltr'>ni</span> <span class='ocrx_word' id='word_1_105' title='bbox 922 1453 971 1509; x_wconf 85' lang='lat' dir='ltr'>est</span> <span class='ocrx_word' id='word_1_106' title='bbox 989 1487 1056 1511; x_wconf 86' lang='lat'><strong>....</strong></span> <span class='ocrx_word' id='word_1_107' title='bbox 1072 1487 1102 1509; x_wconf 90' lang='grc'>..</span> <span class='ocrx_word' id='word_1_108' title='bbox 1116 1490 1146 1512; x_wconf 93' lang='grc'>..</span> <span class='ocrx_word' id='word_1_109' title='bbox 1162 1490 1195 1514; x_wconf 91' lang='grc'>..</span> <span class='ocrx_word' id='word_1_110' title='bbox 1215 1448 1291 1522; x_wconf 76' lang='lat' dir='ltr'>lex,·</span> <span class='ocrx_word' id='word_1_111' title='bbox 1321 1447 1401 1509; x_wconf 80' lang='lat' dir='ltr'>dnm</span> <span class='ocrx_word' id='word_1_112' title='bbox 1422 1448 1550 1529; x_wconf 80' lang='lat' dir='ltr'>privati</span> 
     </span>
     <span class='ocr_line' id='line_1_14' title="bbox 241 1531 1549 1617; baseline 0.002 -22"><span class='ocrx_word' id='word_1_113' title='bbox 241 1538 376 1614; x_wconf 80' lang='lat' dir='ltr'>dicuni,·</span> <span class='ocrx_word' id='word_1_114' title='bbox 411 1537 491 1598; x_wconf 79' lang='lat' dir='ltr'>dum</span> <span class='ocrx_word' id='word_1_115' title='bbox 510 1583 516 1597; x_wconf 92' lang='lat'><em>.</em></span> <span class='ocrx_word' id='word_1_116' title='bbox 760 1531 840 1594; x_wconf 84' lang='lat' dir='ltr'>dum</span> <span class='ocrx_word' id='word_1_117' title='bbox 873 1533 1008 1596; x_wconf 77' lang='lat' dir='ltr'>cistella</span> <span class='ocrx_word' id='word_1_118' title='bbox 1039 1535 1211 1614; x_wconf 71' lang='lat' dir='ltr'>defertor,</span> <span class='ocrx_word' id='word_1_119' title='bbox 1247 1534 1327 1598; x_wconf 87' lang='lat' dir='ltr'>dnm</span> <span class='ocrx_word' id='word_1_120' title='bbox 1356 1545 1549 1617; x_wconf 78' lang='lat' dir='ltr'>aequantur</span> 
     </span>
     <span class='ocr_line' id='line_1_15' title="bbox 241 1620 1548 1705; baseline -0.002 -16"><span class='ocrx_word' id='word_1_121' title='bbox 241 1635 362 1700; x_wconf 80' lang='lat' dir='ltr'>sories3</span> <span class='ocrx_word' id='word_1_122' title='bbox 383 1624 463 1686; x_wconf 86' lang='lat' dir='ltr'>dnm</span> <span class='ocrx_word' id='word_1_123' title='bbox 486 1625 617 1686; x_wconf 77' lang='lat' dir='ltr'>sortitio</span> <span class='ocrx_word' id='word_1_124' title='bbox 630 1620 695 1696; x_wconf 79' lang='lat' dir='ltr'>fii:</span> <span class='ocrx_word' id='word_1_125' title='bbox 721 1630 754 1685; x_wconf 84' lang='lat' dir='ltr'>et</span> <span class='ocrx_word' id='word_1_126' title='bbox 777 1625 808 1682; x_wconf 88' lang='lat' dir='ltr'>si</span> <span class='ocrx_word' id='word_1_127' title='bbox 830 1641 901 1704; x_wconf 83' lang='lat' dir='ltr'>qno</span> <span class='ocrx_word' id='word_1_128' title='bbox 921 1632 997 1684; x_wconf 83' lang='lat' dir='ltr'>steni</span> <span class='ocrx_word' id='word_1_129' title='bbox 1017 1624 1091 1685; x_wconf 84' lang='lat' dir='ltr'>alin</span> <span class='ocrx_word' id='word_1_130' title='bbox 1112 1624 1211 1685; x_wconf 82' lang='lat' dir='ltr'>itttt‘tts</span> <span class='ocrx_word' id='word_1_131' title='bbox 1232 1626 1374 1703; x_wconf 81' lang='lat' dir='ltr'>generis.</span> <span class='ocrx_word' id='word_1_132' title='bbox 1406 1624 1465 1687; x_wconf 81' lang='lat' dir='ltr'>alia</span> <span class='ocrx_word' id='word_1_133' title='bbox 1488 1646 1548 1705; x_wconf 92' lang='lat' dir='ltr'>po·</span> 
     </span>
     <span class='ocr_line' id='line_1_16' title="bbox 201 1710 1549 1798; baseline 0.003 -20"><span class='ocrx_word' id='word_1_134' title='bbox 201 1716 332 1798; x_wconf 76' lang='lat' dir='ltr'>tspnins</span> <span class='ocrx_word' id='word_1_135' title='bbox 352 1715 503 1777; x_wconf 77' lang='lat' dir='ltr'>confusus</span> <span class='ocrx_word' id='word_1_136' title='bbox 527 1725 560 1774; x_wconf 90' lang='lat' dir='ltr'>nt</span> <span class='ocrx_word' id='word_1_137' title='bbox 582 1731 706 1791; x_wconf 87' lang='lat' dir='ltr'>semper</span> <span class='ocrx_word' id='word_1_138' title='bbox 724 1710 801 1772; x_wconf 81' lang='lat' dir='ltr'>niis:</span> <span class='ocrx_word' id='word_1_139' title='bbox 835 1713 929 1773; x_wconf 83' lang='lat' dir='ltr'>itaet</span> <span class='ocrx_word' id='word_1_140' title='bbox 953 1711 984 1774; x_wconf 90' lang='lat' dir='ltr'>in</span> <span class='ocrx_word' id='word_1_141' title='bbox 1007 1713 1165 1777; x_wconf 84' lang='lat' dir='ltr'>contione.</span> <span class='ocrx_word' id='word_1_142' title='bbox 1189 1713 1219 1776; x_wconf 92' lang='lat' dir='ltr'>id</span> <span class='ocrx_word' id='word_1_143' title='bbox 1241 1716 1394 1796; x_wconf 86' lang='lat' dir='ltr'>peractis,</span> <span class='ocrx_word' id='word_1_144' title='bbox 1425 1740 1495 1781; x_wconf 79' lang='lat' dir='ltr'>enne</span> <span class='ocrx_word' id='word_1_145' title='bbox 1517 1718 1549 1781; x_wconf 88' lang='lat' dir='ltr'>id</span> 
     </span>
     <span class='ocr_line' id='line_1_17' title="bbox 241 1803 1549 1894; baseline 0.001 -23"><span class='ocrx_word' id='word_1_146' title='bbox 241 1808 344 1871; x_wconf 83' lang='lat' dir='ltr'>solnm</span> <span class='ocrx_word' id='word_1_147' title='bbox 366 1816 526 1887; x_wconf 78' lang='lat' dir='ltr'>superest,</span> <span class='ocrx_word' id='word_1_148' title='bbox 561 1815 594 1866; x_wconf 90' lang='lat' dir='ltr'>nt</span> <span class='ocrx_word' id='word_1_149' title='bbox 614 1804 752 1885; x_wconf 87' lang='lat' dir='ltr'>popnins</span> <span class='ocrx_word' id='word_1_150' title='bbox 773 1803 956 1891; x_wconf 78' lang='lat' dir='ltr'>sententiam</span> <span class='ocrx_word' id='word_1_151' title='bbox 985 1806 1078 1869; x_wconf 80' lang='lat' dir='ltr'>ierat.</span> <span class='ocrx_word' id='word_1_152' title='bbox 1115 1805 1201 1868; x_wconf 85' lang='lat' dir='ltr'>inbei</span> <span class='ocrx_word' id='word_1_153' title='bbox 1228 1806 1309 1870; x_wconf 86' lang='lat' dir='ltr'>enim</span> <span class='ocrx_word' id='word_1_154' title='bbox 1329 1808 1376 1885; x_wconf 91' lang='lat' dir='ltr'>is,</span> <span class='ocrx_word' id='word_1_155' title='bbox 1407 1811 1461 1894; x_wconf 88' lang='lat' dir='ltr'>qni</span> <span class='ocrx_word' id='word_1_156' title='bbox 1483 1811 1549 1874; x_wconf 81' lang='lat' dir='ltr'>sert</span> 
     </span>
     <span class='ocr_line' id='line_1_18' title="bbox 241 1898 1549 1984; baseline 0.005 -22"><span class='ocrx_word' id='word_1_157' title='bbox 241 1901 363 1984; x_wconf 78' lang='lat' dir='ltr'>legem,</span> <span class='ocrx_word' id='word_1_158' title='bbox 398 1898 522 1961; x_wconf 83' lang='lat' dir='ltr'>dicere:</span> <span class='ocrx_word' id='word_1_159' title='bbox 559 1899 645 1981; x_wconf 86' lang='lat' dir='ltr'>qnod</span> <span class='ocrx_word' id='word_1_160' title='bbox 675 1901 806 1960; x_wconf 86' lang='lat' dir='ltr'>verbnm</span> <span class='ocrx_word' id='word_1_161' title='bbox 840 1919 903 1961; x_wconf 91' lang='lat' dir='ltr'>non</span> <span class='ocrx_word' id='word_1_162' title='bbox 931 1899 994 1963; x_wconf 91' lang='lat' dir='ltr'>hoe</span> <span class='ocrx_word' id='word_1_163' title='bbox 1022 1899 1193 1982; x_wconf 80' lang='lat' dir='ltr'>signifieat,</span> <span class='ocrx_word' id='word_1_164' title='bbox 1231 1902 1317 1984; x_wconf 87' lang='lat' dir='ltr'>qnod</span> <span class='ocrx_word' id='word_1_165' title='bbox 1339 1901 1370 1965; x_wconf 89' lang='lat' dir='ltr'>in</span> <span class='ocrx_word' id='word_1_166' title='bbox 1390 1903 1549 1968; x_wconf 85' lang='lat' dir='ltr'>communi</span> 
     </span>
     <span class='ocr_line' id='line_1_19' title="bbox 243 1990 1550 2082; baseline 0.004 -28"><span class='ocrx_word' id='word_1_167' title='bbox 243 1992 467 2055; x_wconf 82' lang='lat' dir='ltr'>consuetudine</span> <span class='ocrx_word' id='word_1_168' title='bbox 489 2003 575 2065; x_wconf 86' lang='lat' dir='ltr'>erat,</span> <span class='ocrx_word' id='word_1_169' title='bbox 611 1993 650 2054; x_wconf 88' lang='lat' dir='ltr'>de</span> <span class='ocrx_word' id='word_1_170' title='bbox 672 2011 712 2053; x_wconf 87' lang='lat' dir='ltr'>eo</span> <span class='ocrx_word' id='word_1_171' title='bbox 733 1991 826 2066; x_wconf 90' lang='lat' dir='ltr'>loco,</span> <span class='ocrx_word' id='word_1_172' title='bbox 863 1990 917 2054; x_wconf 89' lang='lat' dir='ltr'>uhi</span> <span class='ocrx_word' id='word_1_173' title='bbox 939 1992 991 2055; x_wconf 84' lang='lat' dir='ltr'>lex</span> <span class='ocrx_word' id='word_1_174' title='bbox 1011 1991 1136 2056; x_wconf 78' lang='lat' dir='ltr'>iertnr:</span> <span class='ocrx_word' id='word_1_175' title='bbox 1172 1995 1228 2057; x_wconf 87' lang='lat' dir='ltr'>sed</span> <span class='ocrx_word' id='word_1_176' title='bbox 1249 1993 1281 2056; x_wconf 93' lang='lat' dir='ltr'>in</span> <span class='ocrx_word' id='word_1_177' title='bbox 1302 2016 1388 2059; x_wconf 82' lang='lat' dir='ltr'>sunm</span> <span class='ocrx_word' id='word_1_178' title='bbox 1415 1997 1550 2082; x_wconf 85' lang='lat' dir='ltr'>quisque</span> 
     </span>
     <span class='ocr_line' id='line_1_20' title="bbox 242 2083 1547 2169; baseline 0.001 -21"><span class='ocrx_word' id='word_1_179' title='bbox 242 2085 359 2148; x_wconf 85' lang='lat' dir='ltr'>tribum</span> <span class='ocrx_word' id='word_1_180' title='bbox 386 2086 569 2160; x_wconf 80' lang='lat' dir='ltr'>descendat,</span> <span class='ocrx_word' id='word_1_181' title='bbox 593 2083 708 2167; x_wconf 86' lang='lat' dir='ltr'>inqua</span> <span class='ocrx_word' id='word_1_182' title='bbox 729 2091 776 2146; x_wconf 89' lang='lat' dir='ltr'>e&#39;st</span> <span class='ocrx_word' id='word_1_183' title='bbox 794 2083 979 2169; x_wconf 82' lang='lat' dir='ltr'>suffragium</span> <span class='ocrx_word' id='word_1_184' title='bbox 997 2085 1131 2148; x_wconf 85' lang='lat' dir='ltr'>laturus.</span> <span class='ocrx_word' id='word_1_185' title='bbox 1539 2102 1547 2126; x_wconf 46' lang='grc' dir='ltr'>ι</span> 
     </span>
    </p>
   </div>
   <div class='ocr_carea' id='block_1_6' title="bbox 244 2195 399 2206">
    <p class='ocr_par' dir='ltr' id='par_1_6' title="bbox 244 2195 399 2206">
     <span class='ocr_line' id='line_1_21' title="bbox 244 2195 399 2206; baseline -0.013 0"><span class='ocrx_word' id='word_1_186' title='bbox 244 2195 399 2206; x_wconf 79' lang='lat'>———</span> 
     </span>
    </p>
   </div>
   <div class='ocr_carea' id='block_1_7' title="bbox 240 2226 1561 4699">
    <p class='ocr_par' dir='ltr' id='par_1_7' title="bbox 243 2226 1552 2527">
     <span class='ocr_line' id='line_1_22' title="bbox 336 2226 1551 2302; baseline 0.006 -20"><span class='ocrx_word' id='word_1_187' title='bbox 336 2237 362 2285; x_wconf 84' lang='lat'>1.</span> <span class='ocrx_word' id='word_1_188' title='bbox 382 2233 485 2298; x_wconf 84' lang='lat' dir='ltr'>omnes]</span> <span class='ocrx_word' id='word_1_189' title='bbox 507 2234 595 2281; x_wconf 81' lang='lat' dir='ltr'>ornnis</span> <span class='ocrx_word' id='word_1_190' title='bbox 612 2231 704 2283; x_wconf 81' lang='lat' dir='ltr'>Ptine.</span> <span class='ocrx_word' id='word_1_191' title='bbox 724 2226 832 2283; x_wconf 82' lang='lat' dir='ltr'>Bersid.</span> <span class='ocrx_word' id='word_1_192' title='bbox 864 2231 893 2287; x_wconf 77' lang='lat' dir='ltr'>d.</span> <span class='ocrx_word' id='word_1_193' title='bbox 910 2235 951 2284; x_wconf 73' lang='lat' dir='ltr'>An</span> <span class='ocrx_word' id='word_1_194' title='bbox 963 2232 1077 2302; x_wconf 81' lang='lat' dir='ltr'>posset?</span> <span class='ocrx_word' id='word_1_195' title='bbox 1096 2231 1150 2287; x_wconf 80' lang='grc' dir='ltr'>Οι.</span> <span class='ocrx_word' id='word_1_196' title='bbox 1187 2232 1230 2290; x_wconf 79' lang='lat' dir='ltr'>lb.</span> <span class='ocrx_word' id='word_1_197' title='bbox 1249 2233 1367 2302; x_wconf 75' lang='lat' dir='ltr'>elevare]</span> <span class='ocrx_word' id='word_1_198' title='bbox 1383 2234 1494 2288; x_wconf 77' lang='lat' dir='ltr'>eiabari</span> <span class='ocrx_word' id='word_1_199' title='bbox 1506 2237 1551 2296; x_wconf 84' lang='lat' dir='ltr'>Pr.</span> 
     </span>
     <span class='ocr_line' id='line_1_23' title="bbox 317 2304 868 2376; baseline -0.004 -17"><span class='ocrx_word' id='word_1_200' title='bbox 317 2304 388 2359; x_wconf 87' lang='lat' dir='ltr'>lbid.</span> <span class='ocrx_word' id='word_1_201' title='bbox 404 2306 589 2376; x_wconf 78' lang='lat' dir='ltr'>poenituisse]</span> <span class='ocrx_word' id='word_1_202' title='bbox 606 2309 757 2375; x_wconf 75' lang='lat' dir='ltr'>penituisse</span> <span class='ocrx_word' id='word_1_203' title='bbox 776 2306 868 2357; x_wconf 86' lang='lat' dir='ltr'>Ptine.</span> 
     </span>
     <span class='ocr_line' id='line_1_24' title="bbox 337 2378 1552 2456; baseline 0.006 -25"><span class='ocrx_word' id='word_1_204' title='bbox 337 2384 362 2437; x_wconf 83' lang='lat'>5.</span> <span class='ocrx_word' id='word_1_205' title='bbox 383 2383 523 2448; x_wconf 79' lang='lat' dir='ltr'>oratione]</span> <span class='ocrx_word' id='word_1_206' title='bbox 544 2397 599 2432; x_wconf 90' lang='lat' dir='ltr'>otn.</span> <span class='ocrx_word' id='word_1_207' title='bbox 621 2379 708 2452; x_wconf 66' lang='lat' dir='ltr'>Lngd.</span> <span class='ocrx_word' id='word_1_208' title='bbox 726 2381 805 2434; x_wconf 72' lang='lat' dir='ltr'>Men.</span> <span class='ocrx_word' id='word_1_209' title='bbox 823 2379 919 2452; x_wconf 74' lang='lat' dir='ltr'>Sigon.</span> <span class='ocrx_word' id='word_1_210' title='bbox 944 2402 982 2418; x_wconf 94' lang='lat'>-</span> <span class='ocrx_word' id='word_1_211' title='bbox 1006 2378 1105 2433; x_wconf 72' lang='lat' dir='ltr'>Malim</span> <span class='ocrx_word' id='word_1_212' title='bbox 1130 2386 1247 2453; x_wconf 88' lang='lat' dir='ltr'>supponi</span> <span class='ocrx_word' id='word_1_213' title='bbox 1266 2381 1432 2456; x_wconf 68' lang='lat' dir='ltr'>perticulam</span> <span class='ocrx_word' id='word_1_214' title='bbox 1450 2381 1552 2439; x_wconf 80' lang='lat' dir='ltr'>sdver-</span> 
     </span>
     <span class='ocr_line' id='line_1_25' title="bbox 243 2454 1181 2527; baseline -0.001 -17"><span class='ocrx_word' id='word_1_215' title='bbox 243 2459 358 2510; x_wconf 80' lang='lat' dir='ltr'>sttivstn</span> <span class='ocrx_word' id='word_1_216' title='bbox 376 2473 445 2507; x_wconf 84' lang='lat' dir='ltr'>vero</span> <span class='ocrx_word' id='word_1_217' title='bbox 465 2455 505 2508; x_wconf 86' lang='lat' dir='ltr'>eei</span> <span class='ocrx_word' id='word_1_218' title='bbox 524 2463 635 2506; x_wconf 80' lang='lat' dir='ltr'>contra.</span> <span class='ocrx_word' id='word_1_219' title='bbox 886 2460 914 2512; x_wconf 85' lang='lat'>9.</span> <span class='ocrx_word' id='word_1_220' title='bbox 934 2471 990 2510; x_wconf 88' lang='lat' dir='ltr'>om.</span> <span class='ocrx_word' id='word_1_221' title='bbox 1009 2454 1078 2512; x_wconf 87' lang='lat' dir='ltr'>Lod.</span> <span class='ocrx_word' id='word_1_222' title='bbox 1096 2456 1181 2527; x_wconf 68' lang='lat' dir='ltr'>Lngd.</span> 
     </span>
    </p>

    <p class='ocr_par' dir='ltr' id='par_1_8' title="bbox 318 2527 880 2600">
     <span class='ocr_line' id='line_1_26' title="bbox 318 2527 880 2600; baseline 0.005 -21"><span class='ocrx_word' id='word_1_223' title='bbox 318 2535 365 2587; x_wconf 78' lang='lat'>10.</span> <span class='ocrx_word' id='word_1_224' title='bbox 383 2530 445 2600; x_wconf 81' lang='lat' dir='ltr'>Quo</span> <span class='ocrx_word' id='word_1_225' title='bbox 463 2530 523 2582; x_wconf 82' lang='lat' dir='ltr'>ioco</span> <span class='ocrx_word' id='word_1_226' title='bbox 542 2561 560 2573; x_wconf 93' lang='lat'>-</span> <span class='ocrx_word' id='word_1_227' title='bbox 579 2563 596 2573; x_wconf 94' lang='lat'>-</span> <span class='ocrx_word' id='word_1_228' title='bbox 613 2527 715 2596; x_wconf 81' lang='lat' dir='ltr'>dicere]</span> <span class='ocrx_word' id='word_1_229' title='bbox 736 2544 791 2581; x_wconf 88' lang='lat' dir='ltr'>om.</span> <span class='ocrx_word' id='word_1_230' title='bbox 812 2527 880 2582; x_wconf 87' lang='lat' dir='ltr'>Lod.</span> 
     </span>
    </p>

    <p class='ocr_par' dir='ltr' id='par_1_9' title="bbox 240 2602 1554 2900">
     <span class='ocr_line' id='line_1_27' title="bbox 318 2602 1553 2680; baseline 0 -19"><span class='ocrx_word' id='word_1_231' title='bbox 318 2609 459 2661; x_wconf 78' lang='lat'><strong>¹0-19.</strong></span> <span class='ocrx_word' id='word_1_232' title='bbox 487 2605 588 2657; x_wconf 82' lang='lat' dir='ltr'>Totum</span> <span class='ocrx_word' id='word_1_233' title='bbox 613 2602 686 2656; x_wconf 87' lang='lat' dir='ltr'>hune</span> <span class='ocrx_word' id='word_1_234' title='bbox 709 2603 802 2655; x_wconf 84' lang='lat' dir='ltr'>locum</span> <span class='ocrx_word' id='word_1_235' title='bbox 826 2608 910 2656; x_wconf 88' lang='lat' dir='ltr'>nimis</span> <span class='ocrx_word' id='word_1_236' title='bbox 937 2618 1117 2676; x_wconf 82' lang='lat' dir='ltr'>corruptum,</span> <span class='ocrx_word' id='word_1_237' title='bbox 1149 2620 1231 2676; x_wconf 82' lang='lat' dir='ltr'>quem</span> <span class='ocrx_word' id='word_1_238' title='bbox 1255 2621 1287 2659; x_wconf 92' lang='lat' dir='ltr'>nt</span> <span class='ocrx_word' id='word_1_239' title='bbox 1310 2622 1371 2659; x_wconf 87' lang='lat' dir='ltr'>enm</span> <span class='ocrx_word' id='word_1_240' title='bbox 1399 2610 1553 2680; x_wconf 76' lang='lat' dir='ltr'>integritsti</span> 
     </span>
     <span class='ocr_line' id='line_1_28' title="bbox 244 2676 1554 2754; baseline 0.002 -21"><span class='ocrx_word' id='word_1_241' title='bbox 244 2683 352 2733; x_wconf 85' lang='lat' dir='ltr'>restitni</span> <span class='ocrx_word' id='word_1_242' title='bbox 372 2696 451 2752; x_wconf 87' lang='lat' dir='ltr'>posse</span> <span class='ocrx_word' id='word_1_243' title='bbox 471 2676 621 2751; x_wconf 83' lang='lat' dir='ltr'>petendum</span> <span class='ocrx_word' id='word_1_244' title='bbox 639 2681 694 2742; x_wconf 89' lang='lat' dir='ltr'>sit,</span> <span class='ocrx_word' id='word_1_245' title='bbox 720 2696 755 2730; x_wconf 89' lang='lat' dir='ltr'>ne</span> <span class='ocrx_word' id='word_1_246' title='bbox 775 2692 828 2730; x_wconf 80' lang='lat' dir='ltr'>nne</span> <span class='ocrx_word' id='word_1_247' title='bbox 847 2676 958 2750; x_wconf 83' lang='lat' dir='ltr'>quidem</span> <span class='ocrx_word' id='word_1_248' title='bbox 979 2681 1058 2731; x_wconf 86' lang='lat' dir='ltr'>iiters</span> <span class='ocrx_word' id='word_1_249' title='bbox 1076 2694 1179 2733; x_wconf 76' lang='lat' dir='ltr'>moesta</span> <span class='ocrx_word' id='word_1_250' title='bbox 1198 2677 1323 2734; x_wconf 79' lang='lat' dir='ltr'>dedimus</span> <span class='ocrx_word' id='word_1_251' title='bbox 1342 2685 1383 2733; x_wconf 85' lang='lat' dir='ltr'>sie</span> <span class='ocrx_word' id='word_1_252' title='bbox 1401 2698 1432 2734; x_wconf 89' lang='lat' dir='ltr'>nt</span> <span class='ocrx_word' id='word_1_253' title='bbox 1452 2682 1554 2754; x_wconf 76' lang='lat' dir='ltr'>iegitur</span> 
     </span>
     <span class='ocr_line' id='line_1_29' title="bbox 245 2749 1554 2826; baseline 0.002 -17"><span class='ocrx_word' id='word_1_254' title='bbox 245 2758 273 2809; x_wconf 88' lang='lat' dir='ltr'>in</span> <span class='ocrx_word' id='word_1_255' title='bbox 287 2755 380 2808; x_wconf 83' lang='lat' dir='ltr'>Ptine.</span> <span class='ocrx_word' id='word_1_256' title='bbox 419 2757 552 2808; x_wconf 76' lang='lat' dir='ltr'>Aeenrnte</span> <span class='ocrx_word' id='word_1_257' title='bbox 566 2768 656 2806; x_wconf 81' lang='lat' dir='ltr'>entem</span> <span class='ocrx_word' id='word_1_258' title='bbox 671 2749 872 2819; x_wconf 81' lang='lat' dir='ltr'>sdnotsvimns‚</span> <span class='ocrx_word' id='word_1_259' title='bbox 892 2758 938 2825; x_wconf 87' lang='lat' dir='ltr'>qni</span> <span class='ocrx_word' id='word_1_260' title='bbox 953 2756 1064 2806; x_wconf 77' lang='lat' dir='ltr'>Asconii</span> <span class='ocrx_word' id='word_1_261' title='bbox 1078 2752 1197 2807; x_wconf 78' lang='lat' dir='ltr'>editores</span> <span class='ocrx_word' id='word_1_262' title='bbox 1211 2771 1237 2808; x_wconf 91' lang='lat' dir='ltr'>et</span> <span class='ocrx_word' id='word_1_263' title='bbox 1251 2756 1389 2826; x_wconf 85' lang='lat' dir='ltr'>quomodo</span> <span class='ocrx_word' id='word_1_264' title='bbox 1403 2771 1419 2808; x_wconf 83' lang='lat' dir='ltr'>s</span> <span class='ocrx_word' id='word_1_265' title='bbox 1431 2755 1554 2812; x_wconf 79' lang='lat' dir='ltr'>lectione</span> 
     </span>
     <span class='ocr_line' id='line_1_30' title="bbox 240 2827 1329 2900; baseline 0.004 -20"><span class='ocrx_word' id='word_1_266' title='bbox 240 2827 374 2884; x_wconf 69' lang='lat' dir='ltr'>editioms</span> <span class='ocrx_word' id='word_1_267' title='bbox 395 2834 484 2900; x_wconf 85' lang='lat' dir='ltr'>ptine.</span> <span class='ocrx_word' id='word_1_268' title='bbox 502 2829 671 2882; x_wconf 80' lang='lat' dir='ltr'>deflexerint.</span> <span class='ocrx_word' id='word_1_269' title='bbox 875 2836 921 2886; x_wconf 86' lang='grc' dir='ltr'><strong>1ο.</strong></span> <span class='ocrx_word' id='word_1_270' title='bbox 939 2828 1082 2900; x_wconf 84' lang='lat' dir='ltr'>numerat]</span> <span class='ocrx_word' id='word_1_271' title='bbox 1101 2839 1248 2881; x_wconf 79' lang='lat' dir='ltr'>numerant</span> <span class='ocrx_word' id='word_1_272' title='bbox 1264 2831 1329 2885; x_wconf 90' lang='lat' dir='ltr'>Hot.</span> 
     </span>
    </p>

    <p class='ocr_par' dir='ltr' id='par_1_10' title="bbox 244 2900 1555 3199">
     <span class='ocr_line' id='line_1_31' title="bbox 321 2900 1555 2976; baseline 0.002 -20"><span class='ocrx_word' id='word_1_273' title='bbox 321 2909 364 2960; x_wconf 82' lang='grc'><strong>11.</strong></span> <span class='ocrx_word' id='word_1_274' title='bbox 383 2905 476 2956; x_wconf 79' lang='lat' dir='ltr'>iubeat</span> <span class='ocrx_word' id='word_1_275' title='bbox 494 2906 596 2971; x_wconf 83' lang='lat' dir='ltr'>dicere]</span> <span class='ocrx_word' id='word_1_276' title='bbox 615 2902 690 2954; x_wconf 80' lang='lat' dir='ltr'>iudei</span> <span class='ocrx_word' id='word_1_277' title='bbox 707 2900 799 2954; x_wconf 75' lang='lat' dir='ltr'>eiicere</span> <span class='ocrx_word' id='word_1_278' title='bbox 813 2903 895 2956; x_wconf 87' lang='lat' dir='ltr'>Cten.</span> <span class='ocrx_word' id='word_1_279' title='bbox 914 2930 952 2945; x_wconf 89' lang='lat'>-</span> <span class='ocrx_word' id='word_1_280' title='bbox 970 2902 1064 2955; x_wconf 81' lang='lat' dir='ltr'>iubeat</span> <span class='ocrx_word' id='word_1_281' title='bbox 1075 2902 1214 2956; x_wconf 81' lang='lat' dir='ltr'>discedere</span> <span class='ocrx_word' id='word_1_282' title='bbox 1228 2905 1321 2976; x_wconf 78' lang='lat' dir='ltr'>Sigon.</span> <span class='ocrx_word' id='word_1_283' title='bbox 1360 2905 1471 2975; x_wconf 72' lang='lat' dir='ltr'>„Verbo</span> <span class='ocrx_word' id='word_1_284' title='bbox 1484 2907 1555 2959; x_wconf 76' lang='lat' dir='ltr'>isaeo</span> 
     </span>
     <span class='ocr_line' id='line_1_32' title="bbox 245 2976 1554 3050; baseline 0.002 -19"><span class='ocrx_word' id='word_1_285' title='bbox 245 2992 342 3031; x_wconf 79' lang='lat' dir='ltr'>menes</span> <span class='ocrx_word' id='word_1_286' title='bbox 361 2995 420 3032; x_wconf 89' lang='lat' dir='ltr'>esse</span> <span class='ocrx_word' id='word_1_287' title='bbox 439 2994 467 3032; x_wconf 86' lang='lat' dir='ltr'>et</span> <span class='ocrx_word' id='word_1_288' title='bbox 486 2994 615 3050; x_wconf 85' lang='lat' dir='ltr'>eotmpts</span> <span class='ocrx_word' id='word_1_289' title='bbox 635 2993 716 3049; x_wconf 88' lang='lat' dir='ltr'>pnto,</span> <span class='ocrx_word' id='word_1_290' title='bbox 746 2976 858 3050; x_wconf 67' lang='lat' dir='ltr'>legende</span> <span class='ocrx_word' id='word_1_291' title='bbox 878 2993 968 3031; x_wconf 86' lang='lat' dir='ltr'>sutem</span> <span class='ocrx_word' id='word_1_292' title='bbox 990 2982 1027 3031; x_wconf 85' lang='lat' dir='ltr'>its</span> <span class='ocrx_word' id='word_1_293' title='bbox 1046 2992 1119 3032; x_wconf 81' lang='lat' dir='ltr'>esset</span> <span class='ocrx_word' id='word_1_294' title='bbox 1150 2978 1212 3048; x_wconf 83' lang='lat' dir='ltr'>Qun</span> <span class='ocrx_word' id='word_1_295' title='bbox 1236 2981 1296 3031; x_wconf 84' lang='lat' dir='ltr'>loeo</span> <span class='ocrx_word' id='word_1_296' title='bbox 1314 2989 1459 3046; x_wconf 82' lang='lat' dir='ltr'>numerat,</span> <span class='ocrx_word' id='word_1_297' title='bbox 1492 2999 1554 3033; x_wconf 84' lang='lat' dir='ltr'>cum</span> 
     </span>
     <span class='ocr_line' id='line_1_33' title="bbox 244 3051 1554 3126; baseline 0.001 -20"><span class='ocrx_word' id='word_1_298' title='bbox 244 3053 293 3106; x_wconf 74' lang='lat' dir='ltr'>lex</span> <span class='ocrx_word' id='word_1_299' title='bbox 303 3051 442 3123; x_wconf 69' lang='lat' dir='ltr'>struem,</span> <span class='ocrx_word' id='word_1_300' title='bbox 463 3063 531 3123; x_wconf 76' lang='lat' dir='ltr'>qttot</span> <span class='ocrx_word' id='word_1_301' title='bbox 550 3057 611 3105; x_wconf 82' lang='lat' dir='ltr'>ioca</span> <span class='ocrx_word' id='word_1_302' title='bbox 630 3057 834 3104; x_wconf 74' lang='lat' dir='ltr'>intercessionis</span> <span class='ocrx_word' id='word_1_303' title='bbox 851 3062 935 3119; x_wconf 82' lang='lat' dir='ltr'>ssent,</span> <span class='ocrx_word' id='word_1_304' title='bbox 954 3062 1119 3123; x_wconf 78' lang='lat' dir='ltr'>antequam,</span> <span class='ocrx_word' id='word_1_305' title='bbox 1146 3059 1193 3123; x_wconf 78' lang='lat' dir='ltr'>qni</span> <span class='ocrx_word' id='word_1_306' title='bbox 1211 3054 1301 3124; x_wconf 73' lang='lat' dir='ltr'>legem</span> <span class='ocrx_word' id='word_1_307' title='bbox 1312 3053 1397 3125; x_wconf 82' lang='lat' dir='ltr'>fert,</span> <span class='ocrx_word' id='word_1_308' title='bbox 1422 3056 1554 3126; x_wconf 79' lang='lat' dir='ltr'>populum</span> 
     </span>
     <span class='ocr_line' id='line_1_34' title="bbox 246 3127 1174 3199; baseline 0 -18"><span class='ocrx_word' id='word_1_309' title='bbox 246 3127 339 3181; x_wconf 77' lang='lat' dir='ltr'>iubeat</span> <span class='ocrx_word' id='word_1_310' title='bbox 358 3127 523 3183; x_wconf 79' lang='lat' dir='ltr'>discedere.”</span> <span class='ocrx_word' id='word_1_311' title='bbox 543 3127 666 3182; x_wconf 83' lang='lat' dir='ltr'>SiGON·</span> <span class='ocrx_word' id='word_1_312' title='bbox 878 3135 921 3184; x_wconf 82' lang='lat' dir='ltr'>ii.</span> <span class='ocrx_word' id='word_1_313' title='bbox 941 3131 995 3194; x_wconf 84' lang='lat' dir='ltr'>ists]</span> <span class='ocrx_word' id='word_1_314' title='bbox 1015 3133 1061 3178; x_wconf 76' lang='lat' dir='ltr'>vis</span> <span class='ocrx_word' id='word_1_315' title='bbox 1080 3127 1174 3199; x_wconf 74' lang='lat' dir='ltr'>Sigon.</span> 
     </span>
    </p>

    <p class='ocr_par' dir='ltr' id='par_1_11' title="bbox 246 3198 1556 3723">
     <span class='ocr_line' id='line_1_35' title="bbox 321 3198 1553 3273; baseline 0.002 -21"><span class='ocrx_word' id='word_1_316' title='bbox 321 3207 365 3258; x_wconf 83' lang='lat'>12.</span> <span class='ocrx_word' id='word_1_317' title='bbox 383 3221 466 3272; x_wconf 82' lang='lat' dir='ltr'>qtsam</span> <span class='ocrx_word' id='word_1_318' title='bbox 481 3203 529 3254; x_wconf 80' lang='lat' dir='ltr'>dits</span> <span class='ocrx_word' id='word_1_319' title='bbox 541 3198 558 3236; x_wconf 66' lang='lat'><em>*</em></span> <span class='ocrx_word' id='word_1_320' title='bbox 565 3199 926 3272; x_wconf 72' lang='lat' dir='ltr'>ferttndiirartsferrmtnr,</span> <span class='ocrx_word' id='word_1_321' title='bbox 947 3202 979 3254; x_wconf 83' lang='lat' dir='ltr'>id</span> <span class='ocrx_word' id='word_1_322' title='bbox 995 3211 1038 3254; x_wconf 85' lang='lat' dir='ltr'>esi</span> <span class='ocrx_word' id='word_1_323' title='bbox 1057 3201 1073 3232; x_wconf 71' lang='lat'>⁰</span> <span class='ocrx_word' id='word_1_324' title='bbox 1092 3203 1138 3254; x_wconf 73' lang='lat' dir='ltr'>lex</span> <span class='ocrx_word' id='word_1_325' title='bbox 1157 3202 1232 3270; x_wconf 84' lang='lat' dir='ltr'>dum]</span> <span class='ocrx_word' id='word_1_326' title='bbox 1251 3202 1381 3273; x_wconf 76' lang='lat' dir='ltr'>qtlamdin</span> <span class='ocrx_word' id='word_1_327' title='bbox 1397 3203 1516 3269; x_wconf 76' lang='lat' dir='ltr'>ferrendi</span> <span class='ocrx_word' id='word_1_328' title='bbox 1537 3206 1553 3242; x_wconf 82' lang='grc'>*</span> 
     </span>
     <span class='ocr_line' id='line_1_36' title="bbox 246 3275 1555 3350; baseline -0.001 -20"><span class='ocrx_word' id='word_1_329' title='bbox 246 3278 460 3348; x_wconf 67' lang='lat' dir='ltr'>transferuntur</span> <span class='ocrx_word' id='word_1_330' title='bbox 476 3277 540 3329; x_wconf 79' lang='lat' dir='ltr'>druse</span> <span class='ocrx_word' id='word_1_331' title='bbox 558 3277 653 3350; x_wconf 72' lang='lat' dir='ltr'>Sigon.</span> <span class='ocrx_word' id='word_1_332' title='bbox 671 3304 709 3318; x_wconf 94' lang='lat'><em>-</em></span> <span class='ocrx_word' id='word_1_333' title='bbox 726 3277 856 3348; x_wconf 79' lang='lat' dir='ltr'>quamdiu</span> <span class='ocrx_word' id='word_1_334' title='bbox 873 3295 929 3328; x_wconf 82' lang='lat' dir='ltr'>nort</span> <span class='ocrx_word' id='word_1_335' title='bbox 944 3279 1110 3347; x_wconf 76' lang='lat' dir='ltr'>perfertur:</span> <span class='ocrx_word' id='word_1_336' title='bbox 1137 3278 1266 3349; x_wconf 79' lang='lat' dir='ltr'>quamdiu</span> <span class='ocrx_word' id='word_1_337' title='bbox 1285 3285 1332 3347; x_wconf 81' lang='lat' dir='ltr'>qui</span> <span class='ocrx_word' id='word_1_338' title='bbox 1349 3275 1484 3348; x_wconf 72' lang='lat' dir='ltr'>snffiags&#39;t&#39;</span> <span class='ocrx_word' id='word_1_339' title='bbox 1495 3277 1555 3348; x_wconf 86' lang='lat' dir='ltr'>fe-</span> 
     </span>
     <span class='ocr_line' id='line_1_37' title="bbox 246 3348 1555 3424; baseline 0.005 -22"><span class='ocrx_word' id='word_1_340' title='bbox 246 3350 330 3402; x_wconf 83' lang='lat' dir='ltr'>russds&#39;</span> <span class='ocrx_word' id='word_1_341' title='bbox 348 3369 432 3403; x_wconf 71' lang='lat' dir='ltr'>caena</span> <span class='ocrx_word' id='word_1_342' title='bbox 451 3357 636 3417; x_wconf 74' lang='lat' dir='ltr'>convertissent,</span> <span class='ocrx_word' id='word_1_343' title='bbox 667 3348 718 3404; x_wconf 81' lang='lat' dir='ltr'>isus</span> <span class='ocrx_word' id='word_1_344' title='bbox 743 3361 771 3403; x_wconf 80' lang='lat' dir='ltr'>et</span> <span class='ocrx_word' id='word_1_345' title='bbox 796 3353 860 3404; x_wconf 82' lang='lat' dir='ltr'>illeso</span> <span class='ocrx_word' id='word_1_346' title='bbox 878 3349 1110 3422; x_wconf 75' lang='lat' dir='ltr'>transferrentur,</span> <span class='ocrx_word' id='word_1_347' title='bbox 1138 3353 1203 3404; x_wconf 84' lang='lat' dir='ltr'>dnm</span> <span class='ocrx_word' id='word_1_348' title='bbox 1231 3353 1311 3406; x_wconf 85' lang='lat' dir='ltr'>Cren.</span> <span class='ocrx_word' id='word_1_349' title='bbox 1332 3354 1412 3407; x_wconf 87' lang='lat' dir='ltr'>Coni.</span> <span class='ocrx_word' id='word_1_350' title='bbox 1432 3355 1555 3424; x_wconf 71' lang='lat' dir='ltr'>Madvig.</span> 
     </span>
     <span class='ocr_line' id='line_1_38' title="bbox 247 3424 1555 3501; baseline 0.002 -21"><span class='ocrx_word' id='word_1_351' title='bbox 247 3424 327 3499; x_wconf 71' lang='lat' dir='ltr'>psi</span> <span class='ocrx_word' id='word_1_352' title='bbox 341 3454 379 3469; x_wconf 91' lang='grc'><strong>-</strong></span> <span class='ocrx_word' id='word_1_353' title='bbox 391 3426 516 3496; x_wconf 81' lang='lat' dir='ltr'>„Sustnii</span> <span class='ocrx_word' id='word_1_354' title='bbox 536 3425 602 3480; x_wconf 79' lang='lat' dir='ltr'>dues</span> <span class='ocrx_word' id='word_1_355' title='bbox 622 3441 716 3492; x_wconf 83' lang='lat' dir='ltr'>voees,</span> <span class='ocrx_word' id='word_1_356' title='bbox 736 3425 820 3477; x_wconf 78' lang='lat' dir='ltr'>idest</span> <span class='ocrx_word' id='word_1_357' title='bbox 832 3427 895 3485; x_wconf 76' lang='lat' dir='ltr'>lex,-</span> <span class='ocrx_word' id='word_1_358' title='bbox 914 3445 982 3498; x_wconf 82' lang='lat' dir='ltr'>quse</span> <span class='ocrx_word' id='word_1_359' title='bbox 1001 3425 1127 3480; x_wconf 84' lang='lat' dir='ltr'>sidentur</span> <span class='ocrx_word' id='word_1_360' title='bbox 1146 3432 1175 3480; x_wconf 94' lang='lat' dir='ltr'>in</span> <span class='ocrx_word' id='word_1_361' title='bbox 1195 3426 1258 3480; x_wconf 84' lang='lat' dir='ltr'>sibe</span> <span class='ocrx_word' id='word_1_362' title='bbox 1276 3427 1340 3480; x_wconf 81' lang='lat' dir='ltr'>iibri</span> <span class='ocrx_word' id='word_1_363' title='bbox 1361 3434 1450 3501; x_wconf 78' lang='lat' dir='ltr'>posite</span> <span class='ocrx_word' id='word_1_364' title='bbox 1470 3428 1555 3482; x_wconf 88' lang='lat' dir='ltr'>inisse</span> 
     </span>
     <span class='ocr_line' id='line_1_39' title="bbox 247 3499 1555 3574; baseline -0.001 -19"><span class='ocrx_word' id='word_1_365' title='bbox 247 3507 287 3555; x_wconf 90' lang='lat' dir='ltr'>eis</span> <span class='ocrx_word' id='word_1_366' title='bbox 307 3500 418 3555; x_wconf 82' lang='lat' dir='ltr'>vocibus</span> <span class='ocrx_word' id='word_1_367' title='bbox 438 3499 625 3567; x_wconf 85' lang='lat' dir='ltr'>deeitrsndis,</span> <span class='ocrx_word' id='word_1_368' title='bbox 646 3518 707 3552; x_wconf 84' lang='lat' dir='ltr'>eum</span> <span class='ocrx_word' id='word_1_369' title='bbox 720 3519 753 3552; x_wconf 82' lang='lat' dir='ltr'>en</span> <span class='ocrx_word' id='word_1_370' title='bbox 764 3501 894 3568; x_wconf 68' lang='lat' dir='ltr'>feratur,</span> <span class='ocrx_word' id='word_1_371' title='bbox 915 3517 942 3554; x_wconf 90' lang='lat' dir='ltr'>et</span> <span class='ocrx_word' id='word_1_372' title='bbox 960 3501 1055 3554; x_wconf 81' lang='lat' dir='ltr'>ioenne</span> <span class='ocrx_word' id='word_1_373' title='bbox 1075 3503 1163 3569; x_wconf 85' lang='lat' dir='ltr'>hune,</span> <span class='ocrx_word' id='word_1_374' title='bbox 1183 3521 1231 3574; x_wconf 87' lang='lat' dir='ltr'>per</span> <span class='ocrx_word' id='word_1_375' title='bbox 1249 3520 1277 3555; x_wconf 91' lang='lat' dir='ltr'>se</span> <span class='ocrx_word' id='word_1_376' title='bbox 1297 3507 1363 3555; x_wconf 89' lang='lat' dir='ltr'>sstis</span> <span class='ocrx_word' id='word_1_377' title='bbox 1383 3503 1555 3569; x_wconf 84' lang='lat' dir='ltr'>mendosum,</span> 
     </span>
     <span class='ocr_line' id='line_1_40' title="bbox 247 3574 1556 3650; baseline 0.002 -22"><span class='ocrx_word' id='word_1_378' title='bbox 247 3574 449 3630; x_wconf 83' lang='lat' dir='ltr'>mendosiorem</span> <span class='ocrx_word' id='word_1_379' title='bbox 476 3575 606 3632; x_wconf 85' lang='lat' dir='ltr'>reddent:</span> <span class='ocrx_word' id='word_1_380' title='bbox 627 3575 674 3628; x_wconf 84' lang='lat' dir='ltr'>iiis</span> <span class='ocrx_word' id='word_1_381' title='bbox 693 3590 798 3641; x_wconf 80' lang='lat' dir='ltr'>eutem,</span> <span class='ocrx_word' id='word_1_382' title='bbox 822 3575 965 3642; x_wconf 76' lang='lat' dir='ltr'>quarn-din</span> <span class='ocrx_word' id='word_1_383' title='bbox 976 3576 1098 3646; x_wconf 75' lang='lat' dir='ltr'>feriendi</span> <span class='ocrx_word' id='word_1_384' title='bbox 1116 3575 1348 3648; x_wconf 79' lang='lat' dir='ltr'>transferuntur,</span> <span class='ocrx_word' id='word_1_385' title='bbox 1378 3578 1433 3632; x_wconf 85' lang='lat' dir='ltr'>hoo</span> <span class='ocrx_word' id='word_1_386' title='bbox 1452 3578 1556 3650; x_wconf 75' lang='lat' dir='ltr'>signifi·</span> 
     </span>
     <span class='ocr_line' id='line_1_41' title="bbox 247 3649 1513 3723; baseline 0.003 -21"><span class='ocrx_word' id='word_1_387' title='bbox 247 3665 327 3705; x_wconf 77' lang='lat' dir='ltr'>esni:</span> <span class='ocrx_word' id='word_1_388' title='bbox 345 3650 476 3721; x_wconf 74' lang='lat' dir='ltr'>quamdin</span> <span class='ocrx_word' id='word_1_389' title='bbox 502 3649 611 3704; x_wconf 86' lang='lat' dir='ltr'>iernndi</span> <span class='ocrx_word' id='word_1_390' title='bbox 637 3650 759 3723; x_wconf 76' lang='lat' dir='ltr'>suffragii</span> <span class='ocrx_word' id='word_1_391' title='bbox 778 3666 874 3704; x_wconf 75' lang='lat' dir='ltr'>esnsse</span> <span class='ocrx_word' id='word_1_392' title='bbox 894 3655 923 3703; x_wconf 92' lang='lat' dir='ltr'>in</span> <span class='ocrx_word' id='word_1_393' title='bbox 944 3650 1031 3704; x_wconf 84' lang='lat' dir='ltr'>tribus</span> <span class='ocrx_word' id='word_1_394' title='bbox 1051 3668 1112 3710; x_wconf 73' lang='lat' dir='ltr'>snas</span> <span class='ocrx_word' id='word_1_395' title='bbox 1133 3650 1359 3705; x_wconf 77' lang='lat' dir='ltr'>transferuntur.&#39;&#39;</span> <span class='ocrx_word' id='word_1_396' title='bbox 1388 3653 1513 3708; x_wconf 85' lang='lat' dir='ltr'>SiGON.</span> 
     </span>
    </p>

    <p class='ocr_par' dir='ltr' id='par_1_12' title="bbox 247 3723 1557 3943">
     <span class='ocr_line' id='line_1_42' title="bbox 325 3723 1557 3797; baseline -0.002 -15"><span class='ocrx_word' id='word_1_397' title='bbox 325 3732 368 3783; x_wconf 82' lang='lat'>12.</span> <span class='ocrx_word' id='word_1_398' title='bbox 388 3726 451 3779; x_wconf 85' lang='lat' dir='ltr'>dtsm</span> <span class='ocrx_word' id='word_1_399' title='bbox 470 3725 487 3758; x_wconf 75' lang='lat'><strong><em>&#39;</em></strong></span> <span class='ocrx_word' id='word_1_400' title='bbox 506 3726 572 3778; x_wconf 84' lang='lat' dir='ltr'>dnm</span> <span class='ocrx_word' id='word_1_401' title='bbox 590 3726 698 3779; x_wconf 73' lang='lat' dir='ltr'>cistella</span> <span class='ocrx_word' id='word_1_402' title='bbox 717 3723 859 3797; x_wconf 66' lang='lat' dir='ltr'>defertur]</span> <span class='ocrx_word' id='word_1_403' title='bbox 879 3725 943 3777; x_wconf 81' lang='lat' dir='ltr'>dnm</span> <span class='ocrx_word' id='word_1_404' title='bbox 966 3727 1102 3779; x_wconf 76' lang='lat' dir='ltr'>cistellam</span> <span class='ocrx_word' id='word_1_405' title='bbox 1120 3725 1255 3793; x_wconf 75' lang='lat' dir='ltr'>deferrent</span> <span class='ocrx_word' id='word_1_406' title='bbox 1273 3725 1381 3781; x_wconf 84' lang='lat' dir='ltr'>Bersid.</span> <span class='ocrx_word' id='word_1_407' title='bbox 1400 3755 1435 3769; x_wconf 92' lang='lat'><em>-</em></span> <span class='ocrx_word' id='word_1_408' title='bbox 1457 3727 1521 3779; x_wconf 82' lang='lat' dir='ltr'>dnm</span> <span class='ocrx_word' id='word_1_409' title='bbox 1539 3725 1557 3758; x_wconf 70' lang='lat'>‘</span> 
     </span>
     <span class='ocr_line' id='line_1_43' title="bbox 247 3799 1557 3875; baseline 0.003 -23"><span class='ocrx_word' id='word_1_410' title='bbox 247 3800 311 3852; x_wconf 84' lang='lat' dir='ltr'>dum</span> <span class='ocrx_word' id='word_1_411' title='bbox 330 3803 423 3854; x_wconf 79' lang='lat' dir='ltr'>sitella</span> <span class='ocrx_word' id='word_1_412' title='bbox 441 3800 572 3873; x_wconf 68' lang='lat' dir='ltr'>deferrier</span> <span class='ocrx_word' id='word_1_413' title='bbox 591 3799 651 3855; x_wconf 74' lang='lat' dir='ltr'>nid.</span> <span class='ocrx_word' id='word_1_414' title='bbox 672 3801 748 3854; x_wconf 75' lang='lat' dir='ltr'>Men.</span> <span class='ocrx_word' id='word_1_415' title='bbox 774 3829 810 3843; x_wconf 92' lang='lat'><em>-</em></span> <span class='ocrx_word' id='word_1_416' title='bbox 837 3800 902 3851; x_wconf 86' lang='lat' dir='ltr'>dum</span> <span class='ocrx_word' id='word_1_417' title='bbox 921 3801 1015 3852; x_wconf 80' lang='lat' dir='ltr'>sitella</span> <span class='ocrx_word' id='word_1_418' title='bbox 1033 3799 1164 3871; x_wconf 75' lang='lat' dir='ltr'>defertur</span> <span class='ocrx_word' id='word_1_419' title='bbox 1179 3801 1248 3858; x_wconf 86' lang='lat' dir='ltr'>Lod.</span> <span class='ocrx_word' id='word_1_420' title='bbox 1266 3800 1353 3875; x_wconf 73' lang='lat' dir='ltr'>Lugii.</span> <span class='ocrx_word' id='word_1_421' title='bbox 1376 3804 1442 3856; x_wconf 81' lang='lat' dir='ltr'>Hot.</span> <span class='ocrx_word' id='word_1_422' title='bbox 1461 3802 1557 3874; x_wconf 71' lang='lat' dir='ltr'>Sigon·</span> 
     </span>
     <span class='ocr_line' id='line_1_44' title="bbox 247 3874 1130 3943; baseline 0.003 -17"><span class='ocrx_word' id='word_1_423' title='bbox 247 3902 283 3920; x_wconf 89' lang='lat'><em>-</em></span> <span class='ocrx_word' id='word_1_424' title='bbox 301 3874 367 3930; x_wconf 81' lang='lat' dir='ltr'>dnm</span> <span class='ocrx_word' id='word_1_425' title='bbox 379 3876 496 3930; x_wconf 79' lang='lat' dir='ltr'>tabellae</span> <span class='ocrx_word' id='word_1_426' title='bbox 516 3877 687 3935; x_wconf 68' lang='lat' dir='ltr'>diribenture</span> <span class='ocrx_word' id='word_1_427' title='bbox 706 3875 771 3926; x_wconf 84' lang='lat' dir='ltr'>dum</span> <span class='ocrx_word' id='word_1_428' title='bbox 788 3877 881 3928; x_wconf 76' lang='lat' dir='ltr'>sitella</span> <span class='ocrx_word' id='word_1_429' title='bbox 899 3875 1029 3943; x_wconf 75' lang='lat' dir='ltr'>defertur</span> <span class='ocrx_word' id='word_1_430' title='bbox 1047 3876 1130 3931; x_wconf 82' lang='lat' dir='ltr'>Creo.</span> 
     </span>
    </p>

    <p class='ocr_par' dir='ltr' id='par_1_13' title="bbox 323 3949 1378 4021">
     <span class='ocr_line' id='line_1_45' title="bbox 323 3949 1378 4021; baseline 0 -17"><span class='ocrx_word' id='word_1_431' title='bbox 323 3953 368 4010; x_wconf 73' lang='lat'>111.</span> <span class='ocrx_word' id='word_1_432' title='bbox 386 3954 445 4004; x_wconf 81' lang='lat' dir='ltr'>alia</span> <span class='ocrx_word' id='word_1_433' title='bbox 463 3951 544 4004; x_wconf 73' lang='lat' dir='ltr'>lessius</span> <span class='ocrx_word' id='word_1_434' title='bbox 562 3955 686 4020; x_wconf 77' lang='lat' dir='ltr'>generis]</span> <span class='ocrx_word' id='word_1_435' title='bbox 706 3949 787 4001; x_wconf 81' lang='lat' dir='ltr'>leuius</span> <span class='ocrx_word' id='word_1_436' title='bbox 803 3955 915 4018; x_wconf 66' lang='lat' dir='ltr'>generis</span> <span class='ocrx_word' id='word_1_437' title='bbox 929 3953 987 4002; x_wconf 79' lang='lat' dir='ltr'>alia</span> <span class='ocrx_word' id='word_1_438' title='bbox 1008 3950 1090 4021; x_wconf 59' lang='lat' dir='ltr'>isngd.</span> <span class='ocrx_word' id='word_1_439' title='bbox 1112 3952 1176 4004; x_wconf 86' lang='lat' dir='ltr'>Hot.</span> <span class='ocrx_word' id='word_1_440' title='bbox 1195 3951 1274 4005; x_wconf 75' lang='lat' dir='ltr'>Men.</span> <span class='ocrx_word' id='word_1_441' title='bbox 1296 3950 1378 4004; x_wconf 83' lang='lat' dir='ltr'>Creo.</span> 
     </span>
    </p>

    <p class='ocr_par' dir='ltr' id='par_1_14' title="bbox 247 4023 1557 4172">
     <span class='ocr_line' id='line_1_46' title="bbox 322 4023 1557 4099; baseline -0.001 -20"><span class='ocrx_word' id='word_1_442' title='bbox 322 4032 365 4086; x_wconf 82' lang='grc'><strong>15.</strong></span> <span class='ocrx_word' id='word_1_443' title='bbox 385 4029 443 4080; x_wconf 83' lang='lat' dir='ltr'>alia</span> <span class='ocrx_word' id='word_1_444' title='bbox 459 4027 578 4099; x_wconf 81' lang='lat' dir='ltr'>populus</span> <span class='ocrx_word' id='word_1_445' title='bbox 597 4055 632 4069; x_wconf 89' lang='lat'>-</span> <span class='ocrx_word' id='word_1_446' title='bbox 650 4031 681 4077; x_wconf 83' lang='lat' dir='ltr'>iss</span> <span class='ocrx_word' id='word_1_447' title='bbox 701 4028 844 4097; x_wconf 81' lang='lat' dir='ltr'>concione]</span> <span class='ocrx_word' id='word_1_448' title='bbox 865 4042 922 4079; x_wconf 91' lang='lat' dir='ltr'>om.</span> <span class='ocrx_word' id='word_1_449' title='bbox 942 4023 1030 4098; x_wconf 72' lang='lat' dir='ltr'>Lngd.</span> <span class='ocrx_word' id='word_1_450' title='bbox 1053 4026 1117 4080; x_wconf 87' lang='grc' dir='ltr'><strong>Ηοι.</strong></span> <span class='ocrx_word' id='word_1_451' title='bbox 1136 4026 1215 4079; x_wconf 69' lang='lat' dir='ltr'>Men.</span> <span class='ocrx_word' id='word_1_452' title='bbox 1236 4026 1316 4080; x_wconf 87' lang='lat' dir='ltr'>Cren.</span> <span class='ocrx_word' id='word_1_453' title='bbox 1335 4053 1373 4067; x_wconf 92' lang='lat'><em>-</em></span> <span class='ocrx_word' id='word_1_454' title='bbox 1391 4025 1450 4078; x_wconf 77' lang='lat' dir='ltr'>alia</span> <span class='ocrx_word' id='word_1_455' title='bbox 1463 4044 1557 4096; x_wconf 79' lang='lat' dir='ltr'>popu-</span> 
     </span>
     <span class='ocr_line' id='line_1_47' title="bbox 247 4096 1265 4172; baseline -0.001 -16"><span class='ocrx_word' id='word_1_456' title='bbox 247 4100 458 4172; x_wconf 63' lang='lat' dir='ltr'>ostensurus,</span> <span class='ocrx_word' id='word_1_457' title='bbox 478 4111 510 4154; x_wconf 76' lang='lat' dir='ltr'>ut</span> <span class='ocrx_word' id='word_1_458' title='bbox 527 4119 633 4172; x_wconf 80' lang='lat' dir='ltr'>semper</span> <span class='ocrx_word' id='word_1_459' title='bbox 653 4101 742 4168; x_wconf 82' lang='lat' dir='ltr'>alies,</span> <span class='ocrx_word' id='word_1_460' title='bbox 760 4105 803 4152; x_wconf 79' lang='lat' dir='ltr'>iia</span> <span class='ocrx_word' id='word_1_461' title='bbox 817 4110 847 4154; x_wconf 82' lang='lat' dir='ltr'>st</span> <span class='ocrx_word' id='word_1_462' title='bbox 869 4104 899 4154; x_wconf 81' lang='lat' dir='ltr'>in</span> <span class='ocrx_word' id='word_1_463' title='bbox 920 4106 1048 4154; x_wconf 79' lang='lat' dir='ltr'>contione</span> <span class='ocrx_word' id='word_1_464' title='bbox 1065 4099 1175 4157; x_wconf 85' lang='lat' dir='ltr'>Bersid.</span> <span class='ocrx_word' id='word_1_465' title='bbox 1198 4096 1265 4155; x_wconf 80' lang='lat' dir='ltr'>Lod.</span> 
     </span>
    </p>

    <p class='ocr_par' dir='ltr' id='par_1_15' title="bbox 321 4175 735 4248">
     <span class='ocr_line' id='line_1_48' title="bbox 321 4175 735 4248; baseline -0.005 -18"><span class='ocrx_word' id='word_1_466' title='bbox 321 4175 391 4231; x_wconf 87' lang='lat' dir='ltr'>lbid.</span> <span class='ocrx_word' id='word_1_467' title='bbox 411 4176 455 4248; x_wconf 85' lang='lat' dir='ltr'>id]</span> <span class='ocrx_word' id='word_1_468' title='bbox 475 4178 516 4230; x_wconf 82' lang='lat' dir='ltr'>Iis</span> <span class='ocrx_word' id='word_1_469' title='bbox 533 4176 593 4231; x_wconf 76' lang='lat' dir='ltr'>nid.</span> <span class='ocrx_word' id='word_1_470' title='bbox 612 4192 639 4230; x_wconf 88' lang='lat' dir='ltr'>et</span> <span class='ocrx_word' id='word_1_471' title='bbox 660 4193 735 4248; x_wconf 88' lang='lat' dir='ltr'>seqq.</span> 
     </span>
    </p>

    <p class='ocr_par' dir='ltr' id='par_1_16' title="bbox 322 4248 1352 4322">
     <span class='ocr_line' id='line_1_49' title="bbox 322 4248 1352 4322; baseline 0.003 -20"><span class='ocrx_word' id='word_1_472' title='bbox 322 4255 366 4311; x_wconf 87' lang='grc'><strong>16.</strong></span> <span class='ocrx_word' id='word_1_473' title='bbox 385 4255 459 4304; x_wconf 77' lang='lat' dir='ltr'>iubet</span> <span class='ocrx_word' id='word_1_474' title='bbox 475 4257 547 4304; x_wconf 85' lang='lat' dir='ltr'>ent&#39;m</span> <span class='ocrx_word' id='word_1_475' title='bbox 565 4255 602 4319; x_wconf 86' lang='lat' dir='ltr'>is]</span> <span class='ocrx_word' id='word_1_476' title='bbox 622 4250 697 4303; x_wconf 77' lang='lat' dir='ltr'>iubet</span> <span class='ocrx_word' id='word_1_477' title='bbox 714 4268 926 4320; x_wconf 80' lang='lat' dir='ltr'>umtmqssemque</span> <span class='ocrx_word' id='word_1_478' title='bbox 941 4253 967 4302; x_wconf 84' lang='lat' dir='ltr'>is</span> <span class='ocrx_word' id='word_1_479' title='bbox 987 4248 1072 4322; x_wconf 76' lang='lat' dir='ltr'>Lngd.</span> <span class='ocrx_word' id='word_1_480' title='bbox 1092 4250 1156 4304; x_wconf 82' lang='grc' dir='ltr'><strong>Ηοι.</strong></span> <span class='ocrx_word' id='word_1_481' title='bbox 1175 4249 1253 4303; x_wconf 75' lang='lat' dir='ltr'>Man.</span> <span class='ocrx_word' id='word_1_482' title='bbox 1272 4251 1352 4305; x_wconf 81' lang='lat' dir='ltr'>eren.</span> 
     </span>
    </p>

    <p class='ocr_par' dir='ltr' id='par_1_17' title="bbox 322 4324 914 4399">
     <span class='ocr_line' id='line_1_50' title="bbox 322 4324 914 4399; baseline 0.003 -22"><span class='ocrx_word' id='word_1_483' title='bbox 322 4333 367 4388; x_wconf 73' lang='grc'><strong>18.</strong></span> <span class='ocrx_word' id='word_1_484' title='bbox 387 4331 462 4396; x_wconf 82' lang='lat' dir='ltr'>erat]</span> <span class='ocrx_word' id='word_1_485' title='bbox 480 4336 523 4378; x_wconf 87' lang='lat' dir='ltr'>est</span> <span class='ocrx_word' id='word_1_486' title='bbox 542 4324 628 4399; x_wconf 75' lang='lat' dir='ltr'>Lugd.</span> <span class='ocrx_word' id='word_1_487' title='bbox 648 4328 714 4380; x_wconf 87' lang='lat' dir='ltr'>Hot.</span> <span class='ocrx_word' id='word_1_488' title='bbox 736 4326 814 4378; x_wconf 74' lang='lat' dir='ltr'>Mon.</span> <span class='ocrx_word' id='word_1_489' title='bbox 833 4325 914 4379; x_wconf 69' lang='lat' dir='ltr'>Cren-</span> 
     </span>
    </p>

    <p class='ocr_par' dir='ltr' id='par_1_18' title="bbox 321 4398 898 4469">
     <span class='ocr_line' id='line_1_51' title="bbox 321 4398 898 4469; baseline -0.003 -14"><span class='ocrx_word' id='word_1_490' title='bbox 321 4400 393 4456; x_wconf 81' lang='lat' dir='ltr'>ibid</span> <span class='ocrx_word' id='word_1_491' title='bbox 410 4404 519 4469; x_wconf 79' lang='lat' dir='ltr'>sedin]</span> <span class='ocrx_word' id='word_1_492' title='bbox 538 4401 636 4453; x_wconf 74' lang='lat' dir='ltr'>sedeci</span> <span class='ocrx_word' id='word_1_493' title='bbox 655 4406 685 4452; x_wconf 82' lang='lat' dir='ltr'>irs</span> <span class='ocrx_word' id='word_1_494' title='bbox 704 4401 812 4454; x_wconf 81' lang='lat' dir='ltr'>Bersld.</span> <span class='ocrx_word' id='word_1_495' title='bbox 831 4398 898 4453; x_wconf 79' lang='lat' dir='ltr'>Lod.</span> 
     </span>
    </p>

    <p class='ocr_par' dir='ltr' id='par_1_19' title="bbox 324 4475 1078 4547">
     <span class='ocr_line' id='line_1_52' title="bbox 324 4475 1078 4547; baseline -0.001 -19"><span class='ocrx_word' id='word_1_496' title='bbox 324 4481 367 4534; x_wconf 91' lang='grc'><strong>19.</strong></span> <span class='ocrx_word' id='word_1_497' title='bbox 386 4476 545 4544; x_wconf 81' lang='lat' dir='ltr'>descendet]</span> <span class='ocrx_word' id='word_1_498' title='bbox 566 4475 692 4528; x_wconf 60' lang='lat' dir='ltr'>decedas</span> <span class='ocrx_word' id='word_1_499' title='bbox 710 4475 795 4547; x_wconf 77' lang='lat' dir='ltr'>Lngd.</span> <span class='ocrx_word' id='word_1_500' title='bbox 815 4477 879 4528; x_wconf 81' lang='lat' dir='ltr'>idot.</span> <span class='ocrx_word' id='word_1_501' title='bbox 899 4475 977 4528; x_wconf 79' lang='lat' dir='ltr'>Men.</span> <span class='ocrx_word' id='word_1_502' title='bbox 997 4476 1078 4528; x_wconf 86' lang='lat' dir='ltr'>Creo.</span> 
     </span>
    </p>

    <p class='ocr_par' dir='ltr' id='par_1_20' title="bbox 247 4546 1561 4699">
     <span class='ocr_line' id='line_1_53' title="bbox 322 4546 1561 4622; baseline -0.005 -18"><span class='ocrx_word' id='word_1_503' title='bbox 322 4550 394 4606; x_wconf 83' lang='lat' dir='ltr'>ibid.</span> <span class='ocrx_word' id='word_1_504' title='bbox 415 4553 534 4618; x_wconf 81' lang='lat' dir='ltr'>iatttrns]</span> <span class='ocrx_word' id='word_1_505' title='bbox 554 4551 674 4606; x_wconf 65' lang='lat' dir='ltr'>murus.</span> <span class='ocrx_word' id='word_1_506' title='bbox 694 4551 812 4622; x_wconf 78' lang='lat' dir='ltr'>populns</span> <span class='ocrx_word' id='word_1_507' title='bbox 833 4555 905 4601; x_wconf 82' lang='lat' dir='ltr'>enim</span> <span class='ocrx_word' id='word_1_508' title='bbox 924 4546 1073 4618; x_wconf 68' lang='lat' dir='ltr'>consuens,</span> <span class='ocrx_word' id='word_1_509' title='bbox 1105 4557 1136 4599; x_wconf 82' lang='lat' dir='ltr'>ni</span> <span class='ocrx_word' id='word_1_510' title='bbox 1168 4566 1273 4618; x_wconf 76' lang='lat' dir='ltr'>semper</span> <span class='ocrx_word' id='word_1_511' title='bbox 1299 4548 1389 4610; x_wconf 80' lang='lat' dir='ltr'>alias,</span> <span class='ocrx_word' id='word_1_512' title='bbox 1422 4552 1465 4599; x_wconf 82' lang='lat' dir='ltr'>ita</span> <span class='ocrx_word' id='word_1_513' title='bbox 1484 4555 1512 4598; x_wconf 83' lang='lat' dir='ltr'>et</span> <span class='ocrx_word' id='word_1_514' title='bbox 1531 4552 1561 4598; x_wconf 80' lang='lat' dir='ltr'>irs</span> 
     </span>
     <span class='ocr_line' id='line_1_54' title="bbox 247 4622 1561 4699; baseline -0.001 -23"><span class='ocrx_word' id='word_1_515' title='bbox 247 4635 377 4682; x_wconf 78' lang='lat' dir='ltr'>concione</span> <span class='ocrx_word' id='word_1_516' title='bbox 393 4626 480 4699; x_wconf 77' lang='lat' dir='ltr'>Lngd.</span> <span class='ocrx_word' id='word_1_517' title='bbox 500 4627 562 4679; x_wconf 84' lang='lat' dir='ltr'>idos.</span> <span class='ocrx_word' id='word_1_518' title='bbox 579 4626 656 4680; x_wconf 73' lang='lat' dir='ltr'>Men.</span> <span class='ocrx_word' id='word_1_519' title='bbox 679 4626 760 4678; x_wconf 85' lang='lat' dir='ltr'>Creu.</span> <span class='ocrx_word' id='word_1_520' title='bbox 780 4625 833 4677; x_wconf 88' lang='lat' dir='ltr'>inte</span> <span class='ocrx_word' id='word_1_521' title='bbox 855 4628 1027 4695; x_wconf 75' lang='lat' dir='ltr'>transpositis</span> <span class='ocrx_word' id='word_1_522' title='bbox 1049 4629 1099 4690; x_wconf 86' lang='lat' dir='ltr'>iis,</span> <span class='ocrx_word' id='word_1_523' title='bbox 1124 4640 1192 4695; x_wconf 83' lang='lat' dir='ltr'>qnae</span> <span class='ocrx_word' id='word_1_524' title='bbox 1214 4627 1242 4675; x_wconf 88' lang='lat' dir='ltr'>in</span> <span class='ocrx_word' id='word_1_525' title='bbox 1262 4623 1352 4676; x_wconf 83' lang='lat' dir='ltr'>Ptine.</span> <span class='ocrx_word' id='word_1_526' title='bbox 1372 4638 1435 4676; x_wconf 84' lang='lat' dir='ltr'>nnte</span> <span class='ocrx_word' id='word_1_527' title='bbox 1456 4622 1561 4693; x_wconf 84' lang='lat' dir='ltr'>siiquot</span> 
     </span>
    </p>
   </div>
   <div class='ocr_carea' id='block_1_8' title="bbox 248 4696 1561 4831">
    <p class='ocr_par' dir='ltr' id='par_1_21' title="bbox 248 4696 1561 4831">
     <span class='ocr_line' id='line_1_55' title="bbox 248 4696 1561 4831; baseline -0.002 -77"><span class='ocrx_word' id='word_1_528' title='bbox 248 4701 495 4831; x_wconf 49' lang='lat' dir='ltr'>sensnshiiegtssqqur.</span> <span class='ocrx_word' id='word_1_529' title='bbox 539 4703 598 4773; x_wconf 75' lang='lat' dir='ltr'>,At</span> <span class='ocrx_word' id='word_1_530' title='bbox 623 4699 669 4755; x_wconf 76' lang='lat' dir='ltr'>tis</span> <span class='ocrx_word' id='word_1_531' title='bbox 696 4703 831 4756; x_wconf 76' lang='lat' dir='ltr'>Asconius</span> <span class='ocrx_word' id='word_1_532' title='bbox 860 4717 876 4752; x_wconf 72' lang='lat' dir='ltr'>e</span> <span class='ocrx_word' id='word_1_533' title='bbox 904 4700 992 4752; x_wconf 83' lang='lat' dir='ltr'>serbis</span> <span class='ocrx_word' id='word_1_534' title='bbox 1022 4698 1063 4752; x_wconf 82' lang='lat' dir='ltr'>isis</span> <span class='ocrx_word' id='word_1_535' title='bbox 1091 4704 1218 4769; x_wconf 76' lang='lat' dir='ltr'>perustis</span> <span class='ocrx_word' id='word_1_536' title='bbox 1245 4696 1453 4752; x_wconf 67' lang='lat' dir='ltr'>adnotationem</span> <span class='ocrx_word' id='word_1_537' title='bbox 1482 4715 1561 4751; x_wconf 85' lang='lat' dir='ltr'>orsus</span> 
     </span>
     <span class='ocr_line' id='line_1_56' title="bbox 248 4775 461 4831; baseline -0.005 0"><span class='ocrx_word' id='word_1_538' title='bbox 248 4775 317 4831; x_wconf 82' lang='lat' dir='ltr'>est.&#39;&#39;</span> <span class='ocrx_word' id='word_1_539' title='bbox 382 4784 401 4830; x_wconf 78' lang='grc' dir='ltr'>Α</span> <span class='ocrx_word' id='word_1_540' title='bbox 453 4813 461 4830; x_wconf 91' lang='grc'><strong>.</strong></span> 
     </span>
    </p>
   </div>
   <div class='ocr_carea' id='block_1_9' title="bbox 0 0 1629 5280">
    <p class='ocr_par' dir='ltr' id='par_1_22' title="bbox 0 0 1629 5280">
     <span class='ocr_line' id='line_1_57' title="bbox 0 0 1629 5280; baseline 0 0"><span class='ocrx_word' id='word_1_541' title='bbox 0 0 1629 5280; x_wconf 95' lang='lat' dir='ltr'> </span> 
     </span>
    </p>
   </div>
  </div>
 </body>
</html>
