3210 5280
208 209 271 317 au
320 199 321 202 ‘
630 213 832 282 senoina
857 214 1109 290 noninusia

207 362 405 435 compertum
426 363 473 416 est
488 354 745 420 est-orationibus
766 357 850 422 illius
872 354 1034 439 plurimis,
1058 353 1172 439 quibus
1195 351 1261 415 eius
1286 351 1380 416 vitam
1407 374 1536 417 mores·

206 467 270 532 que
291 445 455 512 dilacerat.
500 450 552 513 Ex
576 449 682 535 iurgio
705 451 829 535 itaque,
854 451 940 536 quod
965 449 1048 512 iuter
1070 470 1104 510 se
1129 458 1313 521 moverant,
1339 448 1449 510 oratio
1472 447 1535 511 ista

206 541 383 622 composita
418 554 484 618 est,
520 544 608 607 cuius
642 544 857 627 inscriptionis
892 543 1033 618 titulum,
1068 542 1156 624 prius
1194 563 1287 624 quam
1321 539 1539 604 commentari

207 634 393 718 adgrediar,
417 637 648 717 explanandum
671 650 773 720 puto:
800 658 863 702 non
880 641 919 700 ab
936 659 971 700 re
991 634 1172 699 existimans
1197 636 1339 698 futurum
1358 635 1539 718 [nostris¹]

77 802 81 807 A
181 727 399 802 electoribus,
431 730 457 792 si
485 732 637 795 orationis
661 732 784 794 titutum
815 753 877 795 non
903 730 1029 794 indocte
1055 728 1290 811 perspexerint.
1332 728 1465 810 Quippe
1489 728 1539 791 in·

206 821 358 886 scribitur
379 823 748 889 INTERROGATIO
771 825 833 888 DE
858 825 984 888 AERE
1008 824 1188 887 ALIENO
1213 820 1429 888 otthonis.
1479 822 1536 886 ln·

204 916 435 1000 terrogationis
457 929 559 981 autem
576 941 638 982 non
656 940 715 981 una
730 919 854 999 species
869 928 955 991 crat,
980 919 1035 979 sed
1051 916 1182 979 varia²s
1208 924 1243 977 ut
1258 915 1316 976 alia
1332 915 1538 998 significaret

205 1009 417 1075 accusationis
440 1012 728 1087 denuntiationem,
753 1011 854 1095 qualis
876 1009 927 1073 illa
951 1009 1164 1091 praescriptio
1195 1020 1242 1071 est
1266 1008 1422 1072 orationis
1446 1011 1539 1087 eius,

206 1124 269 1186 qua
292 1125 365 1166 iistis
391 1103 449 1167 tuti
472 1103 502 1166 iu
524 1127 593 1167 eum
622 1107 662 1168 P.
692 1104 841 1180 Clodius,
866 1125 971 1188 quum
992 1104 1116 1187 legibus
1142 1103 1387 1187 interrogasset.
1431 1105 1540 1188 Legi·

155 1198 264 1274 subus
287 1195 369 1259 enim
391 1197 436 1260 sic
462 1199 761 1283 interrogabatur³,
786 1198 965 1284 inquirente
995 1209 1199 1273 accusatore,
1225 1219 1264 1259 an
1291 1198 1394 1260 oiunia
1419 1220 1540 1260 sccun-

203 1291 278 1354 dum
301 1291 404 1374 legum
428 1294 624 1375 praescripta
648 1291 851 1377 gesseritis,
878 1290 928 1353 eui
954 1289 1072 1353 crimen
1095 1290 1328 1353 intendebatur.
1374 1292 1458 1353 Erat
1476 1293 1539 1355 alia

42 1429 48 1439 .
103 1381 106 1391 ¹
204 1395 370 1468 praeterea
406 1385 618 1472 interrogatio
651 1387 795 1468 testium,
833 1385 913 1448 sieut
944 1383 1012 1466 ipse
1047 1386 1097 1450 M.
1133 1385 1258 1448 Tullius
1292 1384 1334 1447 P.
1364 1384 1539 1447 Vatinium

145 1502 148 1511 ⁴
204 1488 319 1542 testem
344 1477 570 1564 interrogavit.
614 1479 753 1560 Proprie
770 1499 903 1562 namque
917 1478 1130 1563 interrogatio
1145 1478 1328 1554 dicebatur,
1354 1500 1416 1559 qua
1433 1490 1539 1544 testes

204 1573 491 1656 redarguebantur.
548 1572 660 1653 Tertia
683 1574 761 1635 baec
783 1585 829 1635 est
849 1573 1070 1657 interrogandi
1093 1571 1235 1653 speeies,
1271 1582 1305 1632 ut
1328 1572 1442 1635 Sinnio
1469 1574 1540 1639 Ca·

163 1664 309 1747 ispitoni
345 1664 489 1741 videtur,
528 1668 689 1748 pertinens
723 1669 761 1728 ad
793 1665 927 1730 officium
961 1679 993 1728 et
1030 1666 1286 1729 consuetudinem
1322 1668 1539 1734 senatoriam.

206 1757 343 1838 Quando
365 1759 446 1822 cuim
468 1757 599 1843 aliquis⁴
620 1761 804 1824 seutentiam
827 1760 902 1824 loco
928 1780 987 1823 suo
1011 1759 1070 1822 iam
1095 1758 1236 1834 dixerat,
1261 1771 1292 1821 et
1318 1759 1398 1821 alius
1419 1774 1541 1842 postea

204 1848 422 1935 interrogatus
436 1855 588 1938 quaedam
607 1847 771 1917 ridebatur
785 1855 826 1917 ita
844 1855 985 1926 tocritus,
1010 1864 1044 1914 ut
1064 1851 1200 1914 refutari
1221 1853 1338 1934 posse⁵
1361 1851 1540 1919 iustissime

205 1943 408 2021 viderentur,
432 1946 615 2028 postulabat
636 1945 707 2022 itte,
733 1947 787 2032 qui
808 1949 867 2009 iarn
894 1946 1081 2010 sententiam
1105 1945 1247 2022 dixerat,
1278 1956 1313 2008 ut
1339 1946 1400 2008 sibi
1421 1946 1542 2011 liceret

205 2037 425 2123 interrogare,
450 2040 513 2102 hoc
534 2037 598 2115 cs't,
615 2040 702 2106 illum
718 2044 931 2125 redarguere,
955 2040 1045 2102 cuiuis
1067 2037 1244 2102 sententia⁶
1265 2037 1296 2101 in
1320 2040 1426 2104 miritis
1444 2042 1542 2126 quasi

128 2124 136 2131 “
163 2160 196 2210 2⁰
208 2135 342 2196 mendax
363 2145 396 2197 et
417 2134 610 2198 calumniosa
633 2135 784 2219 redargui
805 2147 927 2217 posset.
972 2134 1129 2214 Quoniam
1154 2153 1235 2219 ergo
1254 2133 1379 2198 dixerat
1396 2134 1541 2202 Clodius

206 2236 239 2293 et
261 2227 360 2293 minius
382 2227 563 2311 professum
586 2230 667 2292 acels
690 2228 781 2292 alieni
804 2228 960 2291 Milonem
983 2271 994 2291 .
1019 2272 1029 2292 .
1054 2273 1064 2290 .

456 2328 759 2432 [Desiderantur
781 2333 918 2408 saltem
945 2327 1273 2440 paginaeque]

343 2561 616 2652 ORATIO
659 2560 810 2650 CUM
845 2561 1393 2685 COMMENTARIO.

285 2772 316 2848 1.
345 2767 365 2846 1
371 2829 637 2848 .....
665 2774 885 2849 adversarii.

166 2925 198 2977 25
292 2893 387 2956 Nunc
409 2895 449 2954 ad
469 2891 553 2954 atiud
582 2886 712 2956 transit:
748 2912 786 2954 an
813 2893 932 2976 aiiquid
956 2893 1041 2958 Milo
1069 2914 1129 2974 per
1159 2893 1220 2956 viui
1246 2894 1354 2956 Iacere
1381 2906 1539 2960 conetur.

208 2985 332 3053 Ethoc
354 2986 499 3050 similiter
520 2986 690 3059 refutarit,
714 2997 748 3049 ut
772 2987 872 3050 omnis
888 2988 945 3050 ista
969 2985 1108 3068 suspicio
1132 2997 1164 3049 et
1185 2986 1304 3049 invidia
1329 2986 1360 3049 in
1381 2986 1540 3052 Clodium

208 3091 449 3165 retorqueatur.
494 3081 543 3143 Ita
574 3080 654 3143 enim
681 3081 907 3163 argumento⁷
940 3093 1129 3158 excrirrent,
1165 3081 1280 3165 quibus
1312 3093 1343 3144 et
1372 3082 1539 3145 Milonem

208 3186 327 3258 purget
348 3185 381 3236 et
402 3172 617 3237 adversarium
641 3184 850 3258 praegravet.

285 3292 323 3372 2.
363 3283 563 3371 Eieiundus
601 3307 660 3372 est
691 3324 738 3372 ex
764 3301 856 3372 urbe
884 3299 976 3373 civis
1003 3310 1134 3374 auctor
1160 3310 1198 3373 et
1224 3309 1349 3373 custos
1377 3301 1539 3399 salutis,

165 3410 297 3506 sootii,
324 3410 534 3510 dignituIiS,
561 3409 647 3483 fidei
657 3407 683 3484 ⁸.

282 3617 307 3664 1.
326 3618 387 3666 Cod.
412 3633 457 3676 pro
480 3619 577 3664 nostris
602 3619 671 3665 babet
691 3633 750 3665 non.
799 3618 824 3664 2.
845 3620 906 3665 Coit.
931 3622 1009 3666 saris.
1046 3623 1170 3675 (Fortasse
1190 3625 1285 3669 suriae.
1315 3623 1375 3677 Oa.)
1425 3623 1451 3670 ³.
1472 3629 1536 3674 Cod.

348 3690 582 3750 interrogabantur.
620 3682 645 3735 1.
665 3691 725 3736 Cod.
740 3689 845 3751 aliquid.
883 3690 908 3737 5.
922 3692 983 3736 Cod.
998 3688 1111 3750 resistcre
1122 3700 1216 3751 posset.
1255 3692 1279 3738 i.
1294 3694 1355 3738 Cod.
1370 3699 1537 3744 sententiam.

352 3756 378 3805 1.
398 3761 504 3815 Spatium
523 3760 633 3806 reticium
654 3760 678 3805 in
702 3761 783 3806 codice
802 3773 848 3820 ego
866 3761 899 3805 ita
917 3763 1017 3817 reptavi.
1052 3759 1162 3820 (Excidit
1180 3777 1232 3808 voc.
1252 3765 1296 3809 Gr.
1317 3762 1376 3822 Os.)
1413 3763 1439 3809 8.
1454 3769 1540 3813 Verba

349 3835 373 3874 si
387 3835 473 3876 castos
485 3829 594 3884 saturis,
605 3829 665 3884 oiis',
676 3827 826 3891 dignitatis,
835 3828 902 3892 fidei
914 3846 960 3878 nen
975 3833 1070 3888 scripsit
1084 3833 1107 3876 in
1120 3839 1231 3877 coiitertu
1241 3834 1355 3877 Tattinno
1367 3835 1537 3892 scholiastes,

349 3902 391 3945 aad
407 3913 435 3943 ea
451 3904 530 3944 tamen
544 3899 652 3946 exhibuit
666 3899 689 3945 iu
711 3912 772 3958 sno;
791 3913 820 3946 ez
839 3915 886 3960 quc
901 3901 1065 3947 transferenda
1089 3916 1142 3947 esse
1162 3906 1190 3948 ad
1209 3903 1346 3948 Tuttrannus
1365 3905 1447 3950 iocum
1465 3914 1537 3954 acute

349 3970 517 4015 animadvertit
531 3971 563 4016 ct.
581 3968 612 4016 tt.

287 4091 333 4146 11.
351 4088 429 4160 Quid
445 4095 489 4142 esi
516 4093 621 4162 (inquit
642 4092 773 4145 decoctos
793 4087 828 4143 sd
848 4104 902 4145 act.
922 4091 945 4145 1.
966 4095 995 4144 tc
1015 4094 1092 4146 Verr.
1114 4108 1177 4165 cap.
1195 4091 1236 4166 2.)
1267 4111 1343 4145 rrum
1355 4077 1448 4166 fiiri,
1479 4103 1538 4150 nisi

209 4163 286 4237 apsari
300 4174 460 4234 praetorem
480 4165 589 4235 legibus
607 4166 804 4236 interrogari?
835 4166 925 4237 Quum
951 4171 1024 4220 eninr
1048 4173 1077 4219 in
1102 4173 1147 4220 ius
1171 4178 1393 4234 centumuiri,
1421 4171 1538 4225 dicebat

209 4249 359 4294 “cusator
384 4240 460 4311 apud
477 4250 640 4310 praetorem
668 4259 733 4307 reo,
763 4248 811 4294 aio
837 4250 865 4293 te
891 4242 1000 4294 Siculos
1023 4244 1167 4313 spoliasse.
1204 4245 1236 4297 Si
1262 4250 1414 4311 tacitisset,
1445 4248 1483 4298 lis
1511 4255 1537 4300 ei

209 4316 429 4383 aestimabatur,
448 4325 479 4368 sst
497 4323 591 4377 vietor
615 4323 642 4370 si
659 4326 807 4386 negasset,
823 4316 975 4387 petebatur
994 4336 1012 4369 a
1032 4325 1206 4386 magistratu
1224 4320 1284 4371 dies
1303 4322 1537 4388 inquirendos-rans

208 4396 269 4444 eiras
291 4396 438 4444 criminans
463 4399 492 4444 et
516 4394 717 4446 instituebatur
741 4398 893 4447 marsaio.
941 4392 1043 4448 Confer
1069 4393 1187 4448 eundern
1208 4399 1360 4450 Aesonium
1387 4402 1473 4451 etiam
1503 4397 1538 4452 sd

209 4465 259 4524 tto.
280 4466 320 4520 11.
340 4471 369 4520 tn
389 4468 466 4521 Verr.
487 4483 548 4540 cap.
570 4473 597 4529 5.

287 4546 330 4600 15.
352 4545 464 4596 Sinnius
484 4543 585 4615 Capito
604 4547 764 4617 saepissime
783 4547 812 4596 tn
832 4561 861 4596 re
880 4549 1062 4616 grammatica
1081 4549 1184 4599 citatur
1205 4542 1275 4617 apud
1295 4547 1418 4602 Festum.
1467 4548 1537 4602 Eius

210 4617 342 4689 epistulas
366 4617 460 4672 iaudat
486 4618 594 4673 Gellius
620 4622 652 4671 v.
672 4625 716 4676 20.
743 4634 771 4672 et
797 4624 841 4677 21.
880 4620 916 4673 Et
936 4620 1045 4691 quidem
1065 4636 1125 4694 cap.
1146 4626 1194 4678 21.
1213 4619 1281 4674 diets
1303 4620 1337 4675 de
1363 4641 1410 4677 eo:
1443 4620 1538 4676 Sinnii

211 4693 357 4762 capitonis
374 4696 527 4747 doctissimi
546 4700 603 4746 viri
621 4693 758 4764 spirirales
776 4702 843 4747 suni
862 4710 916 4747 rano
935 4701 964 4748 irs
983 4695 1054 4749 libro
1080 4699 1199 4763 mattae,
1229 4701 1343 4767 opinor,
1370 4703 1485 4769 positus
1506 4706 1536 4752 in

210 4767 312 4838 templa
331 4766 423 4824 Paeo.
526 4839 538 4856 μ
635 4832 639 4839 a
