3210 5280
162 193 223 257 tte
286 201 288 204 ⁴
494 192 791 260 SCHOLIASTA
813 193 1153 261 ottonovlntttts

246 331 331 416 Cap.
355 333 421 398 tlt.
445 335 479 399 5.
523 339 595 401 Vos
623 335 695 399 iam
722 334 838 399 misltis
866 333 1017 413 indiciis]
1049 338 1143 411 Iam,
1178 344 1213 397 ut
1243 335 1397 399 ostendat
1425 355 1487 397 non

160 438 283 492 restare
306 428 365 490 nisi
388 429 488 492 solam
512 451 660 510 poenam.

161 573 163 576 .
246 525 278 585 6.
302 525 405 586 Nunc
429 523 595 607 quidquid
613 524 678 603 est]
703 523 853 589 Ostendit
877 522 1067 604 periculum.
1112 524 1205 606 Ergo
1231 520 1297 584 cito
1320 519 1487 585 occidendi

135 626 244 678 [sunt.
290 615 395 688 Vide,
421 616 472 677 illc
503 616 576 696 quid
608 617 756 679 dixerat?
791 618 976 678 dividendos
999 637 1069 678 esse
1092 637 1151 697 per
1175 613 1360 695 municipia.
1407 616 1486 678 Vult

67 763 70 767 .
136 711 296 773 slatenter
325 708 438 790 liguris
464 712 648 784 ostendere,
686 710 759 792 quia
795 710 912 792 ubique
942 720 1014 771 strat
1047 708 1218 783 coniurati,
1258 718 1290 769 et
1322 728 1394 768 etim
1425 707 1485 771 illis

161 801 289 864 misceri
311 813 342 863 et
367 804 501 882 perdere
533 802 618 864 illos.
678 803 819 867 Ostende
852 802 1069 865 crudeliorem
1093 801 1277 864 sententiam
1313 799 1483 865 Caesaris:

162 893 258 974 (Cap.
289 894 353 957 lv.
385 895 432 974 l.)
460 907 718 979 ceterorumque
750 897 998 979 suppliciorum
1030 916 1148 959 omnes
1177 894 1384 958 acerbitates
1413 917 1484 958 am·

159 987 334 1071 plectitur.

245 1083 344 1146 Alter
366 1080 440 1160 eos]
464 1082 584 1145 lterum
607 1084 648 1144 ad
670 1082 807 1144 Silanum
831 1083 929 1157 redit,
955 1081 1029 1165 quia
1054 1083 1198 1144 dicebat:
1223 1079 1324 1146 Cives
1347 1082 1483 1148 Romani

120 1179 249 1248 stauntss
274 1197 335 1239 non
363 1174 440 1238 licet
465 1174 566 1239 occidi
589 1176 741 1257 populum
767 1178 963 1250 Romamun3
987 1178 1250 1260 quemadmodum
1274 1178 1374 1240 suasit
1399 1176 1481 1240 occi·

80 1286 84 1289 ·
161 1271 280 1331 dendos
303 1291 386 1332 esse.

247 1365 346 1428 Alter
376 1363 540 1446 intellegit
571 1362 728 1441 mortem]
765 1363 967 1444 Disputatum
1000 1373 1048 1426 est
1077 1363 1286 1427 MORTEM
1318 1365 1379 1428 AB
1410 1363 1480 1427 DIS

161 1457 258 1522 NON
283 1457 406 1520 ESSE.
450 1458 533 1519 Vide
562 1479 661 1541 ergo,
697 1456 770 1538 qiua
796 1478 881 1519 mors
915 1456 1027 1518 malum
1061 1477 1123 1519 non
1155 1467 1220 1531 est,
1257 1477 1318 1519 nec
1346 1457 1480 1520 erudelis

161 1549 314 1613 sententia
338 1563 385 1612 cst
408 1549 568 1614 Caesaris.
615 1551 820 1630 Adprohavit
846 1572 910 1614 non
933 1572 1002 1613 esse
1025 1550 1198 1612 crudelem.

120 1662 150 1712 15
245 1643 452 1724 Municipiis
479 1642 659 1724 dispertiri
687 1643 793 1720 iubet]
832 1645 876 1708 Ut
906 1664 986 1704 smus
1018 1642 1082 1705 illic
1111 1645 1258 1719 daretur,
1294 1643 1377 1707 alter
1409 1642 1479 1706 illic.

161 1737 207 1801 Et
227 1736 400 1817 cupiditate
423 1737 570 1798 suadendi
594 1746 702 1816 raptus
725 1749 773 1799 est
796 1747 909 1799 orator
932 1748 964 1799 et
986 1735 1048 1799 ait:

247 1831 381 1894 Habere
410 1829 545 1891 videtur·
571 1829 641 1891 ista
669 1852 724 1891 res
754 1829 983 1913 iniquitatem]
1020 1828 1142 1905 Sensit,
1178 1828 1251 1913 quia
1276 1842 1392 1913 raptus
1419 1843 1479 1904 est,

93 1972 95 1976 1
162 1936 193 1987 et
215 1926 319 2005 palam
348 1923 472 1986 videtur
500 1926 539 1985 de
567 1936 669 1986 morte
695 1925 846 1999 suadere,
871 1925 959 2007 quod
980 1944 1045 1986 non
1067 1925 1161 1986 debet
1190 1923 1317 2001 lacere,
1342 1945 1382 1986 oe
1407 1945 1482 2006 pro·

162 2018 299 2100 positum
323 2018 421 2099 ipsius
445 2018 667 2099 intellegatur,
693 2030 724 2078 et
746 2017 809 2078 ait:
1227 2070 1230 2074 .

55 2140 57 2147 ¹
119 2135 151 2184 20
246 2115 463 2176 Decernatur
484 2123 617 2187 tamen,
649 2111 678 2173 si
696 2108 823 2192 placet]
858 2109 1130 2189 Quemadmodum
1154 2107 1317 2183 occurrit,
1349 2130 1389 2171 ne
1411 2131 1480 2171 eru·

162 2207 274 2269 deliter
297 2227 393 2290 agere
418 2206 573 2268 videatur.
618 2208 668 2269 Ne
696 2203 904 2284 intellegatur
929 2200 1069 2267 oratoris
1097 2203 1233 2273 astutia,
1270 2204 1404 2265 ostende
1430 2225 1479 2264 eu·

161 2301 313 2372 stodiam,
334 2311 366 2361 et
382 2299 469 2374 vide,
492 2311 570 2382 quot
587 2319 702 2383 genera
720 2317 893 2378 poenarum
908 2299 960 2358 dat
975 2296 1004 2357 in
1021 2317 1081 2357 una
1103 2295 1271 2358 sententia.
1318 2297 1361 2360 Ut
1379 2296 1480 2358 mitior

162 2390 308 2454 videatur
330 2393 379 2454 illa
403 2415 471 2456 esse
492 2394 661 2467 sententia,
687 2392 835 2464 ostende,
860 2390 931 2472 quia
949 2411 1034 2453 irrora
1050 2389 1234 2451 beneficium
1253 2403 1300 2452 est
1316 2390 1478 2453 damnatis.

249 2487 282 2548 8.
304 2488 440 2548 Multas
455 2506 523 2548 uno
538 2486 670 2566 dolore]
695 2485 964 2564 Quemadmodum
981 2483 1185 2563 reprehendit
1200 2482 1269 2544 eius
1285 2484 1479 2546 sententiam.

117 2591 151 2640 25
246 2583 367 2661 Itaque
389 2578 420 2640 si
443 2591 531 2641 esset
557 2579 660 2640 etiam
679 2576 774 2658 apud
794 2573 931 2665 inferos
953 2575 1071 2660 aliqua
1080 2572 1263 2664 formido]
1295 2578 1390 2661 Ergo
1416 2578 1480 2640 lor·

114 2726 117 2731 .
161 2671 284 2734 midinis
314 2692 406 2732 caiisa
433 2672 645 2751 compositum
675 2683 722 2732 est
748 2671 830 2733 hoe:
862 2665 1001 2732 ceterum
1032 2669 1110 2731 fides
1133 2671 1218 2731 nulla
1242 2681 1303 2733 est.
1359 2670 1395 2733 Si
1422 2672 1480 2731 hoc

47 2815 51 2822 ⁴
161 2786 243 2847 ergo
266 2777 312 2827 est
336 2787 440 2840 mors,
468 2787 529 2827 nou
553 2778 600 2826 cst
623 2763 774 2826 timenda.
819 2763 985 2841 Ostendit,
1009 2763 1081 2847 quia
1107 2785 1171 2825 nou
1200 2785 1277 2826 vera
1312 2776 1379 2838 est,
1410 2765 1477 2824 dun

162 2858 299 2924 ostendit
322 2859 444 2939 populo
465 2881 499 2921 se
520 2859 688 2938 placuisse.

246 2952 330 3034 Cap.
355 2955 397 3018 V.
420 2954 452 3016 9.
487 2956 602 3035 Quae,
627 2949 745 3035 iuquit,
767 2949 948 3032 popularis
969 2947 1127 3027 habetur]
1160 2951 1204 3012 Et
1227 2953 1379 3024 ostende,
1411 2949 1479 3033 quia

118 3047 229 3130 etipsa
253 3048 365 3109 melior
387 3058 434 3108 est
455 3046 620 3108 sententia.

248 3146 407 3204 Fortasse
430 3141 543 3202 minus
557 3151 658 3202 erunt
673 3141 735 3201 hoc
754 3148 894 3200 auctore
915 3148 949 3200 et
973 3135 1149 3219 cognitore
1171 3136 1274 3199 heim
1294 3137 1479 3200 sententiae

157 3237 346 3316 populares
369 3235 516 3316 impetus
538 3230 815 3316 pertimescendi]
845 3233 946 3303 Nam,
971 3229 998 3292 si
1024 3252 1086 3292 non
1118 3230 1325 3306 occidantur,
1351 3253 1415 3294 non
1438 3229 1479 3291 sic

162 3327 289 3389 timeant
313 3326 495 3388 seditionem
518 3327 719 3407 popularem.
765 3322 798 3386 si
830 3335 933 3386 asttem
964 3325 1169 3400 occidantur,
1205 3326 1285 3388 male
1309 3325 1386 3388 mihi
1408 3346 1479 3387 eon·

163 3419 312 3481 trahitur.
485 3435 488 3438 ’

119 3532 151 3580 35
247 3512 313 3576 Sed
342 3523 475 3586 tamen,
510 3511 631 3596 inquit,
667 3533 786 3575 eorum
813 3512 1047 3593 periculorum
1082 3510 1236 3588 rationes
1268 3511 1407 3574 utilitas
1433 3509 1479 3571 rei

158 3607 316 3688 publicae
339 3606 463 3687 vincat]
498 3607 768 3686 Quemadmodum
792 3605 951 3685 vituperat
976 3617 1007 3668 et
1034 3603 1171 3666 ostendit
1197 3603 1299 3686 magis
1326 3603 1389 3667 sibi
1413 3623 1476 3665 esse

161 3700 462 3780 pertimescendum,
497 3701 523 3761 si
552 3699 755 3773 occidantur,
791 3709 894 3759 tamen
924 3698 1026 3761 occidi
1052 3699 1186 3772 dehere,
1221 3718 1303 3759 nam
1329 3699 1474 3771 utilitas,

161 3792 280 3876 inquit,
305 3793 356 3855 rei
374 3792 530 3874 publicae
558 3794 727 3856 rationem
749 3791 984 3873 periculorum
1005 3792 1130 3853 vincat.

248 3889 300 3948 to.
324 3888 398 3948 Lex
423 3887 611 3967 Sempronia
644 3885 760 3947 iniussu
786 3885 897 3966 populi
929 3906 992 3947 non
1018 3884 1135 3946 licebat
1167 3882 1276 3966 qliaeri
1310 3885 1349 3946 de
1380 3883 1475 3964 capite

119 3976 243 4042 tocivis
267 3978 417 4042 Romani.
464 3979 600 4059 Quintus
617 3979 789 4052 Metellus,
813 3979 844 4041 in
867 4000 957 4062 quem
983 3989 1096 4060 postea
1118 3977 1213 4049 dixit,
1238 3988 1269 4039 et
1291 3991 1339 4039 est
1364 3978 1475 4041 Metel·

162 4071 241 4134 liaua
259 4072 383 4145 oratio,
408 4072 575 4155 superiore
591 4072 659 4146 die,
683 4094 776 4152 quum
794 4070 979 4155 deprehensi
996 4084 1099 4134 essent
1118 4069 1278 4133 coniurati
1295 4082 1327 4132 et
1342 4069 1475 4142 adducti,

163 4165 267 4230 otitnia
292 4167 435 4230 decrevit
466 4170 504 4229 dc
529 4166 715 4229 coniuratis.
760 4166 921 4229 Laudavit
951 4165 1162 4230 Ciceronem:
1198 4176 1304 4227 cetera
1330 4163 1474 4245 perfecit,

163 4282 244 4344 quae
267 4263 397 4323 deberet
419 4260 526 4323 lacere
555 4281 697 4322 summus
724 4271 849 4323 orator.
893 4259 1009 4332 Venit,
1034 4270 1070 4320 ut
1089 4257 1272 4320 sententiam
1304 4256 1424 4320 diceret
1444 4257 1476 4316 de

238 4445 264 4494 1.
283 4439 394 4490 indictis
413 4440 473 4493 Cic.
494 4454 519 4492 et
540 4444 581 4492 stc
601 4440 652 4494 Gr.
699 4438 727 4496 d.
748 4440 832 4507 Vide]
854 4441 892 4496 G.
923 4468 961 4481 -
991 4438 1082 4493 Video
1102 4437 1152 4491 Gr.
1171 4441 1249 4509 quast
1270 4438 1374 4492 lemma
1393 4445 1429 4493 sit
1447 4437 1475 4490 ad

161 4514 227 4585 Cap.
252 4518 296 4569 lV.
316 4519 429 4568 initium
451 4521 600 4586 pertinens.
650 4517 677 4572 6.
698 4516 730 4567 L.
750 4515 873 4566 ostendit
892 4515 939 4567 hic
959 4531 986 4568 et
1007 4512 1078 4566 tulta
1099 4528 1151 4569 ter.
1199 4519 1225 4568 7.
1245 4523 1404 4566 ceterorum
1423 4516 1475 4567 Cle.

162 4596 189 4648 9.
209 4588 368 4652 dicebatur,
389 4588 544 4640 dicebant?
561 4590 614 4644 On.
656 4600 699 4647 10.
720 4592 771 4656 „K
785 4589 903 4642 civem.''
924 4591 947 4642 l.
967 4591 996 4643 F.
1010 4591 1136 4644 Gronov.
1171 4589 1362 4665 ,Distinguam
1382 4589 1473 4642 accite

163 4664 296 4736 Populum
316 4667 481 4733 homanum]
502 4663 736 4734 Quemadmodum
754 4665 826 4718 ost.’'
843 4668 900 4718 lac.
919 4665 1046 4719 Gronov.
1085 4667 1131 4724 53.
1151 4664 1206 4729 «F.
1226 4667 1372 4722 tineam.”
1391 4665 1473 4721 Gm.

163 4737 234 4795 lbid.
253 4739 377 4794 matum?
413 4743 459 4800 55.
479 4740 512 4794 l..
532 4756 656 4794 meorum
674 4758 707 4794 ss
726 4743 787 4797 Cle.
825 4743 870 4800 59.
892 4741 991 4807 ,totu
1010 4737 1118 4810 mer·
1136 4739 1261 4796 cmv.-
