<?xml version="1.0" encoding="UTF-8"?>
<!DOCTYPE html PUBLIC "-//W3C//DTD XHTML 1.0 Transitional//EN"
    "http://www.w3.org/TR/xhtml1/DTD/xhtml1-transitional.dtd">
<html xmlns="http://www.w3.org/1999/xhtml" xml:lang="en" lang="en">
 <head>
  <title>
</title>
<meta http-equiv="Content-Type" content="text/html;charset=utf-8" />
  <meta name='ocr-system' content='tesseract 3.04.00' />
  <meta name='ocr-capabilities' content='ocr_page ocr_carea ocr_par ocr_line ocrx_word'/>
</head>
<body>
  <div class='ocr_page' id='page_1' title='image "./operaquaesupers03halmgoog_0343.png"; bbox 0 0 3210 5280; ppageno 0'>
   <div class='ocr_carea' id='block_1_1' title="bbox 165 227 1049 296">
    <p class='ocr_par' dir='ltr' id='par_1_1' title="bbox 165 227 1049 296">
     <span class='ocr_line' id='line_1_1' title="bbox 165 227 1049 296; baseline 0.008 -7"><span class='ocrx_word' id='word_1_1' title='bbox 165 227 227 290; x_wconf 77' lang='lat'><strong>312</strong></span> <span class='ocrx_word' id='word_1_2' title='bbox 572 230 778 296; x_wconf 85' lang='lat' dir='ltr'><strong>SCHOLIA</strong></span> <span class='ocrx_word' id='word_1_3' title='bbox 801 229 1049 296; x_wconf 80' lang='lat' dir='ltr'><strong>BOBIENSIA</strong></span> 
     </span>
    </p>
   </div>
   <div class='ocr_carea' id='block_1_2' title="bbox 138 368 1488 831">
    <p class='ocr_par' dir='ltr' id='par_1_2' title="bbox 164 368 1487 452">
     <span class='ocr_line' id='line_1_2' title="bbox 164 368 1487 452; baseline 0.001 -21"><span class='ocrx_word' id='word_1_4' title='bbox 164 389 224 431; x_wconf 90' lang='lat' dir='ltr'><strong>rex</strong></span> <span class='ocrx_word' id='word_1_5' title='bbox 254 369 420 433; x_wconf 74' lang='lat' dir='ltr'><strong>addixerat</strong></span> <span class='ocrx_word' id='word_1_6' title='bbox 450 391 519 432; x_wconf 93' lang='lat' dir='ltr'><strong>cum</strong></span> <span class='ocrx_word' id='word_1_7' title='bbox 547 372 747 452; x_wconf 84' lang='lat' dir='ltr'><strong>Lampsaco¹</strong></span> <span class='ocrx_word' id='word_1_8' title='bbox 776 385 807 435; x_wconf 92' lang='lat' dir='ltr'><strong>et</strong></span> <span class='ocrx_word' id='word_1_9' title='bbox 831 374 974 452; x_wconf 87' lang='lat' dir='ltr'><strong>Mynda,</strong></span> <span class='ocrx_word' id='word_1_10' title='bbox 998 373 1079 435; x_wconf 89' lang='lat' dir='ltr'><strong>unde</strong></span> <span class='ocrx_word' id='word_1_11' title='bbox 1105 368 1149 433; x_wconf 89' lang='lat' dir='ltr'><strong>illi</strong></span> <span class='ocrx_word' id='word_1_12' title='bbox 1175 368 1355 432; x_wconf 88' lang='lat' dir='ltr'><strong>necessaria</strong></span> <span class='ocrx_word' id='word_1_13' title='bbox 1383 369 1487 432; x_wconf 80' lang='lat' dir='ltr'><strong>vietus</strong></span> 
     </span>
    </p>

    <p class='ocr_par' dir='ltr' id='par_1_3' title="bbox 166 463 1488 551">
     <span class='ocr_line' id='line_1_3' title="bbox 166 463 1488 551; baseline 0.003 -27"><span class='ocrx_word' id='word_1_14' title='bbox 166 463 406 526; x_wconf 74' lang='lat' dir='ltr'><strong>exhiberentur.</strong></span> <span class='ocrx_word' id='word_1_15' title='bbox 451 465 619 549; x_wconf 77' lang='lat' dir='ltr'><strong>Denique²</strong></span> <span class='ocrx_word' id='word_1_16' title='bbox 640 469 724 548; x_wconf 87' lang='lat' dir='ltr'><strong>apud</strong></span> <span class='ocrx_word' id='word_1_17' title='bbox 747 467 949 551; x_wconf 88' lang='lat' dir='ltr'><strong>Magnesiam</strong></span> <span class='ocrx_word' id='word_1_18' title='bbox 971 464 1118 528; x_wconf 74' lang='lat' dir='ltr'>decessit.</span> <span class='ocrx_word' id='word_1_19' title='bbox 1164 466 1245 530; x_wconf 88' lang='lat' dir='ltr'><strong>Ossa</strong></span> <span class='ocrx_word' id='word_1_20' title='bbox 1269 464 1337 528; x_wconf 86' lang='lat' dir='ltr'><strong>eins</strong></span> <span class='ocrx_word' id='word_1_21' title='bbox 1361 467 1488 528; x_wconf 82' lang='lat' dir='ltr'><strong>occulte</strong></span> 
     </span>
    </p>

    <p class='ocr_par' dir='ltr' id='par_1_4' title="bbox 163 556 1484 639">
     <span class='ocr_line' id='line_1_4' title="bbox 163 556 1484 639; baseline 0.002 -21"><span class='ocrx_word' id='word_1_22' title='bbox 163 556 195 618; x_wconf 90' lang='lat' dir='ltr'><strong>in</strong></span> <span class='ocrx_word' id='word_1_23' title='bbox 220 557 325 621; x_wconf 86' lang='lat' dir='ltr'><strong>Attica</strong></span> <span class='ocrx_word' id='word_1_24' title='bbox 349 559 469 639; x_wconf 90' lang='lat' dir='ltr'><strong>sepulta</strong></span> <span class='ocrx_word' id='word_1_25' title='bbox 499 561 633 622; x_wconf 89' lang='lat' dir='ltr'><strong>suntab</strong></span> <span class='ocrx_word' id='word_1_26' title='bbox 656 559 796 622; x_wconf 81' lang='lat' dir='ltr'><strong>amicis³.</strong></span> <span class='ocrx_word' id='word_1_27' title='bbox 854 560 919 623; x_wconf 91' lang='lat' dir='ltr'><strong>Alii</strong></span> <span class='ocrx_word' id='word_1_28' title='bbox 950 581 1028 624; x_wconf 84' lang='lat' dir='ltr'><strong>tero</strong></span> <span class='ocrx_word' id='word_1_29' title='bbox 1054 558 1316 621; x_wconf 83' lang='lat' dir='ltr'><strong>existimaverunt</strong></span> <span class='ocrx_word' id='word_1_30' title='bbox 1345 561 1484 621; x_wconf 84' lang='lat' dir='ltr'><strong>eundem</strong></span> 
     </span>
    </p>

    <p class='ocr_par' dir='ltr' id='par_1_5' title="bbox 138 651 1487 831">
     <span class='ocr_line' id='line_1_5' title="bbox 138 651 1487 744; baseline 0.004 -36"><span class='ocrx_word' id='word_1_31' title='bbox 138 731 145 744; x_wconf 31' lang='grc' dir='ltr'>ι</span> <span class='ocrx_word' id='word_1_32' title='bbox 164 651 338 713; x_wconf 87' lang='lat' dir='ltr'><strong>venientem</strong></span> <span class='ocrx_word' id='word_1_33' title='bbox 365 654 404 713; x_wconf 91' lang='lat' dir='ltr'><strong>ad</strong></span> <span class='ocrx_word' id='word_1_34' title='bbox 427 657 656 736; x_wconf 82' lang='lat' dir='ltr'><strong>oppugnandas</strong></span> <span class='ocrx_word' id='word_1_35' title='bbox 678 655 821 716; x_wconf 82' lang='lat' dir='ltr'><strong>Athenas</strong></span> <span class='ocrx_word' id='word_1_36' title='bbox 843 675 913 714; x_wconf 89' lang='lat' dir='ltr'><strong>cum</strong></span> <span class='ocrx_word' id='word_1_37' title='bbox 929 653 1063 717; x_wconf 87' lang='lat' dir='ltr'><strong>Persico</strong></span> <span class='ocrx_word' id='word_1_38' title='bbox 1086 652 1229 716; x_wconf 84' lang='lat' dir='ltr'><strong>exercitu</strong></span> <span class='ocrx_word' id='word_1_39' title='bbox 1248 651 1394 716; x_wconf 72' lang='lat' dir='ltr'><strong>hausisse</strong></span> <span class='ocrx_word' id='word_1_40' title='bbox 1417 663 1487 715; x_wconf 88' lang='lat' dir='ltr'><strong>tau·</strong></span> 
     </span>
     <span class='ocr_line' id='line_1_6' title="bbox 138 745 937 831; baseline 0 -20"><span class='ocrx_word' id='word_1_41' title='bbox 138 745 266 811; x_wconf 76' lang='lat' dir='ltr'><strong>trinum</strong></span> <span class='ocrx_word' id='word_1_42' title='bbox 288 747 494 830; x_wconf 87' lang='lat' dir='ltr'><strong>sanguinem,</strong></span> <span class='ocrx_word' id='word_1_43' title='bbox 518 760 613 831; x_wconf 87' lang='lat' dir='ltr'><strong>atque</strong></span> <span class='ocrx_word' id='word_1_44' title='bbox 633 749 676 811; x_wconf 89' lang='lat' dir='ltr'><strong>ita</strong></span> <span class='ocrx_word' id='word_1_45' title='bbox 701 748 796 810; x_wconf 85' lang='lat' dir='ltr'><strong>vitam</strong></span> <span class='ocrx_word' id='word_1_46' title='bbox 817 746 937 811; x_wconf 84' lang='lat' dir='ltr'><strong>finisse.</strong></span> 
     </span>
    </p>
   </div>
   <div class='ocr_carea' id='block_1_3' title="bbox 237 861 813 946">
    <p class='ocr_par' dir='ltr' id='par_1_6' title="bbox 237 861 813 946">
     <span class='ocr_line' id='line_1_7' title="bbox 237 861 813 946; baseline 0.007 -4"><span class='ocrx_word' id='word_1_47' title='bbox 237 861 275 944; x_wconf 86' lang='lat'><strong>3.</strong></span> <span class='ocrx_word' id='word_1_48' title='bbox 302 868 380 945; x_wconf 90' lang='lat' dir='ltr'><strong>Nec</strong></span> <span class='ocrx_word' id='word_1_49' title='bbox 406 871 584 945; x_wconf 85' lang='lat' dir='ltr'><strong>llliltiadi⁴</strong></span> <span class='ocrx_word' id='word_1_50' title='bbox 611 874 813 946; x_wconf 86' lang='lat' dir='ltr'><strong>calamitas.</strong></span> 
     </span>
    </p>
   </div>
   <div class='ocr_carea' id='block_1_4' title="bbox 119 987 1487 1919">
    <p class='ocr_par' dir='ltr' id='par_1_7' title="bbox 161 987 1486 1262">
     <span class='ocr_line' id='line_1_8' title="bbox 246 987 1484 1073; baseline 0.001 -21"><span class='ocrx_word' id='word_1_51' title='bbox 246 989 303 1068; x_wconf 84' lang='lat' dir='ltr'><strong>[P.</strong></span> <span class='ocrx_word' id='word_1_52' title='bbox 328 989 398 1071; x_wconf 70' lang='lat' dir='ltr'><strong>tn]</strong></span> <span class='ocrx_word' id='word_1_53' title='bbox 421 990 579 1070; x_wconf 81' lang='lat' dir='ltr'><strong>Quoniam</strong></span> <span class='ocrx_word' id='word_1_54' title='bbox 603 992 763 1055; x_wconf 84' lang='lat' dir='ltr'><strong>curiosius</strong></span> <span class='ocrx_word' id='word_1_55' title='bbox 785 990 1065 1070; x_wconf 78' lang='lat' dir='ltr'><strong>del‘l’hemistocle</strong></span> <span class='ocrx_word' id='word_1_56' title='bbox 1086 987 1222 1052; x_wconf 83' lang='lat' dir='ltr'><strong>diximus</strong></span> <span class='ocrx_word' id='word_1_57' title='bbox 1237 1007 1348 1051; x_wconf 87' lang='lat' dir='ltr'><strong>eorum</strong></span> <span class='ocrx_word' id='word_1_58' title='bbox 1366 989 1484 1073; x_wconf 86' lang='lat' dir='ltr'><strong>gratia,</strong></span> 
     </span>
     <span class='ocr_line' id='line_1_9' title="bbox 161 1081 1486 1165; baseline 0.001 -20"><span class='ocrx_word' id='word_1_59' title='bbox 161 1081 217 1165; x_wconf 84' lang='lat' dir='ltr'><strong>qui</strong></span> <span class='ocrx_word' id='word_1_60' title='bbox 245 1082 361 1145; x_wconf 89' lang='lat' dir='ltr'><strong>litteris</strong></span> <span class='ocrx_word' id='word_1_61' title='bbox 386 1085 478 1146; x_wconf 83' lang='lat' dir='ltr'><strong>etiarn</strong></span> <span class='ocrx_word' id='word_1_62' title='bbox 507 1084 733 1148; x_wconf 83' lang='lat' dir='ltr'><strong>secretioribus</strong></span> <span class='ocrx_word' id='word_1_63' title='bbox 766 1086 979 1160; x_wconf 89' lang='lat' dir='ltr'><strong>delectantur,</strong></span> <span class='ocrx_word' id='word_1_64' title='bbox 1015 1084 1156 1148; x_wconf 81' lang='lat' dir='ltr'><strong>breviter</strong></span> <span class='ocrx_word' id='word_1_65' title='bbox 1189 1081 1428 1145; x_wconf 81' lang='lat' dir='ltr'><strong>consideremus</strong></span> <span class='ocrx_word' id='word_1_66' title='bbox 1453 1094 1486 1146; x_wconf 90' lang='lat' dir='ltr'><strong>et</strong></span> 
     </span>
     <span class='ocr_line' id='line_1_10' title="bbox 162 1176 1486 1262; baseline -0.001 -22"><span class='ocrx_word' id='word_1_67' title='bbox 162 1176 324 1241; x_wconf 84' lang='lat' dir='ltr'><strong>Miltiadi⁵</strong></span> <span class='ocrx_word' id='word_1_68' title='bbox 361 1190 509 1256; x_wconf 88' lang='lat' dir='ltr'><strong>stemma,</strong></span> <span class='ocrx_word' id='word_1_69' title='bbox 555 1178 611 1262; x_wconf 85' lang='lat' dir='ltr'><strong>qui</strong></span> <span class='ocrx_word' id='word_1_70' title='bbox 646 1179 705 1241; x_wconf 88' lang='lat' dir='ltr'><strong>suit</strong></span> <span class='ocrx_word' id='word_1_71' title='bbox 737 1179 941 1243; x_wconf 81' lang='lat' dir='ltr'><strong>Atheniensis</strong></span> <span class='ocrx_word' id='word_1_72' title='bbox 975 1178 1119 1244; x_wconf 87' lang='lat' dir='ltr'><strong>Cimonis</strong></span> <span class='ocrx_word' id='word_1_73' title='bbox 1155 1176 1252 1241; x_wconf 84' lang='lat' dir='ltr'><strong>lilius.</strong></span> <span class='ocrx_word' id='word_1_74' title='bbox 1317 1177 1409 1240; x_wconf 87' lang='lat' dir='ltr'><strong>Idem</strong></span> <span class='ocrx_word' id='word_1_75' title='bbox 1444 1199 1486 1240; x_wconf 90' lang='lat' dir='ltr'><strong>ex</strong></span> 
     </span>
    </p>

    <p class='ocr_par' dir='ltr' id='par_1_8' title="bbox 119 1270 1487 1726">
     <span class='ocr_line' id='line_1_11' title="bbox 119 1270 1485 1353; baseline -0.004 -15"><span class='ocrx_word' id='word_1_76' title='bbox 119 1272 293 1338; x_wconf 85' lang='lat' dir='ltr'><strong>ttorsculo</strong></span> <span class='ocrx_word' id='word_1_77' title='bbox 330 1270 492 1353; x_wconf 77' lang='lat' dir='ltr'><strong>Apollinis</strong></span> <span class='ocrx_word' id='word_1_78' title='bbox 528 1275 663 1337; x_wconf 89' lang='lat' dir='ltr'><strong>colonos</strong></span> <span class='ocrx_word' id='word_1_79' title='bbox 695 1272 930 1337; x_wconf 84' lang='lat' dir='ltr'><strong>Chersonesum</strong></span> <span class='ocrx_word' id='word_1_80' title='bbox 964 1272 1112 1348; x_wconf 87' lang='lat' dir='ltr'><strong>deduxit,</strong></span> <span class='ocrx_word' id='word_1_81' title='bbox 1153 1271 1241 1334; x_wconf 85' lang='lat' dir='ltr'><strong>velut</strong></span> <span class='ocrx_word' id='word_1_82' title='bbox 1276 1270 1485 1353; x_wconf 89' lang='lat' dir='ltr'><strong>praepositus</strong></span> 
     </span>
     <span class='ocr_line' id='line_1_12' title="bbox 160 1364 1487 1450; baseline -0.001 -21"><span class='ocrx_word' id='word_1_83' title='bbox 160 1365 250 1450; x_wconf 82' lang='lat' dir='ltr'><strong>regia</strong></span> <span class='ocrx_word' id='word_1_84' title='bbox 272 1376 450 1449; x_wconf 80' lang='lat' dir='ltr'><strong>potestate:</strong></span> <span class='ocrx_word' id='word_1_85' title='bbox 490 1369 645 1430; x_wconf 88' lang='lat' dir='ltr'><strong>Lemnum</strong></span> <span class='ocrx_word' id='word_1_86' title='bbox 673 1388 752 1431; x_wconf 86' lang='lat' dir='ltr'><strong>vero</strong></span> <span class='ocrx_word' id='word_1_87' title='bbox 778 1367 807 1429; x_wconf 91' lang='lat' dir='ltr'><strong>in</strong></span> <span class='ocrx_word' id='word_1_88' title='bbox 840 1367 995 1431; x_wconf 90' lang='lat' dir='ltr'><strong>dicionem</strong></span> <span class='ocrx_word' id='word_1_89' title='bbox 1029 1365 1268 1430; x_wconf 84' lang='lat' dir='ltr'><strong>Atheniensium</strong></span> <span class='ocrx_word' id='word_1_90' title='bbox 1298 1364 1425 1448; x_wconf 83' lang='lat' dir='ltr'><strong>redegit</strong></span> <span class='ocrx_word' id='word_1_91' title='bbox 1455 1375 1487 1428; x_wconf 88' lang='lat' dir='ltr'><strong>et</strong></span> 
     </span>
     <span class='ocr_line' id='line_1_13' title="bbox 162 1456 1485 1543; baseline -0.002 -20"><span class='ocrx_word' id='word_1_92' title='bbox 162 1456 318 1537; x_wconf 80' lang='lat' dir='ltr'><strong>Cycladas</strong></span> <span class='ocrx_word' id='word_1_93' title='bbox 334 1460 463 1522; x_wconf 88' lang='lat' dir='ltr'><strong>insulas.</strong></span> <span class='ocrx_word' id='word_1_94' title='bbox 500 1460 669 1543; x_wconf 83' lang='lat' dir='ltr'><strong>Quumque</strong></span> <span class='ocrx_word' id='word_1_95' title='bbox 684 1481 743 1521; x_wconf 88' lang='lat' dir='ltr'><strong>rex</strong></span> <span class='ocrx_word' id='word_1_96' title='bbox 757 1461 875 1524; x_wconf 89' lang='lat' dir='ltr'><strong>Darius</strong></span> <span class='ocrx_word' id='word_1_97' title='bbox 892 1460 1066 1524; x_wconf 83' lang='lat' dir='ltr'><strong>exercitum</strong></span> <span class='ocrx_word' id='word_1_98' title='bbox 1078 1458 1252 1523; x_wconf 84' lang='lat' dir='ltr'><strong>induxisset</strong></span> <span class='ocrx_word' id='word_1_99' title='bbox 1263 1457 1298 1523; x_wconf 90' lang='lat' dir='ltr'><strong>in</strong></span> <span class='ocrx_word' id='word_1_100' title='bbox 1313 1457 1485 1521; x_wconf 83' lang='lat' dir='ltr'><strong>Graeciam</strong></span> 
     </span>
     <span class='ocr_line' id='line_1_14' title="bbox 160 1549 1484 1636; baseline 0.001 -22"><span class='ocrx_word' id='word_1_101' title='bbox 160 1550 300 1633; x_wconf 79' lang='lat' dir='ltr'><strong>eqttitstu</strong></span> <span class='ocrx_word' id='word_1_102' title='bbox 322 1552 525 1636; x_wconf 79' lang='lat' dir='ltr'><strong>peditatuque</strong></span> <span class='ocrx_word' id='word_1_103' title='bbox 555 1553 692 1614; x_wconf 85' lang='lat' dir='ltr'><strong>maximo</strong></span> <span class='ocrx_word' id='word_1_104' title='bbox 716 1565 747 1616; x_wconf 89' lang='lat' dir='ltr'><strong>et</strong></span> <span class='ocrx_word' id='word_1_105' title='bbox 768 1555 933 1617; x_wconf 82' lang='lat' dir='ltr'><strong>navalibus</strong></span> <span class='ocrx_word' id='word_1_106' title='bbox 956 1552 1057 1633; x_wconf 90' lang='lat' dir='ltr'><strong>copiis</strong></span> <span class='ocrx_word' id='word_1_107' title='bbox 1087 1552 1276 1625; x_wconf 89' lang='lat' dir='ltr'><strong>instructus,</strong></span> <span class='ocrx_word' id='word_1_108' title='bbox 1307 1549 1339 1614; x_wconf 93' lang='lat' dir='ltr'><strong>in</strong></span> <span class='ocrx_word' id='word_1_109' title='bbox 1369 1572 1484 1632; x_wconf 92' lang='lat' dir='ltr'><strong>campo</strong></span> 
     </span>
     <span class='ocr_line' id='line_1_15' title="bbox 162 1644 1487 1726; baseline -0.002 -17"><span class='ocrx_word' id='word_1_110' title='bbox 162 1645 358 1709; x_wconf 77' lang='lat' dir='ltr'><strong>Marathone</strong></span> <span class='ocrx_word' id='word_1_111' title='bbox 380 1647 445 1710; x_wconf 86' lang='lat' dir='ltr'><strong>dttx</strong></span> <span class='ocrx_word' id='word_1_112' title='bbox 461 1648 540 1709; x_wconf 91' lang='lat' dir='ltr'><strong>idem</strong></span> <span class='ocrx_word' id='word_1_113' title='bbox 559 1647 722 1709; x_wconf 85' lang='lat' dir='ltr'><strong>Miltiades</strong></span> <span class='ocrx_word' id='word_1_114' title='bbox 740 1646 894 1711; x_wconf 87' lang='lat' dir='ltr'><strong>Persicos</strong></span> <span class='ocrx_word' id='word_1_115' title='bbox 910 1647 1069 1709; x_wconf 85' lang='lat' dir='ltr'><strong>exercitus</strong></span> <span class='ocrx_word' id='word_1_116' title='bbox 1094 1644 1186 1708; x_wconf 80' lang='lat' dir='ltr'><strong>vicit.</strong></span> <span class='ocrx_word' id='word_1_117' title='bbox 1230 1645 1355 1707; x_wconf 87' lang='lat' dir='ltr'><strong>Verum</strong></span> <span class='ocrx_word' id='word_1_118' title='bbox 1371 1656 1487 1726; x_wconf 89' lang='lat' dir='ltr'><strong>postea</strong></span> 
     </span>
    </p>

    <p class='ocr_par' dir='ltr' id='par_1_9' title="bbox 119 1737 1483 1919">
     <span class='ocr_line' id='line_1_16' title="bbox 119 1737 1483 1822; baseline 0.001 -23"><span class='ocrx_word' id='word_1_119' title='bbox 119 1758 151 1806; x_wconf 77' lang='lat' dir='ltr'><strong>ss</strong></span> <span class='ocrx_word' id='word_1_120' title='bbox 163 1737 195 1800; x_wconf 92' lang='lat' dir='ltr'><strong>in</strong></span> <span class='ocrx_word' id='word_1_121' title='bbox 217 1739 398 1801; x_wconf 80' lang='lat' dir='ltr'><strong>offensum⁶</strong></span> <span class='ocrx_word' id='word_1_122' title='bbox 419 1738 534 1804; x_wconf 85' lang='lat' dir='ltr'><strong>civium</strong></span> <span class='ocrx_word' id='word_1_123' title='bbox 566 1743 716 1804; x_wconf 90' lang='lat' dir='ltr'><strong>deductus</strong></span> <span class='ocrx_word' id='word_1_124' title='bbox 740 1741 872 1822; x_wconf 86' lang='lat' dir='ltr'><strong>pecunia</strong></span> <span class='ocrx_word' id='word_1_125' title='bbox 898 1741 1047 1803; x_wconf 89' lang='lat' dir='ltr'><strong>multatus</strong></span> <span class='ocrx_word' id='word_1_126' title='bbox 1073 1751 1140 1814; x_wconf 89' lang='lat' dir='ltr'><strong>est,</strong></span> <span class='ocrx_word' id='word_1_127' title='bbox 1171 1759 1263 1822; x_wconf 84' lang='lat' dir='ltr'><strong>quam</strong></span> <span class='ocrx_word' id='word_1_128' title='bbox 1292 1759 1389 1822; x_wconf 87' lang='lat' dir='ltr'><strong>qnutn</strong></span> <span class='ocrx_word' id='word_1_129' title='bbox 1415 1757 1483 1801; x_wconf 87' lang='lat' dir='ltr'><strong>non</strong></span> 
     </span>
     <span class='ocr_line' id='line_1_17' title="bbox 161 1832 1310 1919; baseline -0.001 -24"><span class='ocrx_word' id='word_1_130' title='bbox 161 1842 272 1914; x_wconf 90' lang='lat' dir='ltr'><strong>posset</strong></span> <span class='ocrx_word' id='word_1_131' title='bbox 297 1834 486 1910; x_wconf 82' lang='lat' dir='ltr'><strong>exsolvere,</strong></span> <span class='ocrx_word' id='word_1_132' title='bbox 509 1833 540 1897; x_wconf 90' lang='lat' dir='ltr'><strong>in</strong></span> <span class='ocrx_word' id='word_1_133' title='bbox 562 1855 723 1899; x_wconf 82' lang='lat' dir='ltr'><strong>carcerem</strong></span> <span class='ocrx_word' id='word_1_134' title='bbox 744 1834 908 1899; x_wconf 87' lang='lat' dir='ltr'><strong>coniectus</strong></span> <span class='ocrx_word' id='word_1_135' title='bbox 930 1833 1037 1919; x_wconf 81' lang='lat' dir='ltr'><strong>ibique</strong></span> <span class='ocrx_word' id='word_1_136' title='bbox 1061 1832 1226 1896; x_wconf 77' lang='lat' dir='ltr'><strong>defunctus</strong></span> <span class='ocrx_word' id='word_1_137' title='bbox 1249 1843 1310 1895; x_wconf 88' lang='lat' dir='ltr'><strong>est.</strong></span> 
     </span>
    </p>
   </div>
   <div class='ocr_carea' id='block_1_5' title="bbox 119 1951 1488 3188">
    <p class='ocr_par' dir='ltr' id='par_1_10' title="bbox 119 1951 1488 3188">
     <span class='ocr_line' id='line_1_18' title="bbox 236 1951 740 2058; baseline 0 -25"><span class='ocrx_word' id='word_1_138' title='bbox 236 1951 274 2033; x_wconf 79' lang='grc'><strong>4.</strong></span> <span class='ocrx_word' id='word_1_139' title='bbox 301 1957 431 2058; x_wconf 89' lang='lat' dir='ltr'><strong>Neque</strong></span> <span class='ocrx_word' id='word_1_140' title='bbox 457 1959 616 2033; x_wconf 87' lang='lat' dir='ltr'><strong>Aristidi</strong></span> <span class='ocrx_word' id='word_1_141' title='bbox 643 1959 740 2058; x_wconf 79' lang='lat' dir='ltr'><strong>suga.</strong></span> 
     </span>
     <span class='ocr_line' id='line_1_19' title="bbox 245 2073 1486 2158; baseline -0.002 -19"><span class='ocrx_word' id='word_1_142' title='bbox 245 2076 316 2139; x_wconf 84' lang='lat' dir='ltr'><strong>Nec</strong></span> <span class='ocrx_word' id='word_1_143' title='bbox 349 2080 431 2140; x_wconf 86' lang='lat' dir='ltr'><strong>httnc</strong></span> <span class='ocrx_word' id='word_1_144' title='bbox 456 2079 495 2139; x_wconf 90' lang='lat' dir='ltr'><strong>de</strong></span> <span class='ocrx_word' id='word_1_145' title='bbox 521 2077 598 2139; x_wconf 83' lang='lat' dir='ltr'><strong>viris</strong></span> <span class='ocrx_word' id='word_1_146' title='bbox 631 2076 818 2149; x_wconf 83' lang='lat' dir='ltr'><strong>inlustribus</strong></span> <span class='ocrx_word' id='word_1_147' title='bbox 849 2077 954 2158; x_wconf 90' lang='lat' dir='ltr'><strong>placet</strong></span> <span class='ocrx_word' id='word_1_148' title='bbox 978 2074 1105 2138; x_wconf 90' lang='lat' dir='ltr'><strong>silentio</strong></span> <span class='ocrx_word' id='word_1_149' title='bbox 1137 2073 1326 2156; x_wconf 87' lang='lat' dir='ltr'><strong>praeterire.</strong></span> <span class='ocrx_word' id='word_1_150' title='bbox 1384 2073 1486 2154; x_wconf 88' lang='lat' dir='ltr'><strong>Lysi·</strong></span> 
     </span>
     <span class='ocr_line' id='line_1_20' title="bbox 161 2166 1485 2252; baseline 0.002 -23"><span class='ocrx_word' id='word_1_151' title='bbox 161 2168 263 2231; x_wconf 88' lang='lat' dir='ltr'><strong>machi</strong></span> <span class='ocrx_word' id='word_1_152' title='bbox 295 2168 378 2232; x_wconf 84' lang='lat' dir='ltr'><strong>lilius</strong></span> <span class='ocrx_word' id='word_1_153' title='bbox 414 2169 617 2235; x_wconf 88' lang='lat' dir='ltr'><strong>Atheniensis</strong></span> <span class='ocrx_word' id='word_1_154' title='bbox 649 2170 730 2245; x_wconf 84' lang='lat' dir='ltr'><strong>luit,</strong></span> <span class='ocrx_word' id='word_1_155' title='bbox 765 2171 905 2233; x_wconf 90' lang='lat' dir='ltr'><strong>aetnulus</strong></span> <span class='ocrx_word' id='word_1_156' title='bbox 946 2170 1118 2252; x_wconf 87' lang='lat' dir='ltr'><strong>praecipue</strong></span> <span class='ocrx_word' id='word_1_157' title='bbox 1154 2166 1384 2243; x_wconf 81' lang='lat' dir='ltr'><strong>Themistocli,</strong></span> <span class='ocrx_word' id='word_1_158' title='bbox 1417 2188 1485 2250; x_wconf 88' lang='lat' dir='ltr'><strong>qtto</strong></span> 
     </span>
     <span class='ocr_line' id='line_1_21' title="bbox 119 2260 1485 2329; baseline -0.001 -5"><span class='ocrx_word' id='word_1_159' title='bbox 119 2272 329 2326; x_wconf 77' lang='lat' dir='ltr'><strong>ttaceusante</strong></span> <span class='ocrx_word' id='word_1_160' title='bbox 356 2264 386 2326; x_wconf 91' lang='lat' dir='ltr'><strong>in</strong></span> <span class='ocrx_word' id='word_1_161' title='bbox 412 2265 539 2328; x_wconf 87' lang='lat' dir='ltr'><strong>exilium</strong></span> <span class='ocrx_word' id='word_1_162' title='bbox 567 2264 715 2329; x_wconf 81' lang='lat' dir='ltr'><strong>decenni⁷</strong></span> <span class='ocrx_word' id='word_1_163' title='bbox 739 2275 827 2327; x_wconf 86' lang='lat' dir='ltr'><strong>actus</strong></span> <span class='ocrx_word' id='word_1_164' title='bbox 857 2274 918 2325; x_wconf 91' lang='lat' dir='ltr'><strong>est.</strong></span> <span class='ocrx_word' id='word_1_165' title='bbox 963 2264 1062 2325; x_wconf 83' lang='lat' dir='ltr'><strong>Sexto</strong></span> <span class='ocrx_word' id='word_1_166' title='bbox 1085 2274 1188 2323; x_wconf 83' lang='lat' dir='ltr'><strong>tamen</strong></span> <span class='ocrx_word' id='word_1_167' title='bbox 1210 2282 1293 2323; x_wconf 91' lang='lat' dir='ltr'><strong>anno</strong></span> <span class='ocrx_word' id='word_1_168' title='bbox 1316 2260 1485 2323; x_wconf 90' lang='lat' dir='ltr'><strong>restitutus</strong></span> 
     </span>
     <span class='ocr_line' id='line_1_22' title="bbox 162 2353 1487 2438; baseline -0.002 -20"><span class='ocrx_word' id='word_1_169' title='bbox 162 2368 227 2430; x_wconf 86' lang='lat' dir='ltr'><strong>est,</strong></span> <span class='ocrx_word' id='word_1_170' title='bbox 252 2379 348 2438; x_wconf 80' lang='lat' dir='ltr'><strong>quum</strong></span> <span class='ocrx_word' id='word_1_171' title='bbox 373 2358 538 2420; x_wconf 82' lang='lat' dir='ltr'><strong>Graeciam</strong></span> <span class='ocrx_word' id='word_1_172' title='bbox 563 2360 692 2420; x_wconf 79' lang='lat' dir='ltr'><strong>Xerxes</strong></span> <span class='ocrx_word' id='word_1_173' title='bbox 717 2357 902 2420; x_wconf 84' lang='lat' dir='ltr'><strong>infestaret:</strong></span> <span class='ocrx_word' id='word_1_174' title='bbox 936 2358 1019 2436; x_wconf 90' lang='lat' dir='ltr'><strong>apud</strong></span> <span class='ocrx_word' id='word_1_175' title='bbox 1042 2356 1168 2417; x_wconf 85' lang='lat' dir='ltr'><strong>Plateas</strong></span> <span class='ocrx_word' id='word_1_176' title='bbox 1192 2374 1259 2416; x_wconf 89' lang='lat' dir='ltr'><strong>rem</strong></span> <span class='ocrx_word' id='word_1_177' title='bbox 1283 2357 1363 2417; x_wconf 86' lang='lat' dir='ltr'><strong>hene</strong></span> <span class='ocrx_word' id='word_1_178' title='bbox 1387 2353 1487 2437; x_wconf 82' lang='lat' dir='ltr'><strong>gessit</strong></span> 
     </span>
     <span class='ocr_line' id='line_1_23' title="bbox 161 2447 1483 2531; baseline -0.001 -20"><span class='ocrx_word' id='word_1_179' title='bbox 161 2463 313 2531; x_wconf 87' lang='lat' dir='ltr'><strong>superato</strong></span> <span class='ocrx_word' id='word_1_180' title='bbox 340 2453 515 2515; x_wconf 88' lang='lat' dir='ltr'><strong>Mardonio</strong></span> <span class='ocrx_word' id='word_1_181' title='bbox 541 2453 751 2514; x_wconf 90' lang='lat' dir='ltr'><strong>barbarorum</strong></span> <span class='ocrx_word' id='word_1_182' title='bbox 781 2452 874 2514; x_wconf 84' lang='lat' dir='ltr'><strong>duce.</strong></span> <span class='ocrx_word' id='word_1_183' title='bbox 919 2450 993 2514; x_wconf 85' lang='lat' dir='ltr'><strong>Fuit</strong></span> <span class='ocrx_word' id='word_1_184' title='bbox 1023 2462 1125 2511; x_wconf 91' lang='lat' dir='ltr'><strong>autem</strong></span> <span class='ocrx_word' id='word_1_185' title='bbox 1154 2468 1293 2510; x_wconf 88' lang='lat' dir='ltr'><strong>summae</strong></span> <span class='ocrx_word' id='word_1_186' title='bbox 1324 2447 1483 2522; x_wconf 87' lang='lat' dir='ltr'><strong>iustitiae,</strong></span> 
     </span>
     <span class='ocr_line' id='line_1_24' title="bbox 162 2540 1488 2627; baseline -0.002 -23"><span class='ocrx_word' id='word_1_187' title='bbox 162 2545 266 2606; x_wconf 83' lang='lat' dir='ltr'><strong>unde⁸</strong></span> <span class='ocrx_word' id='word_1_188' title='bbox 288 2545 378 2606; x_wconf 85' lang='lat' dir='ltr'><strong>etiam</strong></span> <span class='ocrx_word' id='word_1_189' title='bbox 396 2544 583 2626; x_wconf 84' lang='lat' dir='ltr'><strong>[Aristides]</strong></span> <span class='ocrx_word' id='word_1_190' title='bbox 604 2544 844 2627; x_wconf 88' lang='lat' dir='ltr'><strong>rognotninatus</strong></span> <span class='ocrx_word' id='word_1_191' title='bbox 859 2556 925 2606; x_wconf 89' lang='lat' dir='ltr'><strong>est:</strong></span> <span class='ocrx_word' id='word_1_192' title='bbox 950 2562 1110 2625; x_wconf 79' lang='lat' dir='ltr'><strong>quumque</strong></span> <span class='ocrx_word' id='word_1_193' title='bbox 1125 2540 1382 2604; x_wconf 87' lang='lat' dir='ltr'><strong>Lacedaemonio</strong></span> <span class='ocrx_word' id='word_1_194' title='bbox 1400 2543 1488 2604; x_wconf 89' lang='lat' dir='ltr'><strong>Pan·</strong></span> 
     </span>
     <span class='ocr_line' id='line_1_25' title="bbox 162 2634 1486 2719; baseline -0.004 -18"><span class='ocrx_word' id='word_1_195' title='bbox 162 2636 218 2718; x_wconf 92' lang='grc' dir='ltr'><strong>[Ρ.</strong></span> <span class='ocrx_word' id='word_1_196' title='bbox 242 2637 311 2717; x_wconf 63' lang='lat' dir='ltr'><strong>lh]</strong></span> <span class='ocrx_word' id='word_1_197' title='bbox 344 2641 449 2700; x_wconf 88' lang='lat' dir='ltr'><strong>saniae</strong></span> <span class='ocrx_word' id='word_1_198' title='bbox 479 2641 523 2702; x_wconf 91' lang='lat' dir='ltr'><strong>ob</strong></span> <span class='ocrx_word' id='word_1_199' title='bbox 552 2637 959 2719; x_wconf 86' lang='lat' dir='ltr'><strong>sapientiamipraepositus</strong></span> <span class='ocrx_word' id='word_1_200' title='bbox 990 2638 1103 2698; x_wconf 88' lang='lat' dir='ltr'><strong>auctor</strong></span> <span class='ocrx_word' id='word_1_201' title='bbox 1136 2634 1247 2696; x_wconf 86' lang='lat' dir='ltr'><strong>suisset</strong></span> <span class='ocrx_word' id='word_1_202' title='bbox 1276 2634 1486 2696; x_wconf 80' lang='lat' dir='ltr'><strong>indicendae’</strong></span> 
     </span>
     <span class='ocr_line' id='line_1_26' title="bbox 121 2718 1484 2812; baseline -0.002 -20"><span class='ocrx_word' id='word_1_203' title='bbox 121 2728 345 2796; x_wconf 81' lang='lat' dir='ltr'><strong>aseivitatinus</strong></span> <span class='ocrx_word' id='word_1_204' title='bbox 372 2732 522 2812; x_wconf 88' lang='lat' dir='ltr'><strong>pecuniae</strong></span> <span class='ocrx_word' id='word_1_205' title='bbox 553 2734 593 2794; x_wconf 92' lang='lat' dir='ltr'><strong>ad</strong></span> <span class='ocrx_word' id='word_1_206' title='bbox 614 2718 745 2793; x_wconf 86' lang='lat' dir='ltr'><strong>classem</strong></span> <span class='ocrx_word' id='word_1_207' title='bbox 774 2731 987 2792; x_wconf 78' lang='lat' dir='ltr'><strong>fabricandam</strong></span> <span class='ocrx_word' id='word_1_208' title='bbox 1019 2739 1052 2790; x_wconf 91' lang='lat' dir='ltr'><strong>et</strong></span> <span class='ocrx_word' id='word_1_209' title='bbox 1076 2728 1235 2790; x_wconf 82' lang='lat' dir='ltr'><strong>exercitus</strong></span> <span class='ocrx_word' id='word_1_210' title='bbox 1258 2727 1484 2803; x_wconf 89' lang='lat' dir='ltr'><strong>instruendos,</strong></span> 
     </span>
     <span class='ocr_line' id='line_1_27' title="bbox 164 2820 1486 2907; baseline -0.002 -21"><span class='ocrx_word' id='word_1_211' title='bbox 164 2843 281 2886; x_wconf 86' lang='lat' dir='ltr'><strong>summa</strong></span> <span class='ocrx_word' id='word_1_212' title='bbox 309 2826 474 2905; x_wconf 71' lang='lat' dir='ltr'><strong>{stridentia</strong></span> <span class='ocrx_word' id='word_1_213' title='bbox 501 2837 533 2888; x_wconf 90' lang='lat' dir='ltr'><strong>et</strong></span> <span class='ocrx_word' id='word_1_214' title='bbox 559 2825 674 2889; x_wconf 85' lang='lat' dir='ltr'><strong>virtute</strong></span> <span class='ocrx_word' id='word_1_215' title='bbox 707 2846 774 2887; x_wconf 88' lang='lat' dir='ltr'><strong>rem</strong></span> <span class='ocrx_word' id='word_1_216' title='bbox 804 2824 921 2907; x_wconf 83' lang='lat' dir='ltr'><strong>gessit,</strong></span> <span class='ocrx_word' id='word_1_217' title='bbox 962 2843 1003 2884; x_wconf 86' lang='lat' dir='ltr'><strong>ex</strong></span> <span class='ocrx_word' id='word_1_218' title='bbox 1029 2844 1065 2884; x_wconf 88' lang='lat' dir='ltr'><strong>es</strong></span> <span class='ocrx_word' id='word_1_219' title='bbox 1096 2821 1228 2902; x_wconf 88' lang='lat' dir='ltr'><strong>pecunia</strong></span> <span class='ocrx_word' id='word_1_220' title='bbox 1259 2820 1308 2882; x_wconf 89' lang='lat' dir='ltr'><strong>his</strong></span> <span class='ocrx_word' id='word_1_221' title='bbox 1337 2820 1486 2884; x_wconf 91' lang='lat' dir='ltr'><strong>omnibus</strong></span> 
     </span>
     <span class='ocr_line' id='line_1_28' title="bbox 163 2914 1485 3003; baseline 0 -26"><span class='ocrx_word' id='word_1_222' title='bbox 163 2914 397 2997; x_wconf 90' lang='lat' dir='ltr'><strong>dispensandis,</strong></span> <span class='ocrx_word' id='word_1_223' title='bbox 421 2941 503 3003; x_wconf 82' lang='lat' dir='ltr'><strong>quae</strong></span> <span class='ocrx_word' id='word_1_224' title='bbox 527 2918 611 2982; x_wconf 87' lang='lat' dir='ltr'><strong>saeta</strong></span> <span class='ocrx_word' id='word_1_225' title='bbox 635 2941 694 3000; x_wconf 93' lang='lat' dir='ltr'><strong>per</strong></span> <span class='ocrx_word' id='word_1_226' title='bbox 719 2918 863 2980; x_wconf 87' lang='lat' dir='ltr'><strong>civitates</strong></span> <span class='ocrx_word' id='word_1_227' title='bbox 889 2916 1071 2980; x_wconf 87' lang='lat' dir='ltr'><strong>conlatione</strong></span> <span class='ocrx_word' id='word_1_228' title='bbox 1097 2915 1212 2979; x_wconf 89' lang='lat' dir='ltr'><strong>Delum</strong></span> <span class='ocrx_word' id='word_1_229' title='bbox 1240 2914 1485 2977; x_wconf 81' lang='lat' dir='ltr'><strong>conferebatur.</strong></span> 
     </span>
     <span class='ocr_line' id='line_1_29' title="bbox 164 3009 1487 3094; baseline -0.005 -18"><span class='ocrx_word' id='word_1_230' title='bbox 164 3010 256 3076; x_wconf 90' lang='lat' dir='ltr'><strong>Obiit</strong></span> <span class='ocrx_word' id='word_1_231' title='bbox 283 3012 415 3074; x_wconf 79' lang='lat' dir='ltr'><strong>mortem</strong></span> <span class='ocrx_word' id='word_1_232' title='bbox 442 3013 472 3074; x_wconf 89' lang='lat' dir='ltr'><strong>in</strong></span> <span class='ocrx_word' id='word_1_233' title='bbox 498 3033 618 3074; x_wconf 88' lang='lat' dir='ltr'><strong>summa</strong></span> <span class='ocrx_word' id='word_1_234' title='bbox 640 3023 846 3094; x_wconf 88' lang='lat' dir='ltr'><strong>paupertate:</strong></span> <span class='ocrx_word' id='word_1_235' title='bbox 872 3012 924 3074; x_wconf 89' lang='lat' dir='ltr'><strong>cui</strong></span> <span class='ocrx_word' id='word_1_236' title='bbox 945 3010 994 3075; x_wconf 92' lang='lat' dir='ltr'><strong>rei</strong></span> <span class='ocrx_word' id='word_1_237' title='bbox 1013 3011 1076 3074; x_wconf 86' lang='lat' dir='ltr'><strong>ltoc</strong></span> <span class='ocrx_word' id='word_1_238' title='bbox 1095 3020 1282 3094; x_wconf 87' lang='lat' dir='ltr'><strong>argumento</strong></span> <span class='ocrx_word' id='word_1_239' title='bbox 1307 3020 1374 3085; x_wconf 89' lang='lat' dir='ltr'><strong>est,</strong></span> <span class='ocrx_word' id='word_1_240' title='bbox 1399 3009 1487 3092; x_wconf 89' lang='lat' dir='ltr'><strong>quod</strong></span> 
     </span>
     <span class='ocr_line' id='line_1_30' title="bbox 168 3102 898 3188; baseline 0 -20"><span class='ocrx_word' id='word_1_241' title='bbox 168 3102 237 3169; x_wconf 89' lang='lat' dir='ltr'><strong>eius</strong></span> <span class='ocrx_word' id='word_1_242' title='bbox 260 3104 343 3167; x_wconf 82' lang='lat' dir='ltr'><strong>filiae</strong></span> <span class='ocrx_word' id='word_1_243' title='bbox 364 3108 469 3170; x_wconf 90' lang='lat' dir='ltr'><strong>dotem</strong></span> <span class='ocrx_word' id='word_1_244' title='bbox 493 3109 531 3169; x_wconf 91' lang='lat' dir='ltr'><strong>de</strong></span> <span class='ocrx_word' id='word_1_245' title='bbox 553 3108 683 3188; x_wconf 91' lang='lat' dir='ltr'><strong>publico</strong></span> <span class='ocrx_word' id='word_1_246' title='bbox 705 3104 898 3188; x_wconf 87' lang='lat' dir='ltr'><strong>acceperint.</strong></span> 
     </span>
    </p>
   </div>
   <div class='ocr_carea' id='block_1_6' title="bbox 122 3224 1322 3321">
    <p class='ocr_par' dir='ltr' id='par_1_11' title="bbox 122 3224 1322 3321">
     <span class='ocr_line' id='line_1_31' title="bbox 122 3224 1322 3321; baseline -0.008 -12"><span class='ocrx_word' id='word_1_247' title='bbox 122 3259 155 3309; x_wconf 86' lang='lat' dir='ltr'><strong>ss</strong></span> <span class='ocrx_word' id='word_1_248' title='bbox 240 3225 416 3306; x_wconf 76' lang='lat' dir='ltr'><strong>LXt&#39;ln.</strong></span> <span class='ocrx_word' id='word_1_249' title='bbox 433 3224 480 3321; x_wconf 47' lang='grc' dir='ltr'><strong>χ1.</strong></span> <span class='ocrx_word' id='word_1_250' title='bbox 509 3230 616 3304; x_wconf 88' lang='lat' dir='ltr'><strong>Hunc</strong></span> <span class='ocrx_word' id='word_1_251' title='bbox 643 3233 701 3303; x_wconf 87' lang='lat' dir='ltr'><strong>sui</strong></span> <span class='ocrx_word' id='word_1_252' title='bbox 728 3233 829 3304; x_wconf 89' lang='lat' dir='ltr'><strong>cives</strong></span> <span class='ocrx_word' id='word_1_253' title='bbox 856 3256 882 3304; x_wconf 82' lang='lat' dir='ltr'><strong>e</strong></span> <span class='ocrx_word' id='word_1_254' title='bbox 904 3233 1053 3304; x_wconf 86' lang='lat' dir='ltr'><strong>civitate</strong></span> <span class='ocrx_word' id='word_1_255' title='bbox 1079 3224 1322 3302; x_wconf 67' lang='lat' dir='ltr'><strong>eieceruntw.</strong></span> 
     </span>
    </p>
   </div>
   <div class='ocr_carea' id='block_1_7' title="bbox 164 3345 1486 3710">
    <p class='ocr_par' dir='ltr' id='par_1_12' title="bbox 164 3345 1486 3710">
     <span class='ocr_line' id='line_1_32' title="bbox 252 3345 1484 3431; baseline -0.002 -22"><span class='ocrx_word' id='word_1_256' title='bbox 252 3346 384 3409; x_wconf 89' lang='lat' dir='ltr'><strong>Poenus</strong></span> <span class='ocrx_word' id='word_1_257' title='bbox 400 3347 560 3410; x_wconf 89' lang='lat' dir='ltr'><strong>Hannibal</strong></span> <span class='ocrx_word' id='word_1_258' title='bbox 580 3370 676 3431; x_wconf 88' lang='lat' dir='ltr'><strong>quum</strong></span> <span class='ocrx_word' id='word_1_259' title='bbox 692 3350 809 3412; x_wconf 88' lang='lat' dir='ltr'><strong>multos</strong></span> <span class='ocrx_word' id='word_1_260' title='bbox 831 3370 890 3430; x_wconf 90' lang='lat' dir='ltr'><strong>per</strong></span> <span class='ocrx_word' id='word_1_261' title='bbox 912 3369 1012 3411; x_wconf 89' lang='lat' dir='ltr'><strong>annos</strong></span> <span class='ocrx_word' id='word_1_262' title='bbox 1027 3347 1148 3412; x_wconf 82' lang='lat' dir='ltr'><strong>ltaliam</strong></span> <span class='ocrx_word' id='word_1_263' title='bbox 1166 3345 1361 3429; x_wconf 86' lang='lat' dir='ltr'><strong>gravissimis</strong></span> <span class='ocrx_word' id='word_1_264' title='bbox 1381 3346 1484 3407; x_wconf 87' lang='lat' dir='ltr'><strong>ettm¹¹</strong></span> 
     </span>
     <span class='ocr_line' id='line_1_33' title="bbox 165 3437 1486 3523; baseline -0.002 -23"><span class='ocrx_word' id='word_1_265' title='bbox 165 3437 306 3505; x_wconf 87' lang='lat' dir='ltr'><strong>cladibus</strong></span> <span class='ocrx_word' id='word_1_266' title='bbox 329 3439 514 3513; x_wconf 82' lang='lat' dir='ltr'><strong>adiecisset,</strong></span> <span class='ocrx_word' id='word_1_267' title='bbox 538 3444 577 3503; x_wconf 93' lang='lat' dir='ltr'><strong>ad</strong></span> <span class='ocrx_word' id='word_1_268' title='bbox 601 3453 777 3503; x_wconf 86' lang='lat' dir='ltr'><strong>extremum</strong></span> <span class='ocrx_word' id='word_1_269' title='bbox 800 3441 832 3503; x_wconf 90' lang='lat' dir='ltr'><strong>in</strong></span> <span class='ocrx_word' id='word_1_270' title='bbox 853 3441 999 3505; x_wconf 77' lang='lat' dir='ltr'><strong>Africam</strong></span> <span class='ocrx_word' id='word_1_271' title='bbox 1022 3443 1152 3503; x_wconf 91' lang='lat' dir='ltr'><strong>decreto</strong></span> <span class='ocrx_word' id='word_1_272' title='bbox 1174 3437 1486 3523; x_wconf 80' lang='lat' dir='ltr'><strong>Karthaginiensium</strong></span> 
     </span>
     <span class='ocr_line' id='line_1_34' title="bbox 164 3532 1485 3618; baseline -0.001 -24"><span class='ocrx_word' id='word_1_273' title='bbox 164 3544 357 3605; x_wconf 85' lang='lat' dir='ltr'><strong>revocatus,</strong></span> <span class='ocrx_word' id='word_1_274' title='bbox 380 3534 606 3618; x_wconf 83' lang='lat' dir='ltr'><strong>congressione</strong></span> <span class='ocrx_word' id='word_1_275' title='bbox 629 3536 714 3615; x_wconf 88' lang='lat' dir='ltr'><strong>apud</strong></span> <span class='ocrx_word' id='word_1_276' title='bbox 738 3536 868 3595; x_wconf 89' lang='lat' dir='ltr'><strong>Zamam</strong></span> <span class='ocrx_word' id='word_1_277' title='bbox 893 3535 995 3610; x_wconf 81' lang='lat' dir='ltr'><strong>saeta,</strong></span> <span class='ocrx_word' id='word_1_278' title='bbox 1024 3545 1190 3615; x_wconf 86' lang='lat' dir='ltr'><strong>superatus</strong></span> <span class='ocrx_word' id='word_1_279' title='bbox 1216 3555 1232 3595; x_wconf 90' lang='lat' dir='ltr'><strong>a</strong></span> <span class='ocrx_word' id='word_1_280' title='bbox 1256 3534 1297 3596; x_wconf 87' lang='lat' dir='ltr'><strong>P.</strong></span> <span class='ocrx_word' id='word_1_281' title='bbox 1320 3532 1485 3614; x_wconf 88' lang='lat' dir='ltr'><strong>Scipione,</strong></span> 
     </span>
     <span class='ocr_line' id='line_1_35' title="bbox 165 3625 1483 3710; baseline 0 -24"><span class='ocrx_word' id='word_1_282' title='bbox 165 3647 260 3710; x_wconf 85' lang='lat' dir='ltr'><strong>quum</strong></span> <span class='ocrx_word' id='word_1_283' title='bbox 287 3638 459 3700; x_wconf 88' lang='lat' dir='ltr'><strong>metueret,</strong></span> <span class='ocrx_word' id='word_1_284' title='bbox 485 3630 560 3692; x_wconf 80' lang='lat' dir='ltr'><strong>ne¹²</strong></span> <span class='ocrx_word' id='word_1_285' title='bbox 593 3628 714 3708; x_wconf 91' lang='lat' dir='ltr'><strong>populo</strong></span> <span class='ocrx_word' id='word_1_286' title='bbox 742 3628 785 3690; x_wconf 82' lang='lat' dir='ltr'><strong>R.</strong></span> <span class='ocrx_word' id='word_1_287' title='bbox 808 3627 979 3690; x_wconf 85' lang='lat' dir='ltr'><strong>dederetur</strong></span> <span class='ocrx_word' id='word_1_288' title='bbox 1003 3649 1020 3690; x_wconf 91' lang='lat' dir='ltr'><strong>a</strong></span> <span class='ocrx_word' id='word_1_289' title='bbox 1043 3628 1107 3690; x_wconf 89' lang='lat' dir='ltr'><strong>suis</strong></span> <span class='ocrx_word' id='word_1_290' title='bbox 1135 3626 1310 3699; x_wconf 81' lang='lat' dir='ltr'><strong>civibus¹³,</strong></span> <span class='ocrx_word' id='word_1_291' title='bbox 1349 3625 1428 3687; x_wconf 82' lang='lat' dir='ltr'><strong>afuit</strong></span> <span class='ocrx_word' id='word_1_292' title='bbox 1439 3627 1483 3698; x_wconf 72' lang='lat'><strong>¹⁸,</strong></span> 
     </span>
    </p>
   </div>
   <div class='ocr_carea' id='block_1_8' title="bbox 238 3790 1486 4271">
    <p class='ocr_par' dir='ltr' id='par_1_13' title="bbox 238 3790 1486 4271">
     <span class='ocr_line' id='line_1_36' title="bbox 238 3790 1483 3854; baseline -0.005 -14"><span class='ocrx_word' id='word_1_293' title='bbox 238 3795 261 3845; x_wconf 83' lang='lat' dir='ltr'><strong>l.</strong></span> <span class='ocrx_word' id='word_1_294' title='bbox 281 3797 343 3840; x_wconf 83' lang='lat' dir='ltr'><strong>Cod.</strong></span> <span class='ocrx_word' id='word_1_295' title='bbox 362 3794 486 3843; x_wconf 74' lang='lat' dir='ltr'><strong>lumento.</strong></span> <span class='ocrx_word' id='word_1_296' title='bbox 528 3793 554 3840; x_wconf 80' lang='lat'><strong>2.</strong></span> <span class='ocrx_word' id='word_1_297' title='bbox 573 3795 634 3839; x_wconf 84' lang='lat' dir='ltr'><strong>Cod.</strong></span> <span class='ocrx_word' id='word_1_298' title='bbox 653 3794 793 3854; x_wconf 74' lang='lat' dir='ltr'><strong>deniquae,</strong></span> <span class='ocrx_word' id='word_1_299' title='bbox 818 3800 841 3839; x_wconf 93' lang='lat' dir='ltr'><strong>et</strong></span> <span class='ocrx_word' id='word_1_300' title='bbox 862 3807 917 3838; x_wconf 83' lang='lat' dir='ltr'><strong>mox</strong></span> <span class='ocrx_word' id='word_1_301' title='bbox 938 3795 1058 3839; x_wconf 71' lang='lat' dir='ltr'><strong>occultes.</strong></span> <span class='ocrx_word' id='word_1_302' title='bbox 1101 3791 1126 3838; x_wconf 81' lang='lat'><strong>3.</strong></span> <span class='ocrx_word' id='word_1_303' title='bbox 1146 3794 1206 3838; x_wconf 86' lang='lat' dir='ltr'><strong>Cod.</strong></span> <span class='ocrx_word' id='word_1_304' title='bbox 1226 3794 1338 3837; x_wconf 82' lang='lat' dir='ltr'><strong>omt&#39;rs&#39;s&#39;a.</strong></span> <span class='ocrx_word' id='word_1_305' title='bbox 1377 3790 1403 3836; x_wconf 79' lang='lat' dir='ltr'><strong>l.</strong></span> <span class='ocrx_word' id='word_1_306' title='bbox 1424 3792 1483 3835; x_wconf 78' lang='lat' dir='ltr'><strong>Coti.</strong></span> 
     </span>
     <span class='ocr_line' id='line_1_37' title="bbox 305 3859 1483 3925; baseline -0.007 -14"><span class='ocrx_word' id='word_1_307' title='bbox 305 3868 407 3911; x_wconf 65' lang='lat' dir='ltr'><strong>militm.</strong></span> <span class='ocrx_word' id='word_1_308' title='bbox 444 3865 469 3910; x_wconf 74' lang='grc'><strong>5.</strong></span> <span class='ocrx_word' id='word_1_309' title='bbox 490 3863 659 3909; x_wconf 49' lang='lat' dir='ltr'><strong>eueniendi.</strong></span> <span class='ocrx_word' id='word_1_310' title='bbox 697 3864 721 3911; x_wconf 74' lang='grc'><strong>6.</strong></span> <span class='ocrx_word' id='word_1_311' title='bbox 741 3863 902 3925; x_wconf 61' lang='lat' dir='ltr'><strong>offersionem</strong></span> <span class='ocrx_word' id='word_1_312' title='bbox 914 3861 1142 3919; x_wconf 70' lang='lat' dir='ltr'><strong>Cora.h&#39;ep.dlt&#39;ll.</strong></span> <span class='ocrx_word' id='word_1_313' title='bbox 1159 3859 1227 3917; x_wconf 62' lang='lat'>¹⁷2⁴·</span> <span class='ocrx_word' id='word_1_314' title='bbox 1248 3862 1295 3907; x_wconf 68' lang='lat'><strong>01.</strong></span> <span class='ocrx_word' id='word_1_315' title='bbox 1335 3859 1360 3906; x_wconf 74' lang='lat' dir='ltr'><strong>l&#39;.</strong></span> <span class='ocrx_word' id='word_1_316' title='bbox 1382 3863 1483 3905; x_wconf 85' lang='lat' dir='ltr'><strong>ltaeod.</strong></span> 
     </span>
     <span class='ocr_line' id='line_1_38' title="bbox 303 3928 1485 3992; baseline -0.005 -14"><span class='ocrx_word' id='word_1_317' title='bbox 303 3949 347 3992; x_wconf 89' lang='lat' dir='ltr'><strong>pro</strong></span> <span class='ocrx_word' id='word_1_318' title='bbox 370 3935 494 3979; x_wconf 80' lang='lat' dir='ltr'><strong>decennii.</strong></span> <span class='ocrx_word' id='word_1_319' title='bbox 532 3935 557 3978; x_wconf 81' lang='grc'><strong>8.</strong></span> <span class='ocrx_word' id='word_1_320' title='bbox 576 3936 636 3981; x_wconf 82' lang='lat' dir='ltr'><strong>cot.</strong></span> <span class='ocrx_word' id='word_1_321' title='bbox 652 3934 865 3978; x_wconf 80' lang='lat' dir='ltr'><strong>iustitiueasrdent.</strong></span> <span class='ocrx_word' id='word_1_322' title='bbox 903 3933 927 3978; x_wconf 82' lang='grc'><strong>9.</strong></span> <span class='ocrx_word' id='word_1_323' title='bbox 948 3935 1008 3979; x_wconf 77' lang='lat' dir='ltr'><strong>Coi.</strong></span> <span class='ocrx_word' id='word_1_324' title='bbox 1025 3931 1173 3977; x_wconf 76' lang='lat' dir='ltr'><strong>iadicemde.</strong></span> <span class='ocrx_word' id='word_1_325' title='bbox 1212 3928 1253 3977; x_wconf 83' lang='lat' dir='ltr'><strong>tt).</strong></span> <span class='ocrx_word' id='word_1_326' title='bbox 1274 3933 1485 3976; x_wconf 62' lang='lat' dir='ltr'><strong>(ledeia-iunior.</strong></span> 
     </span>
     <span class='ocr_line' id='line_1_39' title="bbox 306 3997 1484 4060; baseline -0.006 -11"><span class='ocrx_word' id='word_1_327' title='bbox 306 4006 347 4049; x_wconf 88' lang='lat' dir='ltr'><strong>tt.</strong></span> <span class='ocrx_word' id='word_1_328' title='bbox 368 4005 489 4049; x_wconf 80' lang='lat' dir='ltr'><strong>lledsndat</strong></span> <span class='ocrx_word' id='word_1_329' title='bbox 506 4019 572 4048; x_wconf 76' lang='lat' dir='ltr'><strong>etam.</strong></span> <span class='ocrx_word' id='word_1_330' title='bbox 613 4002 652 4048; x_wconf 69' lang='grc'><strong>12.</strong></span> <span class='ocrx_word' id='word_1_331' title='bbox 674 4005 734 4049; x_wconf 76' lang='lat' dir='ltr'><strong>eos.</strong></span> <span class='ocrx_word' id='word_1_332' title='bbox 754 4019 786 4047; x_wconf 85' lang='lat' dir='ltr'><strong>ae</strong></span> <span class='ocrx_word' id='word_1_333' title='bbox 807 4017 933 4047; x_wconf 77' lang='lat' dir='ltr'><strong>eomerers</strong></span> <span class='ocrx_word' id='word_1_334' title='bbox 957 4005 1016 4060; x_wconf 75' lang='lat' dir='ltr'><strong>rapi</strong></span> <span class='ocrx_word' id='word_1_335' title='bbox 1039 4002 1125 4060; x_wconf 79' lang='lat' dir='ltr'><strong>Scipio</strong></span> <span class='ocrx_word' id='word_1_336' title='bbox 1139 4003 1230 4058; x_wconf 77' lang='lat' dir='ltr'><strong>populo</strong></span> <span class='ocrx_word' id='word_1_337' title='bbox 1250 3997 1296 4045; x_wconf 82' lang='lat' dir='ltr'><strong>rel.</strong></span> <span class='ocrx_word' id='word_1_338' title='bbox 1318 4015 1377 4058; x_wconf 75' lang='lat' dir='ltr'><strong>qnae</strong></span> <span class='ocrx_word' id='word_1_339' title='bbox 1401 4001 1484 4044; x_wconf 83' lang='lat' dir='ltr'><strong>menda</strong></span> 
     </span>
     <span class='ocr_line' id='line_1_40' title="bbox 303 4071 1486 4133; baseline -0.006 -14"><span class='ocrx_word' id='word_1_340' title='bbox 303 4078 323 4119; x_wconf 84' lang='lat' dir='ltr'><strong>si</strong></span> <span class='ocrx_word' id='word_1_341' title='bbox 345 4077 467 4133; x_wconf 72' lang='lat' dir='ltr'><strong>ingeniose</strong></span> <span class='ocrx_word' id='word_1_342' title='bbox 486 4079 654 4127; x_wconf 77' lang='lat' dir='ltr'><strong>sutendentar,</strong></span> <span class='ocrx_word' id='word_1_343' title='bbox 675 4088 770 4117; x_wconf 77' lang='lat' dir='ltr'><strong>sensam</strong></span> <span class='ocrx_word' id='word_1_344' title='bbox 783 4075 886 4116; x_wconf 76' lang='lat' dir='ltr'><strong>tortasse</strong></span> <span class='ocrx_word' id='word_1_345' title='bbox 902 4076 1051 4118; x_wconf 78' lang='lat' dir='ltr'><strong>eommodam</strong></span> <span class='ocrx_word' id='word_1_346' title='bbox 1069 4074 1165 4115; x_wconf 74' lang='lat' dir='ltr'><strong>dabant.</strong></span> <span class='ocrx_word' id='word_1_347' title='bbox 1203 4071 1255 4129; x_wconf 72' lang='lat' dir='ltr'><strong>Ego</strong></span> <span class='ocrx_word' id='word_1_348' title='bbox 1268 4074 1366 4115; x_wconf 87' lang='lat' dir='ltr'><strong>interim</strong></span> <span class='ocrx_word' id='word_1_349' title='bbox 1385 4071 1486 4114; x_wconf 82' lang='lat' dir='ltr'><strong>tiberius</strong></span> 
     </span>
     <span class='ocr_line' id='line_1_41' title="bbox 303 4137 1482 4202; baseline -0.005 -13"><span class='ocrx_word' id='word_1_350' title='bbox 303 4147 398 4198; x_wconf 76' lang='lat' dir='ltr'><strong>scripsi.</strong></span> <span class='ocrx_word' id='word_1_351' title='bbox 438 4141 479 4188; x_wconf 78' lang='grc'><strong>13.</strong></span> <span class='ocrx_word' id='word_1_352' title='bbox 498 4145 559 4188; x_wconf 81' lang='lat' dir='ltr'><strong>Coti.</strong></span> <span class='ocrx_word' id='word_1_353' title='bbox 579 4143 705 4188; x_wconf 73' lang='lat' dir='ltr'><strong>cirillus.</strong></span> <span class='ocrx_word' id='word_1_354' title='bbox 743 4144 817 4187; x_wconf 68' lang='lat' dir='ltr'><strong>stater</strong></span> <span class='ocrx_word' id='word_1_355' title='bbox 830 4157 888 4202; x_wconf 81' lang='lat' dir='ltr'><strong>ergo</strong></span> <span class='ocrx_word' id='word_1_356' title='bbox 900 4143 1003 4188; x_wconf 81' lang='lat' dir='ltr'><strong>tortasse</strong></span> <span class='ocrx_word' id='word_1_357' title='bbox 1016 4144 1130 4200; x_wconf 78' lang='lat' dir='ltr'><strong>attqnistr</strong></span> <span class='ocrx_word' id='word_1_358' title='bbox 1144 4141 1260 4185; x_wconf 72' lang='lat' dir='ltr'><strong>ciuilibus</strong></span> <span class='ocrx_word' id='word_1_359' title='bbox 1275 4137 1351 4199; x_wconf 81' lang='lat' dir='ltr'><strong>csttit.</strong></span> <span class='ocrx_word' id='word_1_360' title='bbox 1391 4139 1432 4186; x_wconf 84' lang='lat' dir='ltr'><strong>ll.</strong></span> <span class='ocrx_word' id='word_1_361' title='bbox 1448 4140 1482 4183; x_wconf 81' lang='lat' dir='ltr'><strong>tn</strong></span> 
     </span>
     <span class='ocr_line' id='line_1_42' title="bbox 306 4210 846 4271; baseline -0.002 -14"><span class='ocrx_word' id='word_1_362' title='bbox 306 4215 417 4258; x_wconf 81' lang='lat' dir='ltr'><strong>serthitet</strong></span> <span class='ocrx_word' id='word_1_363' title='bbox 438 4217 462 4258; x_wconf 87' lang='lat' dir='ltr'><strong>in</strong></span> <span class='ocrx_word' id='word_1_364' title='bbox 480 4216 584 4271; x_wconf 76' lang='lat' dir='ltr'><strong>antiquis</strong></span> <span class='ocrx_word' id='word_1_365' title='bbox 606 4216 676 4259; x_wconf 76' lang='lat' dir='ltr'><strong>codd.</strong></span> <span class='ocrx_word' id='word_1_366' title='bbox 695 4226 738 4268; x_wconf 88' lang='lat' dir='ltr'><strong>pro</strong></span> <span class='ocrx_word' id='word_1_367' title='bbox 756 4210 846 4271; x_wconf 77' lang='lat' dir='ltr'><strong>obfuit.</strong></span> 
     </span>
    </p>
   </div>
   <div class='ocr_carea' id='block_1_9' title="bbox 165 4330 1489 4860">
    <p class='ocr_par' dir='ltr' id='par_1_14' title="bbox 165 4330 1486 4465">
     <span class='ocr_line' id='line_1_43' title="bbox 261 4330 1486 4406; baseline -0.008 -16"><span class='ocrx_word' id='word_1_368' title='bbox 261 4343 285 4390; x_wconf 86' lang='grc'><strong>1.</strong></span> <span class='ocrx_word' id='word_1_369' title='bbox 309 4332 387 4404; x_wconf 81' lang='lat' dir='ltr'><strong>Apud</strong></span> <span class='ocrx_word' id='word_1_370' title='bbox 406 4334 540 4406; x_wconf 80' lang='lat' dir='ltr'><strong>Nepotem</strong></span> <span class='ocrx_word' id='word_1_371' title='bbox 560 4351 634 4386; x_wconf 82' lang='lat' dir='ltr'><strong>nune</strong></span> <span class='ocrx_word' id='word_1_372' title='bbox 653 4349 727 4386; x_wconf 87' lang='lat' dir='ltr'><strong>certe</strong></span> <span class='ocrx_word' id='word_1_373' title='bbox 747 4332 865 4406; x_wconf 84' lang='lat' dir='ltr'><strong>legimns</strong></span> <span class='ocrx_word' id='word_1_374' title='bbox 886 4332 1052 4406; x_wconf 82' lang='lat' dir='ltr'><strong>Myunterst,</strong></span> <span class='ocrx_word' id='word_1_375' title='bbox 1084 4345 1166 4403; x_wconf 79' lang='lat' dir='ltr'><strong>quarn</strong></span> <span class='ocrx_word' id='word_1_376' title='bbox 1192 4330 1330 4384; x_wconf 81' lang='lat' dir='ltr'><strong>diversam</strong></span> <span class='ocrx_word' id='word_1_377' title='bbox 1355 4347 1417 4383; x_wconf 87' lang='lat' dir='ltr'><strong>esse</strong></span> <span class='ocrx_word' id='word_1_378' title='bbox 1434 4348 1486 4381; x_wconf 86' lang='lat' dir='ltr'><strong>ur-</strong></span> 
     </span>
     <span class='ocr_line' id='line_1_44' title="bbox 165 4408 370 4465; baseline 0 -3"><span class='ocrx_word' id='word_1_379' title='bbox 165 4408 228 4463; x_wconf 85' lang='lat' dir='ltr'><strong>bem</strong></span> <span class='ocrx_word' id='word_1_380' title='bbox 256 4415 370 4465; x_wconf 85' lang='lat' dir='ltr'><strong>scimus.</strong></span> 
     </span>
    </p>

    <p class='ocr_par' dir='ltr' id='par_1_15' title="bbox 165 4479 1489 4860">
     <span class='ocr_line' id='line_1_45' title="bbox 258 4479 1488 4548; baseline -0.011 -7"><span class='ocrx_word' id='word_1_381' title='bbox 258 4489 282 4541; x_wconf 78' lang='lat'><strong>5.</strong></span> <span class='ocrx_word' id='word_1_382' title='bbox 306 4488 338 4537; x_wconf 90' lang='lat' dir='ltr'><strong>tn</strong></span> <span class='ocrx_word' id='word_1_383' title='bbox 359 4487 411 4536; x_wconf 81' lang='lat' dir='ltr'><strong>hae</strong></span> <span class='ocrx_word' id='word_1_384' title='bbox 429 4483 629 4536; x_wconf 72' lang='lat' dir='ltr'><strong>themistoclis</strong></span> <span class='ocrx_word' id='word_1_385' title='bbox 655 4481 801 4536; x_wconf 83' lang='lat' dir='ltr'><strong>scribenda</strong></span> <span class='ocrx_word' id='word_1_386' title='bbox 822 4487 922 4535; x_wconf 81' lang='lat' dir='ltr'><strong>notitia</strong></span> <span class='ocrx_word' id='word_1_387' title='bbox 941 4500 969 4538; x_wconf 90' lang='lat' dir='ltr'><strong>et</strong></span> <span class='ocrx_word' id='word_1_388' title='bbox 989 4500 1052 4536; x_wconf 80' lang='lat' dir='ltr'><strong>mor</strong></span> <span class='ocrx_word' id='word_1_389' title='bbox 1072 4479 1226 4541; x_wconf 85' lang='lat' dir='ltr'><strong>hiiltttdis,</strong></span> <span class='ocrx_word' id='word_1_390' title='bbox 1253 4479 1386 4532; x_wconf 75' lang='lat' dir='ltr'><strong>Aristidis</strong></span> <span class='ocrx_word' id='word_1_391' title='bbox 1407 4494 1488 4548; x_wconf 84' lang='lat' dir='ltr'><strong>atque</strong></span> 
     </span>
     <span class='ocr_line' id='line_1_46' title="bbox 166 4554 1488 4632; baseline -0.008 -17"><span class='ocrx_word' id='word_1_392' title='bbox 166 4559 345 4618; x_wconf 80' lang='lat' dir='ltr'><strong>Hannibalis.</strong></span> <span class='ocrx_word' id='word_1_393' title='bbox 366 4561 501 4631; x_wconf 73' lang='lat' dir='ltr'><strong>Nepotem</strong></span> <span class='ocrx_word' id='word_1_394' title='bbox 523 4564 607 4610; x_wconf 77' lang='lat' dir='ltr'><strong>tacite</strong></span> <span class='ocrx_word' id='word_1_395' title='bbox 626 4557 758 4630; x_wconf 81' lang='lat' dir='ltr'><strong>compilet</strong></span> <span class='ocrx_word' id='word_1_396' title='bbox 779 4562 932 4630; x_wconf 78' lang='lat' dir='ltr'><strong>interpres,</strong></span> <span class='ocrx_word' id='word_1_397' title='bbox 960 4564 1028 4632; x_wconf 90' lang='lat' dir='ltr'><strong>ipsis</strong></span> <span class='ocrx_word' id='word_1_398' title='bbox 1048 4557 1138 4610; x_wconf 79' lang='lat' dir='ltr'><strong>verbis</strong></span> <span class='ocrx_word' id='word_1_399' title='bbox 1159 4574 1214 4608; x_wconf 89' lang='lat' dir='ltr'><strong>non</strong></span> <span class='ocrx_word' id='word_1_400' title='bbox 1235 4570 1297 4606; x_wconf 84' lang='lat' dir='ltr'><strong>raro</strong></span> <span class='ocrx_word' id='word_1_401' title='bbox 1317 4555 1372 4606; x_wconf 87' lang='lat' dir='ltr'><strong>sibi</strong></span> <span class='ocrx_word' id='word_1_402' title='bbox 1393 4554 1488 4604; x_wconf 79' lang='lat' dir='ltr'><strong>sindi-</strong></span> 
     </span>
     <span class='ocr_line' id='line_1_47' title="bbox 167 4633 1489 4707; baseline -0.002 -25"><span class='ocrx_word' id='word_1_403' title='bbox 167 4639 245 4690; x_wconf 84' lang='lat' dir='ltr'><strong>eatis.</strong></span> <span class='ocrx_word' id='word_1_404' title='bbox 284 4638 376 4703; x_wconf 85' lang='lat' dir='ltr'><strong>Quare</strong></span> <span class='ocrx_word' id='word_1_405' title='bbox 395 4649 493 4704; x_wconf 80' lang='lat' dir='ltr'><strong>parans</strong></span> <span class='ocrx_word' id='word_1_406' title='bbox 513 4633 626 4706; x_wconf 80' lang='lat' dir='ltr'><strong>quidam</strong></span> <span class='ocrx_word' id='word_1_407' title='bbox 645 4635 736 4707; x_wconf 83' lang='lat' dir='ltr'><strong>Nepos</strong></span> <span class='ocrx_word' id='word_1_408' title='bbox 757 4633 897 4686; x_wconf 84' lang='lat' dir='ltr'><strong>habendus</strong></span> <span class='ocrx_word' id='word_1_409' title='bbox 917 4651 969 4689; x_wconf 86' lang='lat' dir='ltr'><strong>est.</strong></span> <span class='ocrx_word' id='word_1_410' title='bbox 1008 4635 1067 4687; x_wconf 81' lang='lat' dir='ltr'><strong>lana</strong></span> <span class='ocrx_word' id='word_1_411' title='bbox 1086 4637 1110 4686; x_wconf 90' lang='lat' dir='ltr'><strong>si</strong></span> <span class='ocrx_word' id='word_1_412' title='bbox 1130 4635 1289 4702; x_wconf 83' lang='lat' dir='ltr'><strong>interpretis</strong></span> <span class='ocrx_word' id='word_1_413' title='bbox 1310 4634 1400 4681; x_wconf 85' lang='lat' dir='ltr'><strong>nostri</strong></span> <span class='ocrx_word' id='word_1_414' title='bbox 1423 4646 1489 4679; x_wconf 89' lang='lat' dir='ltr'><strong>con·</strong></span> 
     </span>
     <span class='ocr_line' id='line_1_48' title="bbox 166 4703 1488 4780; baseline -0.005 -19"><span class='ocrx_word' id='word_1_415' title='bbox 166 4725 250 4762; x_wconf 77' lang='lat' dir='ltr'><strong>steret</strong></span> <span class='ocrx_word' id='word_1_416' title='bbox 270 4724 362 4771; x_wconf 77' lang='lat' dir='ltr'><strong>aetas,</strong></span> <span class='ocrx_word' id='word_1_417' title='bbox 382 4726 436 4761; x_wconf 91' lang='lat' dir='ltr'><strong>non</strong></span> <span class='ocrx_word' id='word_1_418' title='bbox 458 4726 528 4761; x_wconf 85' lang='lat' dir='ltr'><strong>esset</strong></span> <span class='ocrx_word' id='word_1_419' title='bbox 549 4713 601 4760; x_wconf 77' lang='lat' dir='ltr'><strong>loc</strong></span> <span class='ocrx_word' id='word_1_420' title='bbox 622 4707 757 4761; x_wconf 85' lang='lat' dir='ltr'><strong>indicium</strong></span> <span class='ocrx_word' id='word_1_421' title='bbox 779 4713 1025 4780; x_wconf 85' lang='lat' dir='ltr'><strong>testimoniumque</strong></span> <span class='ocrx_word' id='word_1_422' title='bbox 1047 4706 1237 4780; x_wconf 74' lang='lat' dir='ltr'><strong>negligendum</strong></span> <span class='ocrx_word' id='word_1_423' title='bbox 1257 4703 1292 4755; x_wconf 82' lang='lat' dir='ltr'><strong>sb</strong></span> <span class='ocrx_word' id='word_1_424' title='bbox 1313 4709 1349 4756; x_wconf 91' lang='lat' dir='ltr'><strong>iis</strong></span> <span class='ocrx_word' id='word_1_425' title='bbox 1370 4708 1488 4766; x_wconf 87' lang='lat' dir='ltr'><strong>criticis,</strong></span> 
     </span>
     <span class='ocr_line' id='line_1_49' title="bbox 165 4779 1484 4860; baseline -0.005 -24"><span class='ocrx_word' id='word_1_426' title='bbox 165 4791 212 4860; x_wconf 82' lang='lat' dir='ltr'><strong>qui</strong></span> <span class='ocrx_word' id='word_1_427' title='bbox 232 4784 266 4842; x_wconf 84' lang='lat' dir='ltr'><strong>ds</strong></span> <span class='ocrx_word' id='word_1_428' title='bbox 285 4801 396 4842; x_wconf 85' lang='lat' dir='ltr'><strong>auctore</strong></span> <span class='ocrx_word' id='word_1_429' title='bbox 416 4801 496 4858; x_wconf 79' lang='lat' dir='ltr'><strong>atque</strong></span> <span class='ocrx_word' id='word_1_430' title='bbox 516 4800 605 4840; x_wconf 85' lang='lat' dir='ltr'><strong>aetate</strong></span> <span class='ocrx_word' id='word_1_431' title='bbox 626 4789 742 4840; x_wconf 84' lang='lat' dir='ltr'><strong>sitarum</strong></span> <span class='ocrx_word' id='word_1_432' title='bbox 760 4783 887 4849; x_wconf 82' lang='lat' dir='ltr'><strong>illarum,</strong></span> <span class='ocrx_word' id='word_1_433' title='bbox 907 4800 976 4858; x_wconf 76' lang='lat' dir='ltr'><strong>quae</strong></span> <span class='ocrx_word' id='word_1_434' title='bbox 992 4785 1093 4858; x_wconf 73' lang='lat' dir='ltr'><strong>Nepoti</strong></span> <span class='ocrx_word' id='word_1_435' title='bbox 1107 4782 1312 4850; x_wconf 78' lang='lat' dir='ltr'><strong>inscribuntur,</strong></span> <span class='ocrx_word' id='word_1_436' title='bbox 1332 4779 1484 4852; x_wconf 82' lang='lat' dir='ltr'><strong>disputant.</strong></span> 
     </span>
    </p>
   </div>
   <div class='ocr_carea' id='block_1_10' title="bbox 0 0 1614 5280">
    <p class='ocr_par' dir='ltr' id='par_1_16' title="bbox 0 0 1614 5280">
     <span class='ocr_line' id='line_1_50' title="bbox 0 0 1614 5280; baseline 0 0"><span class='ocrx_word' id='word_1_437' title='bbox 0 0 1614 5280; x_wconf 95' lang='lat' dir='ltr'><strong> </strong></span> 
     </span>
    </p>
   </div>
  </div>
 </body>
</html>
