3210 5280
170 213 210 276 u
711 166 952 278 Ascoutus'

169 372 261 435 quam
288 352 399 416 caedes
432 351 516 416 lacta
542 363 627 428 erat,
667 351 814 418 Clodium
836 349 972 426 dixisse,
1008 350 1183 434 periturum
1212 372 1280 417 esse
1308 374 1349 416 eo
1375 355 1482 419 triduo

169 445 339 508 Milonem.
378 447 439 509 Sed
457 445 591 509 Milonis
605 467 733 531 quoque
747 457 853 510 nottmt
869 444 1028 510 audaciam
1045 486 1357 511 ............
1380 450 1483 515 ttetitr

170 559 188 601 e
213 559 235 618 p
239 580 442 601 ........
466 538 539 601 utile
564 537 664 602 risum
687 551 735 601 est
754 539 848 602 sciret
864 579 1121 602 ..........
1126 535 1178 600 ἠε
1197 560 1330 623 uuquam
1354 541 1478 621 potuit,

168 641 268 692 utram
277 630 459 693 sententiam
472 674 814 696 .............
831 634 1003 694 damnatum
1017 641 1118 693 autem
1129 651 1224 710 opera
1238 631 1369 693 mariana
1380 633 1480 714 Appii

144 729 158 777 5
170 721 293 788 Claudii
311 766 515 789 ........
530 725 768 807 pronunciatum
781 737 840 787 est.
863 725 948 787 Milo
955 736 1086 804 postero
1095 723 1145 785 die
1154 722 1253 787 Iactus
1262 745 1332 786 reus
1345 728 1494 796 ambitus

98 818 160 883 ΡΜ]
169 818 251 897 apud
264 817 416 879 Manlium
426 820 622 902 Torquatum
638 821 749 882 absens
765 819 923 880 datnnatus
938 830 996 880 est.
1023 817 1077 880 ilia
1093 816 1301 900 quoquelege
1313 833 1480 882 accusator

167 907 227 972 fuit
237 909 301 970 eius
310 909 433 989 Appius
442 909 605 986 Claudius,
622 923 652 973 et
659 910 1020 992 comcipraemiumlege
1028 913 1168 983 daretur,
1184 911 1409 992 negarit†reo
1422 911 1479 975 ita.

84 1075 87 1087 Ι
170 999 1173 1081 SubscripserttutetinambitusiudicioP.ValeriusLenetCn.
1184 1003 1353 1074 Domitius,
1364 1002 1426 1066 Cu.
1438 1003 1479 1066 F.

170 1094 251 1157 Post
273 1114 392 1174 paticus
413 1096 477 1158 dies
498 1117 626 1181 quoque
645 1097 729 1161 Milo
747 1099 828 1177 apud
850 1096 1026 1159 Favonium
1045 1108 1242 1176 quaestorem
1260 1097 1298 1158 de
1319 1096 1480 1159 sodaliciis

128 1191 328 1249 iddumnatus
351 1201 413 1265 est,
448 1201 615 1252 accusante
637 1191 675 1255 P.
697 1189 812 1252 Fulvio
836 1189 975 1262 Nerato,
1009 1187 1058 1249 cui
1077 1189 1147 1267 iege
1168 1188 1336 1268 praemium
1369 1190 1478 1251 datram
1508 1239 1511 1243 .

170 1292 229 1343 est.
273 1280 395 1344 Deinde
417 1285 498 1363 apud
523 1282 565 1344 L.
588 1282 720 1344 Fabium
746 1291 944 1363 quaestorem
974 1280 1085 1342 iterum
1109 1283 1219 1342 absens
1244 1282 1407 1343 damnatus
1428 1293 1477 1343 est

169 1376 209 1436 de
233 1371 276 1436 vi.
320 1374 492 1437 Accusavit
521 1375 565 1436 L.
597 1372 787 1439 Cornificius
817 1385 849 1435 et
878 1372 921 1453 Q.
954 1374 1126 1436 Patulcius.
1174 1374 1257 1436 Milo
1288 1372 1319 1435 iu
1348 1374 1477 1435 exilium

171 1465 345 1536 Massiliam
376 1464 457 1529 intra
490 1466 691 1549 paucissimos
721 1468 787 1529 dies
819 1468 981 1547 proiectus
1015 1478 1075 1530 est.
1126 1468 1216 1530 Bona
1246 1466 1312 1530 eius
1341 1481 1477 1549 propter

171 1560 261 1623 alieni
284 1560 366 1623 aeris
389 1560 629 1644 magnitudinem
651 1561 806 1623 semuncia
830 1560 1004 1623 venierunt.

130 1670 161 1720 tt
256 1654 337 1717 Post
361 1653 517 1717 Milonem
540 1656 645 1716 eadem
668 1655 738 1736 lcge
755 1655 906 1735 Pompeia
927 1654 1045 1734 primus
1067 1663 1114 1714 est
1134 1665 1296 1716 acclinatus
1318 1655 1371 1717 M.
1396 1656 1476 1718 Sau-

171 1744 251 1808 feius
274 1747 325 1809 M.
349 1747 409 1823 F..
436 1744 489 1831 qui
510 1749 571 1810 dux
594 1748 697 1810 iuerat
715 1746 746 1809 iu
769 1749 976 1831 expugnanda
1000 1748 1127 1807 taberna
1148 1745 1281 1808 Bovillis
1303 1759 1335 1810 et
1356 1745 1477 1811 Clodio

172 1837 359 1901 occidendo.
417 1842 658 1903 Accusaveruot
690 1861 760 1902 eum
797 1842 840 1901 L.
875 1838 1019 1914 Cassius,
1057 1839 1101 1900 L.
1130 1838 1304 1916 Fulcinius,
1323 1838 1381 1903 'C.
1413 1839 1474 1913 F..

173 1928 215 1994 C.
237 1930 399 1994 Valerius.
443 1932 659 1996 Defenderunt
679 1933 732 1996 M.
757 1931 894 2008 Cicero,
931 1932 984 1994 M.
1009 1928 1153 2006 Caelius,
1188 1931 1475 2015 obtinueruntque,

173 2034 207 2083 ut
227 2043 286 2084 tina
317 2025 466 2087 sententia
490 2028 721 2090 absolveretur.
767 2023 1063 2090 condemnaverunt
1085 2035 1245 2087 senatores
1270 2026 1336 2100 Χ.,
1370 2025 1480 2087 absol-

128 2119 162 2167 2⁰
175 2116 396 2179 verttntVlll.
420 2115 717 2182 Condemnaveruut
731 2119 850 2204 equites
863 2119 1000 2182 Romani
1011 2117 1141 2193 vult„
1159 2119 1362 2181 absolverunt
1377 2118 1478 2181 Vlll.

174 2206 236 2268 Sed
258 2228 299 2269 ex
324 2208 458 2273 tribunis
484 2212 612 2275 aerariis
633 2214 679 2275 X.
701 2213 925 2287 absolverunt,
950 2213 1014 2274 Vl.
1036 2214 1342 2300 condemnaverunt:
1379 2213 1479 2273 mani·

170 2299 347 2385 testumque
368 2302 472 2366 odium
498 2303 605 2369 Clodii
627 2306 719 2369 saluti
740 2305 868 2369 Saufeio
892 2305 971 2380 tuit,
1010 2326 1080 2366 eum
1102 2304 1168 2367 eius
1193 2305 1243 2368 vel
1269 2303 1359 2385 peior
1381 2324 1479 2366 carisa

266 2465 292 2510 1.
309 2455 419 2523 caedes]
438 2454 517 2508 cedes
532 2458 624 2510 Ptine.

265 2535 326 2586 2-
339 2533 363 2586 5.
385 2530 531 2583 andaciam
550 2558 586 2570 -
601 2536 816 2602 pronunciatum
834 2535 888 2600 est]
909 2532 1012 2585 Locum
1033 2531 1206 2586 exhibuimus
1226 2529 1313 2601 qualis
1331 2528 1433 2602 legitur
1448 2533 1478 2584 itt

172 2603 263 2656 Ptine.
280 2619 307 2656 et
327 2601 385 2658 tid.
403 2609 457 2658 nisi
480 2603 552 2677 qnod
571 2606 618 2659 hic
637 2606 762 2659 nltimam
775 2605 901 2659 lacunam
915 2609 1073 2680 neglexisse
1093 2625 1142 2678 pro
1156 2613 1279 2657 maxima
1298 2604 1480 2677 probabiliter

171 2681 429 2746 restituitmaqima.
449 2679 574 2735 Aldinam
582 2680 729 2735 lectionem
738 2685 923 2753 repetiverunt
935 2681 1020 2755 Lugd.
1029 2682 1175 2735 HouMan.
1186 2710 1222 2724 ·-·
1231 2679 1370 2734 Beraidos:
1385 2680 1478 2731 auda-

171 2755 242 2805 ciam
262 2753 415 2807 vindicare.
453 2754 484 2808 P.
503 2757 571 2807 uilla
596 2773 623 2809 et
650 2761 839 2810 ceteraaeticut
871 2759 960 2812 Ptine.
989 2756 1037 2810 sed
1059 2757 1165 2810 lacunis
1185 2755 1256 2809 haud
1282 2755 1420 2810 indicatis.
1443 2784 1474 2797 -

170 2824 318 2878 audaciam
333 2828 477 2880 vindicare
495 2829 527 2884 Il.
548 2830 771 2884 Rationum
787 2838 838 2883 est.
878 2831 954 2884 Unde
977 2837 1046 2884 sciri
1070 2850 1104 2883 rte
1126 2849 1245 2901 tanquam
1266 2837 1363 2901 potuit
1382 2839 1478 2883 atram

171 2907 337 2955 sementiam
354 2904 471 2959 italissel.
499 2906 674 2958 Damnatum
690 2915 783 2957 autem
798 2924 882 2974 opera
898 2912 1023 2958 maxima
1035 2909 1120 2977 Appii
1139 2905 1248 2959 Claudii
1259 2911 1478 2976 praestantiorum

169 2983 222 3031 est.
242 2975 311 3031 Lod.
330 3006 366 3020 ·-
385 2979 531 3032 audaciam
549 2980 692 3032 vlndicare
708 2983 737 3035 P.
756 2979 786 3032 Il.
806 2982 872 3032 utile
891 2986 981 3033 visum
1001 2990 1058 3033 est:
1077 2982 1148 3033 riade
1168 2986 1235 3032 sciri
1251 2999 1368 3050 unqetam
1382 2986 1477 3047 poterii

170 3059 264 3103 utram
286 3059 452 3106 sententiam
480 3055 609 3107 tulisset?
645 3055 817 3108 Damnatum
849 3065 942 3107 aretem
969 3074 1054 3128 opera
1083 3061 1202 3108 maxime
1233 3057 1317 3123 Appii
1347 3054 1476 3120 Claudii,

170 3131 382 3195 pronumtiatum
401 3137 451 3183 esi.
470 3132 552 3183 Crsn.
568 3158 604 3196 q-
624 3129 791 3202 “Bipontini
811 3130 905 3183 velleii
927 3130 1062 3186 Paterculi
1079 3131 1196 3185 editores
1216 3130 1247 3183 ad
1271 3131 1308 3183 ll.
1322 3129 1366 3190 is.
1386 3129 1479 3200 legen-

172 3197 237 3252 dum
257 3217 354 3273 putant
375 3203 522 3256 cudarim
539 3212 669 3257 avertere
687 3207 807 3275 perutile
820 3211 912 3257 vistim
933 3214 986 3260 est.
1028 3207 1059 3259 ln
1079 3206 1167 3260 literis
1186 3209 1244 3257 ueri
1259 3204 1325 3258 latet
1347 3206 1476 3259 infinitivi

173 3279 271 3346 passivi
300 3281 457 3330 terminatio
476 3293 620 3351 corrupta:
653 3295 775 3333 caeterae
802 3280 896 3333 literae
927 3280 1024 3333 melius
1052 3279 1216 3352 iungendam:
1245 3298 1264 3329 a
1285 3296 1343 3349 rep.
1381 3281 1476 3333 Fuisse

173 3348 279 3402 videtur
290 3351 433 3420 prohiberi
449 3371 468 3404 a
486 3353 561 3425 rep.¹'
581 3353 698 3412 ΜΔΝ.
717 3378 753 3394 -
774 3355 871 3408 Malim
891 3361 1027 3407 reruoveri
1044 3374 1063 3406 a
1078 3374 1135 3425 rap.

268 3429 293 3479 7.
311 3432 438 3495 negavit.
457 3444 504 3479 reo
530 3434 573 3480 ita
590 3429 822 3500 subscripserunt]
850 3430 895 3483 Sic
915 3446 1043 3502 corrupte
1061 3433 1150 3484 Priuc.
1167 3427 1272 3483 Beralti.
1284 3429 1344 3484 Ald.
1360 3429 1426 3482 tad.
1443 3459 1472 3471 -

173 3505 298 3566 negavit.
319 3506 345 3553 el
359 3502 581 3570 subscripserim
594 3503 679 3576 Lugd.
700 3496 776 3558 Mais.
812 3533 842 3545 -
872 3511 991 3573 negavit
1010 3509 1044 3558 ci.
1065 3505 1288 3575 Srtbsanpssrurtl
1306 3505 1371 3558 lint.
1394 3506 1475 3557 Creu.

173 3590 323 3645 perperam.
337 3604 375 3618 -
395 3576 533 3649 Madvigii>
547 3593 607 3630 veta
620 3584 752 3651 scriptura
763 3578 884 3633 videtur:
902 3585 1059 3648 negavisse
1070 3598 1103 3631 en
1116 3585 1165 3632 uti.
1187 3581 1416 3648 Sradsrriprerrmt
1425 3598 1477 3633 cet.

174 3646 228 3699 Sed
242 3647 345 3715 fateor,
363 3653 431 3704 mihi
450 3652 594 3724 displicere
613 3658 641 3704 in
661 3655 714 3706 linc
732 3669 859 3707 contextu
879 3670 906 3707 et
928 3655 1039 3707 verbum
1062 3663 1126 3706 utor
1148 3669 1174 3707 et
1194 3671 1299 3725 tempus
1320 3670 1457 3724 praesens.

246 3726 293 3787 βε.
311 3735 339 3778 et
357 3732 387 3778 irt
399 3727 638 3795 ambitusiurlicio]
656 3727 740 3801 Lugd.
757 3730 998 3784 tinctionem.
1017 3759 1055 3772 —
1073 3739 1101 3782 et
1116 3729 1236 3781 ambitus
1247 3728 1353 3782 iudicia
1363 3735 1476 3802 priores.

246 3800 489 3869 tuitiensium]
509 3804 642 3855 domitius
662 3806 751 3856 Ptine.

247 3878 319 3935 ibid.
340 3881 390 3933 Cn.
404 3881 445 3949 E]
469 3881 553 3953 Lugii.
563 3880 628 3931 tior.
640 3879 716 3931 Man.
732 3879 813 3932 Creu.
830 3907 865 3922 -
879 3880 909 3934 C.
918 3880 949 3932 F.
960 3885 1075 3952 priores.

265 3961 293 4013 9.
311 3959 493 4027 qrrasstorem]
512 3963 664 4026 questorem
683 3955 772 4006 PrInc.
790 3954 835 4007 hic
853 3970 880 4008 et
899 3959 926 4006 itt
945 3961 1067 4027 proximo
1086 3971 1172 4008 versu.

250 4042 293 4089 10.
313 4032 344 4085 P.
363 4032 461 4083 licinio
478 4032 598 4097 Nerato]
620 4025 706 4100 Logd.
725 4028 789 4082 tior.
813 4032 892 4082 Creu.
922 4060 954 4073 -
982 4031 1027 4082 M.
1049 4031 1156 4081 Fulvio·
1165 4031 1276 4083 Nerato
1295 4032 1371 4084 Man.
1390 4057 1425 4073 -
1445 4028 1476 4082 P.

175 4109 272 4165 Clodia
290 4109 400 4159 Nerato
422 4123 470 4157 rea
488 4109 581 4158 ceteri.
601 4133 638 4146 -
656 4105 748 4156 hirivei
766 4120 867 4157 nomen
886 4109 1045 4159 restitutum
1061 4121 1104 4158 est
1118 4123 1150 4158 er
1169 4121 1229 4178 pag.
1247 4104 1310 4164 147.
1328 4103 1402 4159 med.

250 4188 293 4239 12.
313 4181 347 4251 Q.
360 4181 519 4257 Patulcius]
542 4177 603 4233 vid.
619 4178 651 4230 ad
674 4194 734 4252 pag.
755 4177 816 4236 147.
835 4179 908 4232 med.

249 4264 292 4318 13.
310 4257 480 4324 Massiliam]
500 4256 645 4320 maxillam
663 4257 753 4308 Princ.
915 4294 919 4303 .

249 4338 293 4392 15.
317 4331 446 4401 Pompeia
455 4331 575 4399 primus]
591 4329 674 4400 Lugd.
690 4330 753 4382 tior.
768 4328 844 4381 Man.
857 4331 937 4383 Cren.
955 4358 992 4373 -
1007 4334 1135 4401 pompeii.
1157 4331 1184 4381 A
1193 4335 1302 4396 primus
1315 4329 1477 4386 priscill.

175 4450 211 4469 ,,
230 4409 353 4479 Pompeii
370 4426 389 4457 a
404 4410 503 4474 primis
520 4403 627 4458 Boraid.
648 4403 711 4459 toi.
727 4436 739 4465 ,Α

250 4485 320 4539 ibid.
339 4480 483 4550 Saufeius]
504 4480 611 4554 sarrfim
626 4484 716 4536 Princ.
754 4479 840 4552 Supra
860 4497 919 4553 pag.
940 4483 1003 4537 1¹12.
1023 4485 1084 4536 init.
1103 4495 1214 4533 uocatur
1232 4481 1375 4534 messenia.

249 4569 293 4620 18.
313 4557 434 4628 caelius]
455 4556 540 4628 Lugd.
559 4559 620 4611 tint.
635 4557 711 4610 Mau.
724 4556 805 4609 Creu.
824 4580 860 4596 -
879 4557 997 4610 cecilius
1017 4561 1130 4627 priores.

249 4645 293 4695 20.
313 4634 492 4686 absolverunt
505 4631 586 4686 VIII.
599 4665 619 4678 -
631 4664 649 4676 -
662 4632 839 4683 absolverunt
853 4632 882 4686 V
882 4632 944 4698 Hi]
964 4630 1027 4683 lod.
1037 4649 1062 4685 et
1074 4650 1147 4702 seqq.
1168 4659 1205 4676 —-
1223 4631 1403 4684 absolverem!
1413 4632 1443 4686 V
1440 4632 1477 4685 11.

174 4755 190 4768 .
202 4706 479 4768 -alrsoluerurttVIL
490 4704 770 4763 Princ.Beraltl.Lo‹l.
802 4714 847 4763 20.
865 4708 997 4779 Saufeio]
1016 4706 1130 4780 saufeic
1151 4710 1240 4761 Prion.

248 4796 293 4846 22.
308 4785 400 4858 peior]
427 4784 497 4839 Lori,
527 4798 554 4836 et
583 4801 658 4856 seqq.
698 4811 735 4826 -
770 4786 852 4850 prior
877 4784 968 4837 Prisc.
994 4784 1102 4841 Barald.
1140 4784 1182 4836 Dc
1203 4782 1322 4835 lectione
1346 4780 1475 4836 editions
