3210 5280
213 205 275 270 128
648 202 1082 274 canuno-ascoltate

210 343 317 431 gritati
337 357 368 410 et
389 344 631 413 existimationi:
654 368 723 410 uam
745 346 812 409 vult
828 342 960 428 intelligi
975 342 1067 405 etiam
1078 338 1217 424 praemia
1234 336 1295 402 sibi
1314 340 1516 422 praevarica-

208 439 302 504 tionis
323 441 531 504 ostentarisse
550 443 706 515 Verrem,
730 441 785 504 sed
806 450 895 503 terra
915 438 1069 518 marique
1089 433 1214 496 insidias
1231 432 1331 496 lactas
1346 434 1515 518 significat.

292 535 343 610 (§.
367 536 413 612 t.)
448 535 576 614 Oratim]
610 533 721 598 Ordiui
743 529 925 602 insidiatur,
958 546 997 588 ne
1025 524 1158 610 dignitas
1187 523 1342 589 iudicandi
1370 528 1515 590 ordinem

208 637 358 708 sequatur
383 626 511 690 detectis
535 624 794 706 incorruptione
815 619 1033 684 iudicantibus.

184 733 199 784 e
290 715 432 781 Nomini
448 719 631 797 senatorio]
654 719 704 780 Ne
722 714 860 780 senatori
881 732 993 776 nomen
1009 709 1124 775 honori
1142 709 1201 787 sit,
1225 710 1280 772 sed
1296 708 1403 791 potius
1421 707 1516 792 igno·

208 806 332 870 miniae.
373 808 550 870 Senatorio
572 809 652 872 enirn
675 809 722 872 bis
742 807 944 880 subarrditur,
969 814 1001 867 ct
1020 801 1180 867 senatorio
1203 799 1308 866 ordini
1334 811 1366 864 et
1396 801 1515 865 norriini

207 898 379 965 senatorio.
1106 957 1109 962 .

292 996 344 1070 (§.
367 989 414 1061 5.)
450 989 560 1057 Semel
584 995 634 1055 ait
663 1014 698 1058 se
725 995 759 1056 in
784 994 852 1055 vita
873 988 1094 1070 pertimuisse]
1127 985 1364 1052 Contumaciam
1398 985 1515 1049 Verris

159 1070 161 1075 ³
207 1083 431 1168 praecipitem:
465 1103 534 1144 uam
555 1088 656 1150 semel
677 1083 817 1145 'vicinum
844 1093 891 1142 est
920 1082 958 1140 ad
978 1103 1084 1163 poene
1104 1100 1287 1163 nunquam.
1330 1079 1383 1142 Ex
1403 1081 1515 1142 eodem

168 1192 301 1243 etsensu
324 1185 394 1250 est,
418 1176 504 1256 quod
532 1176 629 1238 semel
652 1176 684 1239 in
711 1175 776 1238 vita
808 1173 915 1236 risisse
939 1169 1087 1234 Crassum
1115 1168 1225 1233 scribit
1246 1169 1404 1233 Lucilius:
1433 1172 1514 1234 unde

213 1265 369 1352 Virgilius
392 1265 466 1328 mihi
490 1266 616 1329 videtur
639 1268 775 1331 dixisses

362 1357 449 1420 Tum
473 1361 620 1437 primum
638 1362 747 1422 nostri
772 1358 897 1422 Cacum
922 1354 1028 1417 videre
1048 1354 1225 1416 timentem.

290 1449 342 1528 (§.
366 1447 413 1525 5.)
448 1446 552 1523 Tum,
576 1468 657 1511 curn
681 1468 703 1510 a
723 1468 775 1509 rue
795 1465 871 1508 reus
888 1442 1013 1523 factus
1033 1443 1098 1521 est]
1132 1438 1217 1521 Quid
1248 1450 1296 1503 est
1327 1461 1414 1504 reum
1444 1439 1515 1504 lieri

207 1539 265 1603 nisi
295 1542 377 1623 apud
407 1552 587 1619 praetorem
605 1541 739 1625 ¹legibus
772 1535 987 1620 interrogari?
1031 1534 1117 1599 Cum
1140 1533 1222 1598 enim
1249 1532 1282 1596 iu
1308 1533 1356 1596 ius
1388 1546 1514 1596 venttun

167 1643 311 1706 ssesset,
350 1633 471 1694 dicebat
499 1645 666 1697 accusator
698 1634 780 1716 apud
811 1641 990 1713 praetorem
1022 1649 1098 1691 reo:
1136 1626 1217 1691 Alo
1240 1625 1300 1689 TE
1323 1624 1514 1690 SICULOS

209 1722 471 1809 s130Ltussu.
515 1724 550 1787 Si
570 1725 737 1800 tacuisset,
754 1723 798 1803 xlis
821 1723 850 1785 ei
876 1719 1097 1783 aestimabatur
1117 1733 1151 1783 ut
1172 1720 1277 1791 victo;
1300 1718 1326 1779 si
1349 1731 1512 1800 negasset,

207 1819 372 1899 petebatur
390 1837 409 1878 a
427 1815 610 1901 magistratu
630 1818 697 1882 dies
715 1814 971 1900 inquirendarum
989 1815 1055 1876 eius
1071 1812 1233 1876 criminum
1249 1821 1280 1872 et
1295 1809 1515 1873 instituebatur

151 1921 416 2077 &lacinii-wi.)
438 1987 552 2075 Diem]
584 1993 661 2060 Dies
689 1990 840 2057 leminiuo
869 2009 983 2074 genere
1010 2001 1152 2068 tempus,
1189 1998 1220 2050 et
1241 1985 1311 2048 ideo
1334 1983 1515 2049 diminutive

160 2082 348 2169 'reiterata
378 2083 491 2147 dicitur
523 2085 621 2147 breve
649 2097 771 2167 tempus
804 2096 837 2149 et
865 2104 966 2147 ruora.
1010 2082 1087 2145 Dies
1109 2083 1257 2143 horarum
1280 2077 1364 2140 ΧΠ.
1387 2077 1515 2160 generis

209 2174 371 2238 masculini
390 2188 457 2239 est:
481 2179 562 2238 uude
585 2180 684 2244 hodie
708 2178 854 2254 dicimus,
877 2175 966 2260 quasi
984 2176 1049 2238 troc
1071 2174 1132 2238 die.
1382 2179 1384 2183 ’

221 2332 226 2343 ,
290 2267 417 2332 Invenit
436 2269 496 2332 iste
521 2269 583 2350 qni
597 2268 662 2330 sibi
679 2271 714 2332 in
729 2269 909 2347 Acltaiam]
933 2267 996 2331 Alii
1011 2268 1094 2328 bunc
1111 2265 1288 2347 Rupilium,
1306 2268 1355 2330 alii
1372 2261 1512 2348 Oppium

205 2367 328 2439 psalant.
373 2359 452 2420 Sunt
482 2359 535 2441 qui
559 2358 718 2439 Rupilium
745 2360 849 2422 dicunt
878 2372 1111 2434 accusatorem,
1149 2360 1287 2441 Oppium
1317 2381 1423 2436 reum,
1462 2359 1515 2421 alii

206 2449 250 2529 Q.
275 2449 441 2512 Metellum
471 2451 629 2531 Nepotem
661 2465 904 2526 accusatorem,
938 2450 1109 2514 Curionem
1144 2473 1243 2526 reuru.
1286 2452 1384 2517 Petiit
1411 2464 1512 2514 autem

164 2541 332 2604 2⁵'I'ullius
355 2540 396 2605 C.
423 2553 454 2603 et
477 2543 525 2604 X.
552 2542 635 2616 dies;
673 2542 836 2624 Rupilius,
874 2543 940 2606 sive
964 2544 1107 2625 Oppius,
1141 2543 1323 2626 suppositus
1345 2567 1363 2606 a
1386 2547 1510 2619 Verre,

207 2632 249 2701 C.
269 2646 300 2696 et
321 2633 422 2697 VIII.
447 2632 550 2715 petiit.
595 2635 702 2697 Moris
724 2649 824 2709 autern
845 2635 965 2712 furerat,
1004 2647 1037 2699 ut
1067 2637 1180 2720 agendi
1210 2637 1276 2700 dies
1296 2636 1398 2718 priori
1422 2639 1512 2718 prior

206 2726 416 2790 ordinaretur.
459 2727 570 2810 ltaque
590 2726 618 2789 si
643 2727 728 2790 omni
758 2738 902 2811 tempore
929 2731 1090 2812 postulato
1121 2752 1193 2793 usus
1215 2743 1297 2795 esset
1322 2733 1362 2793 ad
1382 2728 1512 2815 inquisi-

298 2963 322 3010 1.
342 2953 559 3022 existimationi]
581 2950 648 3005 Lod.
667 2969 694 3006 et
713 2969 788 3026 seqq.
806 2982 844 2996 —
861 2960 1040 3008 estimationi
1059 2961 1173 3028 priores.
1513 2978 1516 2985 ·

279 3026 350 3080 Ibid.
369 3045 434 3078 nam
452 3029 514 3080 vute
532 3058 549 3071 ·
567 3056 586 3071 -
604 3057 623 3071 -
634 3026 739 3098 factas
757 3027 915 3102 significat]
948 3048 1013 3082 nam
1034 3031 1116 3085 UNO
1136 3029 1322 3084 TEMPORE
1337 3030 1434 3082 MIIII
1448 3031 1512 3082 vrelt

204 3129 223 3145 ·
241 3131 260 3145 -
278 3099 412 3171 -factas
430 3120 496 3152 suae
514 3107 592 3153 vitae
610 3101 758 3175 signifieat
776 3104 841 3156 Hor.
860 3104 941 3157 Cren.
979 3107 1092 3175 „Locus
1112 3107 1159 3158 bic
1178 3105 1252 3157 nullo
1272 3122 1353 3158 sensu
1372 3109 1413 3157 eie
1432 3121 1512 3157 antea
1562 3156 1566 3164 ,

204 3174 362 3247 legebatur,
379 3177 455 3228 Nam
473 3177 535 3228 vult
553 3179 676 3245 intelligi
693 3195 717 3230 e.
733 3197 763 3249 p.
782 3194 805 3231 s.
822 3196 852 3248 p.
868 3196 894 3231 o.
914 3179 1048 3244 Verrem,
1068 3179 1118 3230 sed
1134 3188 1156 3232 t.
1176 3185 1297 3250 sacrique
1313 3179 1395 3233 insid.
1407 3178 1512 3248 factas

204 3249 368 3322 significat:
389 3267 469 3320 quern
490 3268 522 3302 ex
541 3255 625 3322 ipsius
646 3255 762 3304 oratoris
776 3257 865 3304 uerbis
879 3259 1037 3307 restitutum
1052 3252 1085 3304 ad
1099 3269 1222 3306 senarum
1236 3254 1402 3307 uti.ttmus.'’
1423 3254 1511 3309 HOT.

297 3328 324 3382 3.
344 3325 454 3378 Ordini.
473 3323 577 3376 Ordini
595 3325 757 3395 insidiatur]
786 3326 888 3378 Ordini
912 3334 1017 3379 nomini
1043 3328 1193 3380 Insidiator
1213 3330 1301 3380 l‘riuc.
1325 3326 1428 3381 Berald.
1451 3326 1511 3381 ald.

204 3395 218 3472 l
224 3412 268 3469 ap.
287 3415 367 3470 quem
384 3415 423 3451 est
440 3396 603 3470 insidiator)
621 3427 658 3440 —
678 3400 780 3451 Ordini
797 3401 959 3470 insidiatur]
982 3401 1049 3456 Lod.
1070 3431 1108 3444 —
1136 3403 1253 3470 Ordini,
1272 3407 1377 3454 nomini
1395 3403 1510 3472 denique

206 3475 375 3543 senuerim]
396 3473 499 3525 Ordini
517 3473 669 3524 insidiatur
687 3474 772 3546 Lngd.
794 3479 857 3528 llos.
877 3477 955 3530 Man.
975 3482 1056 3531 Creu.

296 3551 323 3604 5.
343 3549 469 3615 Nomina]
491 3565 546 3600 om.
568 3547 626 3601 All.
651 3548 714 3601 lint.
733 3549 811 3602 Man.
829 3550 910 3603 Creu.

278 3619 351 3676 Ibid.
371 3623 526 3694 senatorio]
547 3639 601 3675 orn.
621 3621 708 3694 Lugd.

276 3694 348 3753 lbld.
367 3697 412 3747 Ne
430 3701 557 3748 senatori
574 3714 673 3747 norrea
691 3697 790 3749 honori
813 3701 862 3765 sit]
891 3696 952 3753 ald.
988 3726 1026 3741 -
1063 3698 1194 3750 Senatori
1225 3716 1323 3751 nornen
1350 3698 1449 3752 honori
1472 3707 1511 3752 sit

201 3768 296 3825 Prius.
316 3796 352 3811 -
369 3771 502 3823 Senatori
519 3789 617 3822 nomen
636 3769 734 3823 honori
751 3789 785 3824 ne
803 3779 842 3824 sit
861 3773 968 3825 Berald.
987 3800 1025 3815 -
1050 3773 1224 3824 Senatorium
1243 3792 1341 3825 neuun
1360 3775 1459 3828 honori
1477 3794 1513 3827 nr

202 3847 241 3896 eit
259 3844 326 3897 Lod.
345 3872 383 3885 —
401 3864 435 3895 ne
453 3850 623 3899 terratorium
641 3862 739 3898 nomen
757 3846 856 3898 honori
874 3852 914 3898 sit
933 3846 1018 3919 bugd.
1031 3848 1096 3899 Hor.
1108 3848 1187 3900 Mau.
1201 3851 1281 3900 Creu.

293 3921 321 3977 6.
340 3919 396 3990 bis]
416 3925 461 3970 ius
481 3919 697 3991 l’rlnc.'Berald.
834 3930 879 3978 tt.
899 3922 1052 3990 Virgilius]
1073 3928 1139 3976 Acn.
1161 3922 1237 3975 vm.
1256 3926 1320 3977 222.

277 3997 322 4053 15.
342 4006 403 4044 eum
422 3997 451 4061 a]
473 3998 669 4065 cumprimum
688 4013 707 4046 a
729 3997 804 4051 Man.
824 4013 887 4048 cum
907 3995 986 4049 editt.
1008 3996 1160 4049 Ciceronis.

274 4064 346 4120 Ibld.
366 4086 384 4118 a
408 4086 450 4120 me
465 4075 540 4138 reus]
560 4086 625 4118 reus
643 4088 661 4119 a
679 4088 721 4121 me
741 4071 882 4124 Ciceronis
902 4070 980 4123 edlu.
1001 4086 1107 4142 praeter
1126 4069 1221 4126 bamb.
1241 4084 1267 4122 et
1287 4070 1398 4144 Zumpt.

275 4140 346 4195 Ibld.
364 4145 419 4209 est]
440 4147 479 4193 sit
499 4146 562 4196 llot.
582 4143 659 4197 Man.
681 4144 762 4198 Creu.
782 4173 817 4185 -
837 4162 893 4198 om.
911 4143 998 4215 Lngd.

276 4217 320 4272 16.
340 4217 554 4288 aestimabatur]
573 4218 761 4271 extimabatur
782 4221 872 4273 Prior.

276 4295 320 4348 17.
337 4293 498 4361 petebatur]
520 4291 585 4344 lod.
605 4308 632 4345 et
652 4310 727 4363 seqq.
747 4322 780 4334 -
797 4293 912 4364 petebat
932 4295 1021 4346 Prlnc.
1035 4289 1145 4346 Beraldi
1157 4290 1214 4347 Ald.

274 4369 321 4420 21.
342 4363 393 4416 lece
411 4366 468 4433 die]
489 4367 537 4418 llis
558 4382 773 4434 annexuerunt,
793 4384 860 4440 qnae
880 4385 929 4419 nos
944 4368 1076 4440 ‘proeium
1096 4367 1203 4419 scholio
1217 4375 1403 4433 restituimus,
1422 4367 1509 4419 Petiit

201 4445 294 4491 autem
312 4465 331 4479 ·
350 4470 369 4482 -
388 4470 407 4482 -
421 4444 516 4510 petiit.
829 4449 872 4502 25.
889 4447 1003 4512 pectant]
1020 4448 1103 4512 putat
1122 4443 1215 4498 Ptine.

275 4515 321 4569 23.
341 4512 487 4583 Rupilium]
507 4515 592 4586 Lugd.
617 4515 681 4568 Hor.
709 4515 784 4568 Mau.
811 4519 896 4571 Creu.
919 4547 948 4558 -
971 4517 1104 4568 Ilacilium
1124 4522 1299 4586 antiquiores.

277 4588 322 4644 26.
343 4589 374 4641 C.
394 4596 421 4639 et
442 4589 522 4642 VIII.
538 4593 631 4659 petiit]
653 4589 737 4662 Lugd.
758 4591 823 4644 Hot.
844 4592 920 4643 Mau.
933 4592 1013 4644 Creu.
1033 4617 1069 4634 -
1088 4591 1118 4643 C.
1134 4597 1217 4661 petiit
1240 4597 1410 4664 putores-
1430 4587 1510 4658 „Ad-

201 4658 258 4713 didi
287 4679 429 4714 nnmerum
457 4678 522 4716 octo
552 4662 655 4716 dierum
682 4683 715 4715 ex
742 4664 790 4720 lib.
809 4665 860 4719 IlI.
889 4669 915 4717 lu
946 4670 1054 4717 l'errem
1081 4682 1108 4718 et
1134 4685 1166 4717 ex
1185 4670 1245 4738 ipso
1265 4673 1385 4720 Aeecuio
1406 4670 1436 4717 in
1458 4679 1509 4717 uae

200 4734 294 4790 eadem
314 4751 374 4810 pag.
393 4753 420 4790 et
440 4736 537 4791 nltht.¹¹
558 4739 701 4797 MauUT.
830 4745 875 4799 27.
894 4739 1084 4817 ordlrsarelur]
1102 4739 1217 4793 daretur
1235 4741 1321 4816 Lugd.
1341 4743 1418 4796 Mun.
