<?xml version="1.0" encoding="UTF-8"?>
<!DOCTYPE html PUBLIC "-//W3C//DTD XHTML 1.0 Transitional//EN"
    "http://www.w3.org/TR/xhtml1/DTD/xhtml1-transitional.dtd">
<html xmlns="http://www.w3.org/1999/xhtml" xml:lang="en" lang="en">
 <head>
  <title>
</title>
<meta http-equiv="Content-Type" content="text/html;charset=utf-8" />
  <meta name='ocr-system' content='tesseract 3.04.00' />
  <meta name='ocr-capabilities' content='ocr_page ocr_carea ocr_par ocr_line ocrx_word'/>
</head>
<body>
  <div class='ocr_page' id='page_1' title='image "./operaquaesupers03halmgoog/operaquaesupers03halmgoog_0063.png"; bbox 0 0 3210 5280; ppageno 0'>
   <div class='ocr_carea' id='block_1_1' title="bbox 187 223 943 292">
    <p class='ocr_par' dir='ltr' id='par_1_1' title="bbox 187 223 943 292">
     <span class='ocr_line' id='line_1_1' title="bbox 187 223 943 292; baseline 0.005 -6"><span class='ocrx_word' id='word_1_1' title='bbox 187 223 225 286; x_wconf 75' lang='lat'><strong>32</strong></span> <span class='ocrx_word' id='word_1_2' title='bbox 720 223 943 292; x_wconf 79' lang='lat' dir='ltr'><strong>Asconius</strong></span> 
     </span>
    </p>
   </div>
   <div class='ocr_carea' id='block_1_2' title="bbox 187 365 1482 538">
    <p class='ocr_par' dir='ltr' id='par_1_2' title="bbox 187 365 1482 538">
     <span class='ocr_line' id='line_1_2' title="bbox 187 365 1480 449; baseline 0.002 -21"><span class='ocrx_word' id='word_1_3' title='bbox 187 365 307 428; x_wconf 85' lang='lat' dir='ltr'><strong>Romae</strong></span> <span class='ocrx_word' id='word_1_4' title='bbox 327 367 603 448; x_wconf 83' lang='lat' dir='ltr'><strong>depnguaverant,</strong></span> <span class='ocrx_word' id='word_1_5' title='bbox 635 376 665 427; x_wconf 88' lang='lat' dir='ltr'><strong>et</strong></span> <span class='ocrx_word' id='word_1_6' title='bbox 691 376 779 428; x_wconf 86' lang='lat' dir='ltr'><strong>erant</strong></span> <span class='ocrx_word' id='word_1_7' title='bbox 800 377 931 449; x_wconf 88' lang='lat' dir='ltr'><strong>uterque</strong></span> <span class='ocrx_word' id='word_1_8' title='bbox 954 366 1080 428; x_wconf 80' lang='lat' dir='ltr'><strong>andacia</strong></span> <span class='ocrx_word' id='word_1_9' title='bbox 1103 386 1213 449; x_wconf 82' lang='lat' dir='ltr'><strong>pares:</strong></span> <span class='ocrx_word' id='word_1_10' title='bbox 1237 368 1292 428; x_wconf 90' lang='lat' dir='ltr'><strong>sed</strong></span> <span class='ocrx_word' id='word_1_11' title='bbox 1313 365 1398 429; x_wconf 91' lang='lat' dir='ltr'><strong>Milo</strong></span> <span class='ocrx_word' id='word_1_12' title='bbox 1420 387 1480 448; x_wconf 88' lang='lat' dir='ltr'><strong>pro</strong></span> 
     </span>
     <span class='ocr_line' id='line_1_3' title="bbox 187 456 1482 538; baseline 0.002 -20"><span class='ocrx_word' id='word_1_13' title='bbox 187 456 368 519; x_wconf 88' lang='lat' dir='ltr'><strong>melioribus</strong></span> <span class='ocrx_word' id='word_1_14' title='bbox 396 458 536 538; x_wconf 84' lang='lat' dir='ltr'><strong>partibus</strong></span> <span class='ocrx_word' id='word_1_15' title='bbox 565 459 679 521; x_wconf 85' lang='lat' dir='ltr'><strong>stabat.</strong></span> <span class='ocrx_word' id='word_1_16' title='bbox 723 459 891 521; x_wconf 88' lang='lat' dir='ltr'><strong>Praeterea</strong></span> <span class='ocrx_word' id='word_1_17' title='bbox 920 459 951 520; x_wconf 92' lang='lat' dir='ltr'><strong>in</strong></span> <span class='ocrx_word' id='word_1_18' title='bbox 983 462 1112 522; x_wconf 90' lang='lat' dir='ltr'><strong>eundem</strong></span> <span class='ocrx_word' id='word_1_19' title='bbox 1143 481 1253 521; x_wconf 87' lang='lat' dir='ltr'><strong>anunm</strong></span> <span class='ocrx_word' id='word_1_20' title='bbox 1287 460 1482 523; x_wconf 85' lang='lat' dir='ltr'><strong>consulatum</strong></span> 
     </span>
    </p>
   </div>
   <div class='ocr_carea' id='block_1_3' title="bbox 163 549 1483 1008">
    <p class='ocr_par' dir='ltr' id='par_1_3' title="bbox 163 549 1483 1008">
     <span class='ocr_line' id='line_1_4' title="bbox 188 549 1483 633; baseline 0.001 -20"><span class='ocrx_word' id='word_1_21' title='bbox 188 550 290 623; x_wconf 86' lang='lat' dir='ltr'><strong>Milo,</strong></span> <span class='ocrx_word' id='word_1_22' title='bbox 308 549 440 613; x_wconf 81' lang='lat' dir='ltr'><strong>Clodius</strong></span> <span class='ocrx_word' id='word_1_23' title='bbox 456 563 632 632; x_wconf 85' lang='lat' dir='ltr'><strong>praeturam</strong></span> <span class='ocrx_word' id='word_1_24' title='bbox 648 551 792 632; x_wconf 87' lang='lat' dir='ltr'><strong>petebat,</strong></span> <span class='ocrx_word' id='word_1_25' title='bbox 810 572 900 633; x_wconf 83' lang='lat' dir='ltr'><strong>quam</strong></span> <span class='ocrx_word' id='word_1_26' title='bbox 917 553 1047 614; x_wconf 81' lang='lat' dir='ltr'><strong>debilem</strong></span> <span class='ocrx_word' id='word_1_27' title='bbox 1062 551 1197 614; x_wconf 89' lang='lat' dir='ltr'><strong>suturam</strong></span> <span class='ocrx_word' id='word_1_28' title='bbox 1214 553 1342 615; x_wconf 89' lang='lat' dir='ltr'><strong>consule</strong></span> <span class='ocrx_word' id='word_1_29' title='bbox 1358 553 1483 615; x_wconf 84' lang='lat' dir='ltr'>Milone</span> 
     </span>
     <span class='ocr_line' id='line_1_5' title="bbox 186 642 1483 726; baseline 0.002 -22"><span class='ocrx_word' id='word_1_30' title='bbox 186 642 392 725; x_wconf 77' lang='lat' dir='ltr'>intelligebat.</span> <span class='ocrx_word' id='word_1_31' title='bbox 435 644 555 707; x_wconf 79' lang='lat' dir='ltr'>Deinde</span> <span class='ocrx_word' id='word_1_32' title='bbox 578 666 646 707; x_wconf 91' lang='lat' dir='ltr'><strong>cnm</strong></span> <span class='ocrx_word' id='word_1_33' title='bbox 669 643 720 706; x_wconf 91' lang='lat' dir='ltr'><strong>din</strong></span> <span class='ocrx_word' id='word_1_34' title='bbox 745 655 845 706; x_wconf 85' lang='lat' dir='ltr'><strong>tracta</strong></span> <span class='ocrx_word' id='word_1_35' title='bbox 867 657 969 708; x_wconf 83' lang='lat' dir='ltr'><strong>essent</strong></span> <span class='ocrx_word' id='word_1_36' title='bbox 990 644 1116 708; x_wconf 86' lang='lat' dir='ltr'><strong>comitia</strong></span> <span class='ocrx_word' id='word_1_37' title='bbox 1137 645 1332 720; x_wconf 81' lang='lat' dir='ltr'><strong>consularia,</strong></span> <span class='ocrx_word' id='word_1_38' title='bbox 1356 645 1483 726; x_wconf 85' lang='lat' dir='ltr'><strong>perlici·</strong></span> 
     </span>
     <span class='ocr_line' id='line_1_6' title="bbox 163 737 1482 818; baseline 0.001 -21"><span class='ocrx_word' id='word_1_39' title='bbox 163 743 248 818; x_wconf 85' lang='lat' dir='ltr'><strong>⁵qne</strong></span> <span class='ocrx_word' id='word_1_40' title='bbox 271 739 313 799; x_wconf 90' lang='lat' dir='ltr'><strong>ob</strong></span> <span class='ocrx_word' id='word_1_41' title='bbox 335 758 386 799; x_wconf 86' lang='lat' dir='ltr'><strong>ens</strong></span> <span class='ocrx_word' id='word_1_42' title='bbox 411 737 492 817; x_wconf 83' lang='lat' dir='ltr'><strong>ipsas</strong></span> <span class='ocrx_word' id='word_1_43' title='bbox 516 738 653 818; x_wconf 83' lang='lat' dir='ltr'><strong>perditas</strong></span> <span class='ocrx_word' id='word_1_44' title='bbox 682 737 916 800; x_wconf 86' lang='lat' dir='ltr'><strong>candidatorum</strong></span> <span class='ocrx_word' id='word_1_45' title='bbox 947 737 1162 800; x_wconf 78' lang='lat' dir='ltr'><strong>contentiones</strong></span> <span class='ocrx_word' id='word_1_46' title='bbox 1185 759 1248 800; x_wconf 88' lang='lat' dir='ltr'><strong>nou</strong></span> <span class='ocrx_word' id='word_1_47' title='bbox 1269 749 1416 818; x_wconf 79' lang='lat' dir='ltr'><strong>possent,</strong></span> <span class='ocrx_word' id='word_1_48' title='bbox 1452 748 1482 798; x_wconf 90' lang='lat' dir='ltr'><strong>et</strong></span> 
     </span>
     <span class='ocr_line' id='line_1_7' title="bbox 187 828 1481 914; baseline -0.002 -22"><span class='ocrx_word' id='word_1_49' title='bbox 187 830 230 892; x_wconf 87' lang='lat' dir='ltr'><strong>ob</strong></span> <span class='ocrx_word' id='word_1_50' title='bbox 252 828 282 889; x_wconf 92' lang='lat' dir='ltr'><strong>id</strong></span> <span class='ocrx_word' id='word_1_51' title='bbox 305 850 406 891; x_wconf 89' lang='lat' dir='ltr'><strong>mense</strong></span> <span class='ocrx_word' id='word_1_52' title='bbox 433 830 576 892; x_wconf 83' lang='lat' dir='ltr'><strong>Ianriario</strong></span> <span class='ocrx_word' id='word_1_53' title='bbox 600 830 675 892; x_wconf 90' lang='lat' dir='ltr'><strong>nulli</strong></span> <span class='ocrx_word' id='word_1_54' title='bbox 698 833 767 891; x_wconf 91' lang='lat' dir='ltr'><strong>dnm</strong></span> <span class='ocrx_word' id='word_1_55' title='bbox 785 853 885 914; x_wconf 87' lang='lat' dir='ltr'><strong>neque</strong></span> <span class='ocrx_word' id='word_1_56' title='bbox 908 833 1050 893; x_wconf 91' lang='lat' dir='ltr'><strong>consules</strong></span> <span class='ocrx_word' id='word_1_57' title='bbox 1067 851 1168 913; x_wconf 86' lang='lat' dir='ltr'><strong>usqne</strong></span> <span class='ocrx_word' id='word_1_58' title='bbox 1182 842 1344 912; x_wconf 82' lang='lat' dir='ltr'><strong>praetores</strong></span> <span class='ocrx_word' id='word_1_59' title='bbox 1360 841 1481 903; x_wconf 89' lang='lat' dir='ltr'><strong>essent,</strong></span> 
     </span>
     <span class='ocr_line' id='line_1_8' title="bbox 186 922 1482 1008; baseline 0.002 -27"><span class='ocrx_word' id='word_1_60' title='bbox 186 922 422 1003; x_wconf 75' lang='lat' dir='ltr'><strong>tradereturque</strong></span> <span class='ocrx_word' id='word_1_61' title='bbox 443 923 508 985; x_wconf 92' lang='lat' dir='ltr'><strong>dies</strong></span> <span class='ocrx_word' id='word_1_62' title='bbox 530 926 659 997; x_wconf 89' lang='lat' dir='ltr'><strong>eodem,</strong></span> <span class='ocrx_word' id='word_1_63' title='bbox 683 943 747 1004; x_wconf 89' lang='lat' dir='ltr'><strong>qno</strong></span> <span class='ocrx_word' id='word_1_64' title='bbox 770 935 874 999; x_wconf 86' lang='lat' dir='ltr'><strong>antea,</strong></span> <span class='ocrx_word' id='word_1_65' title='bbox 899 927 1012 999; x_wconf 89' lang='lat' dir='ltr'><strong>modo;</strong></span> <span class='ocrx_word' id='word_1_66' title='bbox 1035 926 1107 986; x_wconf 86' lang='lat' dir='ltr'><strong>dnm</strong></span> <span class='ocrx_word' id='word_1_67' title='bbox 1128 923 1213 986; x_wconf 89' lang='lat' dir='ltr'><strong>Milo</strong></span> <span class='ocrx_word' id='word_1_68' title='bbox 1235 945 1327 1008; x_wconf 83' lang='lat' dir='ltr'><strong>qnam</strong></span> <span class='ocrx_word' id='word_1_69' title='bbox 1350 924 1482 1004; x_wconf 90' lang='lat' dir='ltr'><strong>primum</strong></span> 
     </span>
    </p>
   </div>
   <div class='ocr_carea' id='block_1_4' title="bbox 117 1011 1488 2395">
    <p class='ocr_par' dir='ltr' id='par_1_4' title="bbox 117 1011 1488 2395">
     <span class='ocr_line' id='line_1_9' title="bbox 187 1011 1482 1098; baseline 0.001 -25"><span class='ocrx_word' id='word_1_70' title='bbox 187 1011 311 1075; x_wconf 88' lang='lat' dir='ltr'><strong>comitia</strong></span> <span class='ocrx_word' id='word_1_71' title='bbox 332 1013 445 1074; x_wconf 82' lang='lat' dir='ltr'><strong>confici</strong></span> <span class='ocrx_word' id='word_1_72' title='bbox 467 1014 579 1088; x_wconf 84' lang='lat' dir='ltr'><strong>vellet,</strong></span> <span class='ocrx_word' id='word_1_73' title='bbox 602 1015 833 1098; x_wconf 84' lang='lat' dir='ltr'><strong>conficeretque</strong></span> <span class='ocrx_word' id='word_1_74' title='bbox 863 1038 932 1078; x_wconf 87' lang='lat' dir='ltr'><strong>curn</strong></span> <span class='ocrx_word' id='word_1_75' title='bbox 955 1018 1109 1078; x_wconf 90' lang='lat' dir='ltr'><strong>bonorum</strong></span> <span class='ocrx_word' id='word_1_76' title='bbox 1134 1013 1261 1088; x_wconf 90' lang='lat' dir='ltr'><strong>studiis,</strong></span> <span class='ocrx_word' id='word_1_77' title='bbox 1291 1017 1376 1095; x_wconf 90' lang='lat' dir='ltr'><strong>qnod</strong></span> <span class='ocrx_word' id='word_1_78' title='bbox 1398 1014 1482 1077; x_wconf 87' lang='lat' dir='ltr'><strong>obsi-</strong></span> 
     </span>
     <span class='ocr_line' id='line_1_10' title="bbox 117 1102 1483 1190; baseline -0.001 -21"><span class='ocrx_word' id='word_1_79' title='bbox 117 1102 178 1169; x_wconf 76' lang='lat'><strong>[¹⁶¹]</strong></span> <span class='ocrx_word' id='word_1_80' title='bbox 188 1107 287 1166; x_wconf 81' lang='lat' dir='ltr'><strong>siebat</strong></span> <span class='ocrx_word' id='word_1_81' title='bbox 308 1103 440 1181; x_wconf 88' lang='lat' dir='ltr'><strong>Clodio,</strong></span> <span class='ocrx_word' id='word_1_82' title='bbox 462 1106 586 1170; x_wconf 80' lang='lat' dir='ltr'><strong>favente</strong></span> <span class='ocrx_word' id='word_1_83' title='bbox 607 1110 697 1169; x_wconf 89' lang='lat' dir='ltr'><strong>etiam</strong></span> <span class='ocrx_word' id='word_1_84' title='bbox 723 1109 843 1189; x_wconf 92' lang='lat' dir='ltr'><strong>populo</strong></span> <span class='ocrx_word' id='word_1_85' title='bbox 867 1120 1003 1189; x_wconf 89' lang='lat' dir='ltr'><strong>propter·</strong></span> <span class='ocrx_word' id='word_1_86' title='bbox 1022 1109 1135 1170; x_wconf 82' lang='lat' dir='ltr'><strong>effusas</strong></span> <span class='ocrx_word' id='word_1_87' title='bbox 1157 1106 1338 1190; x_wconf 77' lang='lat' dir='ltr'><strong>largitiones</strong></span> <span class='ocrx_word' id='word_1_88' title='bbox 1363 1105 1483 1186; x_wconf 88' lang='lat' dir='ltr'><strong>impen-</strong></span> 
     </span>
     <span class='ocr_line' id='line_1_11' title="bbox 146 1200 1482 1285; baseline 0.003 -29"><span class='ocrx_word' id='word_1_89' title='bbox 146 1208 299 1280; x_wconf 80' lang='lat' dir='ltr'><strong>lusasque</strong></span> <span class='ocrx_word' id='word_1_90' title='bbox 320 1200 464 1262; x_wconf 85' lang='lat' dir='ltr'><strong>lndornrn</strong></span> <span class='ocrx_word' id='word_1_91' title='bbox 485 1201 680 1263; x_wconf 88' lang='lat' dir='ltr'><strong>scenicorum</strong></span> <span class='ocrx_word' id='word_1_92' title='bbox 707 1223 744 1262; x_wconf 87' lang='lat' dir='ltr'><strong>ac</strong></span> <span class='ocrx_word' id='word_1_93' title='bbox 771 1201 948 1285; x_wconf 84' lang='lat' dir='ltr'><strong>gladiatorii</strong></span> <span class='ocrx_word' id='word_1_94' title='bbox 978 1201 1112 1263; x_wconf 78' lang='lat' dir='ltr'><strong>mnnerIs</strong></span> <span class='ocrx_word' id='word_1_95' title='bbox 1142 1200 1308 1274; x_wconf 86' lang='lat' dir='ltr'><strong>maximas,</strong></span> <span class='ocrx_word' id='word_1_96' title='bbox 1345 1200 1376 1261; x_wconf 96' lang='lat' dir='ltr'><strong>in</strong></span> <span class='ocrx_word' id='word_1_97' title='bbox 1407 1219 1482 1282; x_wconf 87' lang='lat' dir='ltr'><strong>quas</strong></span> 
     </span>
     <span class='ocr_line' id='line_1_12' title="bbox 187 1291 1483 1376; baseline 0.002 -25"><span class='ocrx_word' id='word_1_98' title='bbox 187 1291 245 1352; x_wconf 88' lang='lat' dir='ltr'><strong>tria</strong></span> <span class='ocrx_word' id='word_1_99' title='bbox 267 1292 393 1372; x_wconf 81' lang='lat' dir='ltr'><strong>praedia</strong></span> <span class='ocrx_word' id='word_1_100' title='bbox 414 1293 561 1356; x_wconf 81' lang='lat' dir='ltr'><strong>effudisse</strong></span> <span class='ocrx_word' id='word_1_101' title='bbox 583 1316 652 1356; x_wconf 88' lang='lat' dir='ltr'><strong>enm</strong></span> <span class='ocrx_word' id='word_1_102' title='bbox 675 1291 790 1357; x_wconf 87' lang='lat' dir='ltr'><strong>Cicero</strong></span> <span class='ocrx_word' id='word_1_103' title='bbox 819 1293 990 1376; x_wconf 83' lang='lat' dir='ltr'><strong>siguificat,</strong></span> <span class='ocrx_word' id='word_1_104' title='bbox 1019 1294 1241 1374; x_wconf 77' lang='lat' dir='ltr'><strong>competitores</strong></span> <span class='ocrx_word' id='word_1_105' title='bbox 1264 1294 1331 1356; x_wconf 88' lang='lat' dir='ltr'><strong>eius</strong></span> <span class='ocrx_word' id='word_1_106' title='bbox 1356 1294 1483 1355; x_wconf 88' lang='lat' dir='ltr'><strong>trahere</strong></span> 
     </span>
     <span class='ocr_line' id='line_1_13' title="bbox 188 1385 1483 1470; baseline 0 -26"><span class='ocrx_word' id='word_1_107' title='bbox 188 1385 322 1458; x_wconf 87' lang='lat' dir='ltr'><strong>vellent,</strong></span> <span class='ocrx_word' id='word_1_108' title='bbox 345 1385 479 1468; x_wconf 88' lang='lat' dir='ltr'><strong>ideoque</strong></span> <span class='ocrx_word' id='word_1_109' title='bbox 501 1385 690 1466; x_wconf 89' lang='lat' dir='ltr'><strong>Pompeius,</strong></span> <span class='ocrx_word' id='word_1_110' title='bbox 716 1407 812 1470; x_wconf 83' lang='lat' dir='ltr'><strong>gener</strong></span> <span class='ocrx_word' id='word_1_111' title='bbox 832 1385 1004 1466; x_wconf 83' lang='lat' dir='ltr'><strong>Scipionis,</strong></span> <span class='ocrx_word' id='word_1_112' title='bbox 1028 1398 1059 1449; x_wconf 90' lang='lat' dir='ltr'><strong>et</strong></span> <span class='ocrx_word' id='word_1_113' title='bbox 1075 1389 1117 1449; x_wconf 91' lang='lat' dir='ltr'><strong>T.</strong></span> <span class='ocrx_word' id='word_1_114' title='bbox 1135 1387 1316 1458; x_wconf 84' lang='lat' dir='ltr'><strong>Munatius,</strong></span> <span class='ocrx_word' id='word_1_115' title='bbox 1339 1385 1483 1447; x_wconf 88' lang='lat' dir='ltr'><strong>tribnnns</strong></span> 
     </span>
     <span class='ocr_line' id='line_1_14' title="bbox 187 1478 1484 1562; baseline -0.003 -23"><span class='ocrx_word' id='word_1_116' title='bbox 187 1478 306 1560; x_wconf 89' lang='lat' dir='ltr'><strong>plebis,</strong></span> <span class='ocrx_word' id='word_1_117' title='bbox 343 1478 459 1540; x_wconf 84' lang='lat' dir='ltr'><strong>referri</strong></span> <span class='ocrx_word' id='word_1_118' title='bbox 487 1481 524 1539; x_wconf 91' lang='lat' dir='ltr'><strong>ad</strong></span> <span class='ocrx_word' id='word_1_119' title='bbox 549 1492 687 1540; x_wconf 87' lang='lat' dir='ltr'><strong>senatum</strong></span> <span class='ocrx_word' id='word_1_120' title='bbox 719 1483 756 1541; x_wconf 88' lang='lat' dir='ltr'><strong>de</strong></span> <span class='ocrx_word' id='word_1_121' title='bbox 785 1480 923 1561; x_wconf 87' lang='lat' dir='ltr'><strong>patriciis</strong></span> <span class='ocrx_word' id='word_1_122' title='bbox 946 1478 1176 1553; x_wconf 81' lang='lat' dir='ltr'><strong>convocandis,</strong></span> <span class='ocrx_word' id='word_1_123' title='bbox 1210 1480 1263 1562; x_wconf 90' lang='lat' dir='ltr'><strong>qni</strong></span> <span class='ocrx_word' id='word_1_124' title='bbox 1294 1479 1484 1560; x_wconf 79' lang='lat' dir='ltr'><strong>interregem</strong></span> 
     </span>
     <span class='ocr_line' id='line_1_15' title="bbox 187 1570 1482 1655; baseline -0.001 -24"><span class='ocrx_word' id='word_1_125' title='bbox 187 1572 375 1652; x_wconf 83' lang='lat' dir='ltr'><strong>proderent,</strong></span> <span class='ocrx_word' id='word_1_126' title='bbox 400 1592 464 1632; x_wconf 91' lang='lat' dir='ltr'><strong>uon</strong></span> <span class='ocrx_word' id='word_1_127' title='bbox 485 1583 587 1634; x_wconf 88' lang='lat' dir='ltr'><strong>essent</strong></span> <span class='ocrx_word' id='word_1_128' title='bbox 611 1571 712 1652; x_wconf 89' lang='lat' dir='ltr'><strong>passi,</strong></span> <span class='ocrx_word' id='word_1_129' title='bbox 743 1593 812 1633; x_wconf 86' lang='lat' dir='ltr'><strong>curn</strong></span> <span class='ocrx_word' id='word_1_130' title='bbox 836 1572 1025 1655; x_wconf 84' lang='lat' dir='ltr'><strong>interregem</strong></span> <span class='ocrx_word' id='word_1_131' title='bbox 1051 1574 1186 1652; x_wconf 87' lang='lat' dir='ltr'><strong>prodere</strong></span> <span class='ocrx_word' id='word_1_132' title='bbox 1209 1570 1303 1635; x_wconf 87' lang='lat' dir='ltr'><strong>moris</strong></span> <span class='ocrx_word' id='word_1_133' title='bbox 1329 1581 1430 1631; x_wconf 86' lang='lat' dir='ltr'><strong>esset:</strong></span> <span class='ocrx_word' id='word_1_134' title='bbox 1453 1589 1482 1630; x_wconf 79' lang='lat' dir='ltr'><strong>a.</strong></span> 
     </span>
     <span class='ocr_line' id='line_1_16' title="bbox 148 1661 1479 1748; baseline 0.002 -28"><span class='ocrx_word' id='word_1_135' title='bbox 148 1665 220 1724; x_wconf 73' lang='lat' dir='ltr'><strong>tid.</strong></span> <span class='ocrx_word' id='word_1_136' title='bbox 243 1662 342 1725; x_wconf 86' lang='lat' dir='ltr'><strong>XIII.</strong></span> <span class='ocrx_word' id='word_1_137' title='bbox 367 1663 440 1725; x_wconf 82' lang='lat' dir='ltr'><strong>Kal.</strong></span> <span class='ocrx_word' id='word_1_138' title='bbox 464 1664 561 1727; x_wconf 88' lang='lat' dir='ltr'><strong>Febr.</strong></span> <span class='ocrx_word' id='word_1_139' title='bbox 585 1668 665 1740; x_wconf 88' lang='lat' dir='ltr'><strong>(aeta</strong></span> <span class='ocrx_word' id='word_1_140' title='bbox 688 1665 798 1726; x_wconf 87' lang='lat' dir='ltr'><strong>etenim</strong></span> <span class='ocrx_word' id='word_1_141' title='bbox 821 1665 917 1748; x_wconf 82' lang='lat' dir='ltr'><strong>magis</strong></span> <span class='ocrx_word' id='word_1_142' title='bbox 943 1667 1099 1748; x_wconf 87' lang='lat' dir='ltr'><strong>sequenda</strong></span> <span class='ocrx_word' id='word_1_143' title='bbox 1120 1677 1151 1726; x_wconf 91' lang='lat' dir='ltr'><strong>et</strong></span> <span class='ocrx_word' id='word_1_144' title='bbox 1172 1666 1268 1746; x_wconf 87' lang='lat' dir='ltr'><strong>ipsam</strong></span> <span class='ocrx_word' id='word_1_145' title='bbox 1292 1661 1479 1735; x_wconf 88' lang='lat' dir='ltr'><strong>orationem,</strong></span> 
     </span>
     <span class='ocr_line' id='line_1_17' title="bbox 165 1753 1483 1840; baseline 0.001 -25"><span class='ocrx_word' id='word_1_146' title='bbox 165 1775 270 1836; x_wconf 52' lang='lat' dir='ltr'><strong>‘quac</strong></span> <span class='ocrx_word' id='word_1_147' title='bbox 298 1753 373 1817; x_wconf 87' lang='lat' dir='ltr'><strong>actis</strong></span> <span class='ocrx_word' id='word_1_148' title='bbox 399 1757 563 1839; x_wconf 83' lang='lat' dir='ltr'><strong>congruit,</strong></span> <span class='ocrx_word' id='word_1_149' title='bbox 598 1768 675 1836; x_wconf 90' lang='lat' dir='ltr'><strong>puto</strong></span> <span class='ocrx_word' id='word_1_150' title='bbox 699 1777 789 1840; x_wconf 83' lang='lat' dir='ltr'><strong>quain</strong></span> <span class='ocrx_word' id='word_1_151' title='bbox 815 1758 1039 1832; x_wconf 83' lang='lat' dir='ltr'><strong>Fenestellam,</strong></span> <span class='ocrx_word' id='word_1_152' title='bbox 1074 1758 1128 1840; x_wconf 92' lang='lat' dir='ltr'><strong>qni</strong></span> <span class='ocrx_word' id='word_1_153' title='bbox 1157 1778 1185 1819; x_wconf 85' lang='lat' dir='ltr'><strong>a.</strong></span> <span class='ocrx_word' id='word_1_154' title='bbox 1215 1759 1246 1819; x_wconf 94' lang='lat' dir='ltr'><strong>d.</strong></span> <span class='ocrx_word' id='word_1_155' title='bbox 1268 1757 1386 1820; x_wconf 81' lang='lat' dir='ltr'><strong>XIIII.</strong></span> <span class='ocrx_word' id='word_1_156' title='bbox 1410 1755 1483 1818; x_wconf 79' lang='lat' dir='ltr'><strong>Kal.</strong></span> 
     </span>
     <span class='ocr_line' id='line_1_18' title="bbox 188 1847 1484 1935; baseline -0.002 -23"><span class='ocrx_word' id='word_1_157' title='bbox 188 1849 285 1912; x_wconf 87' lang='lat' dir='ltr'><strong>Febr.</strong></span> <span class='ocrx_word' id='word_1_158' title='bbox 316 1848 444 1925; x_wconf 76' lang='lat' dir='ltr'><strong>traditz)</strong></span> <span class='ocrx_word' id='word_1_159' title='bbox 487 1849 569 1912; x_wconf 89' lang='lat' dir='ltr'><strong>Milo</strong></span> <span class='ocrx_word' id='word_1_160' title='bbox 607 1849 803 1925; x_wconf 87' lang='lat' dir='ltr'><strong>Lanuvium,</strong></span> <span class='ocrx_word' id='word_1_161' title='bbox 838 1871 878 1912; x_wconf 81' lang='lat' dir='ltr'><strong>ex</strong></span> <span class='ocrx_word' id='word_1_162' title='bbox 903 1872 970 1935; x_wconf 84' lang='lat' dir='ltr'><strong>qno</strong></span> <span class='ocrx_word' id='word_1_163' title='bbox 1001 1863 1067 1912; x_wconf 89' lang='lat' dir='ltr'><strong>erat</strong></span> <span class='ocrx_word' id='word_1_164' title='bbox 1094 1850 1260 1933; x_wconf 88' lang='lat' dir='ltr'><strong>municipio</strong></span> <span class='ocrx_word' id='word_1_165' title='bbox 1293 1861 1323 1912; x_wconf 88' lang='lat' dir='ltr'><strong>et</strong></span> <span class='ocrx_word' id='word_1_166' title='bbox 1351 1847 1395 1910; x_wconf 88' lang='lat' dir='ltr'><strong>ibi</strong></span> <span class='ocrx_word' id='word_1_167' title='bbox 1420 1860 1484 1910; x_wconf 91' lang='lat' dir='ltr'><strong>tum</strong></span> 
     </span>
     <span class='ocr_line' id='line_1_19' title="bbox 188 1939 1486 2025; baseline -0.001 -23"><span class='ocrx_word' id='word_1_168' title='bbox 188 1940 341 2014; x_wconf 90' lang='lat' dir='ltr'><strong>dictator,</strong></span> <span class='ocrx_word' id='word_1_169' title='bbox 366 1941 529 2021; x_wconf 83' lang='lat' dir='ltr'><strong>proiectus</strong></span> <span class='ocrx_word' id='word_1_170' title='bbox 551 1955 597 2004; x_wconf 88' lang='lat' dir='ltr'><strong>est</strong></span> <span class='ocrx_word' id='word_1_171' title='bbox 620 1946 658 2003; x_wconf 83' lang='lat' dir='ltr'><strong>ad</strong></span> <span class='ocrx_word' id='word_1_172' title='bbox 674 1942 843 2005; x_wconf 86' lang='lat' dir='ltr'><strong>Flaminem</strong></span> <span class='ocrx_word' id='word_1_173' title='bbox 865 1946 1059 2023; x_wconf 86' lang='lat' dir='ltr'><strong>prodendum</strong></span> <span class='ocrx_word' id='word_1_174' title='bbox 1081 1957 1208 2025; x_wconf 84' lang='lat' dir='ltr'><strong>postera</strong></span> <span class='ocrx_word' id='word_1_175' title='bbox 1232 1944 1292 2006; x_wconf 84' lang='lat' dir='ltr'><strong>die.</strong></span> <span class='ocrx_word' id='word_1_176' title='bbox 1336 1939 1486 2008; x_wconf 86' lang='lat' dir='ltr'><strong>Occurrit</strong></span> 
     </span>
     <span class='ocr_line' id='line_1_20' title="bbox 188 2031 1484 2117; baseline -0.002 -22"><span class='ocrx_word' id='word_1_177' title='bbox 188 2035 217 2095; x_wconf 92' lang='lat' dir='ltr'><strong>ei</strong></span> <span class='ocrx_word' id='word_1_178' title='bbox 238 2033 319 2095; x_wconf 92' lang='lat' dir='ltr'><strong>circa</strong></span> <span class='ocrx_word' id='word_1_179' title='bbox 342 2035 451 2096; x_wconf 86' lang='lat' dir='ltr'><strong>horam</strong></span> <span class='ocrx_word' id='word_1_180' title='bbox 476 2055 586 2096; x_wconf 87' lang='lat' dir='ltr'><strong>nonam</strong></span> <span class='ocrx_word' id='word_1_181' title='bbox 607 2033 738 2098; x_wconf 89' lang='lat' dir='ltr'><strong>Clodius</strong></span> <span class='ocrx_word' id='word_1_182' title='bbox 760 2037 853 2117; x_wconf 85' lang='lat' dir='ltr'><strong>paulo</strong></span> <span class='ocrx_word' id='word_1_183' title='bbox 876 2036 956 2096; x_wconf 85' lang='lat' dir='ltr'><strong>ultra</strong></span> <span class='ocrx_word' id='word_1_184' title='bbox 978 2037 1137 2111; x_wconf 86' lang='lat' dir='ltr'><strong>Bovillas,</strong></span> <span class='ocrx_word' id='word_1_185' title='bbox 1161 2035 1282 2098; x_wconf 85' lang='lat' dir='ltr'><strong>rediens</strong></span> <span class='ocrx_word' id='word_1_186' title='bbox 1304 2036 1344 2095; x_wconf 82' lang='lat' dir='ltr'><strong>ab</strong></span> <span class='ocrx_word' id='word_1_187' title='bbox 1365 2031 1484 2106; x_wconf 84' lang='lat' dir='ltr'><strong>Aricia,</strong></span> 
     </span>
     <span class='ocr_line' id='line_1_21' title="bbox 145 2124 1486 2210; baseline 0 -23"><span class='ocrx_word' id='word_1_188' title='bbox 145 2147 177 2196; x_wconf 78' lang='lat'><strong>20</strong></span> <span class='ocrx_word' id='word_1_189' title='bbox 192 2146 294 2208; x_wconf 91' lang='lat' dir='ltr'><strong>propo</strong></span> <span class='ocrx_word' id='word_1_190' title='bbox 317 2148 385 2188; x_wconf 91' lang='lat' dir='ltr'><strong>enm</strong></span> <span class='ocrx_word' id='word_1_191' title='bbox 408 2127 532 2204; x_wconf 89' lang='lat' dir='ltr'><strong>locum,</strong></span> <span class='ocrx_word' id='word_1_192' title='bbox 553 2128 664 2210; x_wconf 90' lang='lat' dir='ltr'><strong>inquo</strong></span> <span class='ocrx_word' id='word_1_193' title='bbox 686 2129 793 2192; x_wconf 85' lang='lat' dir='ltr'><strong>Bonae</strong></span> <span class='ocrx_word' id='word_1_194' title='bbox 818 2127 906 2190; x_wconf 88' lang='lat' dir='ltr'><strong>Deae</strong></span> <span class='ocrx_word' id='word_1_195' title='bbox 921 2128 1066 2190; x_wconf 87' lang='lat' dir='ltr'><strong>sacellum</strong></span> <span class='ocrx_word' id='word_1_196' title='bbox 1082 2138 1142 2191; x_wconf 84' lang='lat' dir='ltr'><strong>est.</strong></span> <span class='ocrx_word' id='word_1_197' title='bbox 1183 2128 1266 2191; x_wconf 80' lang='lat' dir='ltr'><strong>Erat</strong></span> <span class='ocrx_word' id='word_1_198' title='bbox 1285 2138 1384 2188; x_wconf 91' lang='lat' dir='ltr'><strong>antem</strong></span> <span class='ocrx_word' id='word_1_199' title='bbox 1406 2124 1486 2187; x_wconf 83' lang='lat' dir='ltr'><strong>allo·</strong></span> 
     </span>
     <span class='ocr_line' id='line_1_22' title="bbox 189 2217 1484 2305; baseline -0.002 -25"><span class='ocrx_word' id='word_1_200' title='bbox 189 2232 278 2281; x_wconf 90' lang='lat' dir='ltr'><strong>cutns</strong></span> <span class='ocrx_word' id='word_1_201' title='bbox 301 2221 483 2283; x_wconf 88' lang='lat' dir='ltr'><strong>decuriones</strong></span> <span class='ocrx_word' id='word_1_202' title='bbox 505 2220 720 2284; x_wconf 85' lang='lat' dir='ltr'><strong>Aricinornni.</strong></span> <span class='ocrx_word' id='word_1_203' title='bbox 763 2223 950 2284; x_wconf 85' lang='lat' dir='ltr'><strong>Vehebatnr</strong></span> <span class='ocrx_word' id='word_1_204' title='bbox 973 2221 1105 2285; x_wconf 89' lang='lat' dir='ltr'><strong>Clodius</strong></span> <span class='ocrx_word' id='word_1_205' title='bbox 1127 2239 1223 2305; x_wconf 86' lang='lat' dir='ltr'><strong>equo.</strong></span> <span class='ocrx_word' id='word_1_206' title='bbox 1255 2219 1347 2283; x_wconf 87' lang='lat' dir='ltr'><strong>Servi</strong></span> <span class='ocrx_word' id='word_1_207' title='bbox 1369 2217 1484 2280; x_wconf 82' lang='lat' dir='ltr'><strong>XXX.</strong></span> 
     </span>
     <span class='ocr_line' id='line_1_23' title="bbox 188 2307 1488 2395; baseline -0.004 -21"><span class='ocrx_word' id='word_1_208' title='bbox 188 2311 254 2374; x_wconf 84' lang='lat' dir='ltr'><strong>lere</strong></span> <span class='ocrx_word' id='word_1_209' title='bbox 276 2313 428 2395; x_wconf 87' lang='lat' dir='ltr'><strong>expediti,</strong></span> <span class='ocrx_word' id='word_1_210' title='bbox 461 2324 495 2375; x_wconf 87' lang='lat' dir='ltr'><strong>ut</strong></span> <span class='ocrx_word' id='word_1_211' title='bbox 520 2314 573 2376; x_wconf 93' lang='lat' dir='ltr'><strong>illo</strong></span> <span class='ocrx_word' id='word_1_212' title='bbox 600 2325 741 2395; x_wconf 89' lang='lat' dir='ltr'><strong>ternpore</strong></span> <span class='ocrx_word' id='word_1_213' title='bbox 769 2336 835 2377; x_wconf 89' lang='lat' dir='ltr'><strong>mos</strong></span> <span class='ocrx_word' id='word_1_214' title='bbox 858 2326 926 2376; x_wconf 79' lang='lat' dir='ltr'><strong>eret</strong></span> <span class='ocrx_word' id='word_1_215' title='bbox 948 2312 1009 2376; x_wconf 88' lang='lat' dir='ltr'><strong>iter</strong></span> <span class='ocrx_word' id='word_1_216' title='bbox 1031 2311 1235 2388; x_wconf 80' lang='lat' dir='ltr'><strong>facientibus,</strong></span> <span class='ocrx_word' id='word_1_217' title='bbox 1264 2309 1375 2395; x_wconf 83' lang='lat' dir='ltr'><strong>gladiis</strong></span> <span class='ocrx_word' id='word_1_218' title='bbox 1396 2307 1488 2371; x_wconf 91' lang='lat' dir='ltr'><strong>cincti</strong></span> 
     </span>
    </p>
   </div>
   <div class='ocr_carea' id='block_1_5' title="bbox 185 2524 1492 4836">
    <p class='ocr_par' dir='ltr' id='par_1_5' title="bbox 190 2524 1486 2675">
     <span class='ocr_line' id='line_1_24' title="bbox 278 2524 1486 2599; baseline -0.006 -18"><span class='ocrx_word' id='word_1_219' title='bbox 278 2533 303 2581; x_wconf 87' lang='grc'><strong>1.</strong></span> <span class='ocrx_word' id='word_1_220' title='bbox 323 2535 404 2578; x_wconf 83' lang='lat' dir='ltr'><strong>erant</strong></span> <span class='ocrx_word' id='word_1_221' title='bbox 423 2537 534 2597; x_wconf 81' lang='lat' dir='ltr'><strong>uterque</strong></span> <span class='ocrx_word' id='word_1_222' title='bbox 553 2528 616 2579; x_wconf 81' lang='lat' dir='ltr'><strong>arrd.</strong></span> <span class='ocrx_word' id='word_1_223' title='bbox 632 2532 729 2597; x_wconf 81' lang='lat' dir='ltr'><strong>pares]</strong></span> <span class='ocrx_word' id='word_1_224' title='bbox 749 2529 795 2581; x_wconf 88' lang='lat' dir='ltr'><strong>Sio</strong></span> <span class='ocrx_word' id='word_1_225' title='bbox 814 2532 924 2599; x_wconf 82' lang='lat' dir='ltr'><strong>scripsi.</strong></span> <span class='ocrx_word' id='word_1_226' title='bbox 943 2556 977 2570; x_wconf 90' lang='lat'><em>-</em></span> <span class='ocrx_word' id='word_1_227' title='bbox 995 2535 1058 2578; x_wconf 82' lang='lat' dir='ltr'><strong>erat</strong></span> <span class='ocrx_word' id='word_1_228' title='bbox 1075 2535 1188 2596; x_wconf 76' lang='lat' dir='ltr'><strong>uterque</strong></span> <span class='ocrx_word' id='word_1_229' title='bbox 1207 2524 1269 2578; x_wconf 84' lang='lat' dir='ltr'><strong>aud.</strong></span> <span class='ocrx_word' id='word_1_230' title='bbox 1292 2543 1377 2597; x_wconf 80' lang='lat' dir='ltr'><strong>pares</strong></span> <span class='ocrx_word' id='word_1_231' title='bbox 1396 2527 1486 2578; x_wconf 84' lang='lat' dir='ltr'><strong>PrInc.</strong></span> 
     </span>
     <span class='ocr_line' id='line_1_25' title="bbox 190 2601 1342 2675; baseline 0.001 -24"><span class='ocrx_word' id='word_1_232' title='bbox 190 2628 223 2643; x_wconf 92' lang='lat'><em>-</em></span> <span class='ocrx_word' id='word_1_233' title='bbox 239 2610 300 2652; x_wconf 83' lang='lat' dir='ltr'><strong>erat</strong></span> <span class='ocrx_word' id='word_1_234' title='bbox 319 2607 425 2670; x_wconf 78' lang='lat' dir='ltr'><strong>ntripne</strong></span> <span class='ocrx_word' id='word_1_235' title='bbox 446 2602 510 2655; x_wconf 80' lang='lat' dir='ltr'><strong>ared.</strong></span> <span class='ocrx_word' id='word_1_236' title='bbox 529 2621 584 2670; x_wconf 79' lang='lat' dir='ltr'><strong>par</strong></span> <span class='ocrx_word' id='word_1_237' title='bbox 604 2603 708 2655; x_wconf 77' lang='lat' dir='ltr'><strong>Berald.</strong></span> <span class='ocrx_word' id='word_1_238' title='bbox 729 2601 812 2675; x_wconf 71' lang='lat' dir='ltr'><strong>bugd.</strong></span> <span class='ocrx_word' id='word_1_239' title='bbox 835 2633 864 2644; x_wconf 95' lang='lat'>-</span> <span class='ocrx_word' id='word_1_240' title='bbox 887 2609 949 2653; x_wconf 88' lang='lat' dir='ltr'><strong>erat</strong></span> <span class='ocrx_word' id='word_1_241' title='bbox 968 2611 1078 2671; x_wconf 80' lang='lat' dir='ltr'><strong>nterqne</strong></span> <span class='ocrx_word' id='word_1_242' title='bbox 1097 2601 1161 2654; x_wconf 81' lang='lat' dir='ltr'><strong>ared.</strong></span> <span class='ocrx_word' id='word_1_243' title='bbox 1178 2620 1233 2672; x_wconf 81' lang='lat' dir='ltr'><strong>par</strong></span> <span class='ocrx_word' id='word_1_244' title='bbox 1251 2607 1342 2655; x_wconf 86' lang='lat' dir='ltr'><strong>ceteri.</strong></span> 
     </span>
    </p>

    <p class='ocr_par' dir='ltr' id='par_1_6' title="bbox 280 2675 1268 2746">
     <span class='ocr_line' id='line_1_26' title="bbox 280 2675 1268 2746; baseline 0.002 -19"><span class='ocrx_word' id='word_1_245' title='bbox 280 2683 306 2736; x_wconf 77' lang='grc' dir='ltr'><strong>ὅ.</strong></span> <span class='ocrx_word' id='word_1_246' title='bbox 326 2678 413 2744; x_wconf 88' lang='lat' dir='ltr'><strong>Milo]</strong></span> <span class='ocrx_word' id='word_1_247' title='bbox 435 2677 552 2727; x_wconf 85' lang='lat' dir='ltr'><strong>Milonis</strong></span> <span class='ocrx_word' id='word_1_248' title='bbox 572 2675 678 2728; x_wconf 85' lang='lat' dir='ltr'><strong>Berald.</strong></span> <span class='ocrx_word' id='word_1_249' title='bbox 778 2701 783 2712; x_wconf 69' lang='lat'>¹</span> <span class='ocrx_word' id='word_1_250' title='bbox 851 2680 878 2734; x_wconf 75' lang='grc'><strong>5.</strong></span> <span class='ocrx_word' id='word_1_251' title='bbox 896 2677 1019 2745; x_wconf 80' lang='lat' dir='ltr'><strong>petebat]</strong></span> <span class='ocrx_word' id='word_1_252' title='bbox 1043 2677 1159 2746; x_wconf 81' lang='lat' dir='ltr'><strong>patebat</strong></span> <span class='ocrx_word' id='word_1_253' title='bbox 1179 2681 1268 2729; x_wconf 68' lang='lat' dir='ltr'><strong>tutuo.</strong></span> 
     </span>
    </p>

    <p class='ocr_par' dir='ltr' id='par_1_7' title="bbox 280 2750 1179 2820">
     <span class='ocr_line' id='line_1_27' title="bbox 280 2750 1179 2820; baseline -0.001 -19"><span class='ocrx_word' id='word_1_254' title='bbox 280 2753 305 2806; x_wconf 80' lang='lat' dir='ltr'><strong>lt.</strong></span> <span class='ocrx_word' id='word_1_255' title='bbox 327 2753 432 2816; x_wconf 79' lang='lat' dir='ltr'><strong>tracta]</strong></span> <span class='ocrx_word' id='word_1_256' title='bbox 453 2758 580 2801; x_wconf 85' lang='lat' dir='ltr'><strong>tractata</strong></span> <span class='ocrx_word' id='word_1_257' title='bbox 601 2750 684 2820; x_wconf 84' lang='lat' dir='ltr'><strong>Lugd.</strong></span> <span class='ocrx_word' id='word_1_258' title='bbox 852 2757 878 2806; x_wconf 87' lang='lat'><strong>7.</strong></span> <span class='ocrx_word' id='word_1_259' title='bbox 898 2750 972 2817; x_wconf 78' lang='lat' dir='ltr'><strong>ditm]</strong></span> <span class='ocrx_word' id='word_1_260' title='bbox 994 2751 1092 2802; x_wconf 84' lang='lat' dir='ltr'><strong>Malim</strong></span> <span class='ocrx_word' id='word_1_261' title='bbox 1111 2768 1179 2801; x_wconf 82' lang='lat' dir='ltr'><strong>crem.</strong></span> 
     </span>
    </p>

    <p class='ocr_par' dir='ltr' id='par_1_8' title="bbox 186 2824 1489 3269">
     <span class='ocr_line' id='line_1_28' title="bbox 277 2824 1487 2894; baseline 0.002 -20"><span class='ocrx_word' id='word_1_262' title='bbox 277 2828 305 2885; x_wconf 88' lang='lat'><strong>9.</strong></span> <span class='ocrx_word' id='word_1_263' title='bbox 325 2824 398 2894; x_wconf 85' lang='lat' dir='ltr'><strong>qnod</strong></span> <span class='ocrx_word' id='word_1_264' title='bbox 414 2825 575 2892; x_wconf 81' lang='lat' dir='ltr'><strong>obsistebat]</strong></span> <span class='ocrx_word' id='word_1_265' title='bbox 595 2831 641 2892; x_wconf 82' lang='lat' dir='ltr'><strong>qni</strong></span> <span class='ocrx_word' id='word_1_266' title='bbox 660 2825 827 2876; x_wconf 83' lang='lat' dir='ltr'><strong>obsistebant</strong></span> <span class='ocrx_word' id='word_1_267' title='bbox 847 2825 910 2877; x_wconf 82' lang='lat' dir='ltr'><strong>Hor.</strong></span> <span class='ocrx_word' id='word_1_268' title='bbox 925 2826 1005 2878; x_wconf 90' lang='lat' dir='ltr'><strong>Cren.</strong></span> <span class='ocrx_word' id='word_1_269' title='bbox 1025 2830 1176 2878; x_wconf 78' lang='lat' dir='ltr'><strong>mutatione</strong></span> <span class='ocrx_word' id='word_1_270' title='bbox 1196 2828 1308 2875; x_wconf 89' lang='lat' dir='ltr'><strong>minime</strong></span> <span class='ocrx_word' id='word_1_271' title='bbox 1328 2829 1487 2877; x_wconf 76' lang='lat' dir='ltr'><strong>necesssric.</strong></span> 
     </span>
     <span class='ocr_line' id='line_1_29' title="bbox 190 2897 1485 2973; baseline 0 -23"><span class='ocrx_word' id='word_1_272' title='bbox 190 2898 321 2952; x_wconf 78' lang='lat' dir='ltr'><strong>Asconius</strong></span> <span class='ocrx_word' id='word_1_273' title='bbox 341 2899 427 2952; x_wconf 86' lang='lat' dir='ltr'><strong>bonos</strong></span> <span class='ocrx_word' id='word_1_274' title='bbox 447 2899 547 2954; x_wconf 83' lang='lat' dir='ltr'><strong>Miloni</strong></span> <span class='ocrx_word' id='word_1_275' title='bbox 568 2898 663 2952; x_wconf 81' lang='lat' dir='ltr'><strong>favisse</strong></span> <span class='ocrx_word' id='word_1_276' title='bbox 682 2900 767 2964; x_wconf 87' lang='lat' dir='ltr'><strong>dicit,</strong></span> <span class='ocrx_word' id='word_1_277' title='bbox 792 2905 921 2969; x_wconf 85' lang='lat' dir='ltr'><strong>quoniam</strong></span> <span class='ocrx_word' id='word_1_278' title='bbox 942 2898 1107 2952; x_wconf 77' lang='lat' dir='ltr'><strong>sdversarius</strong></span> <span class='ocrx_word' id='word_1_279' title='bbox 1128 2897 1209 2952; x_wconf 84' lang='lat' dir='ltr'><strong>inerit</strong></span> <span class='ocrx_word' id='word_1_280' title='bbox 1228 2898 1340 2962; x_wconf 87' lang='lat' dir='ltr'><strong>Clodio,</strong></span> <span class='ocrx_word' id='word_1_281' title='bbox 1361 2917 1440 2969; x_wconf 90' lang='lat' dir='ltr'><strong>quem</strong></span> <span class='ocrx_word' id='word_1_282' title='bbox 1460 2915 1485 2973; x_wconf 72' lang='lat' dir='ltr'><strong>et</strong></span> 
     </span>
     <span class='ocr_line' id='line_1_30' title="bbox 186 2973 1224 3026; baseline 0 -2"><span class='ocrx_word' id='word_1_283' title='bbox 186 2977 196 3024; x_wconf 93' lang='lat' dir='ltr'><strong>I</strong></span> <span class='ocrx_word' id='word_1_284' title='bbox 218 2977 240 3025; x_wconf 89' lang='lat' dir='ltr'><strong>si</strong></span> <span class='ocrx_word' id='word_1_285' title='bbox 262 2973 386 3026; x_wconf 77' lang='lat' dir='ltr'><strong>oderant.</strong></span> <span class='ocrx_word' id='word_1_286' title='bbox 1214 2986 1224 3005; x_wconf 85' lang='lat'><em>⁰</em></span> 
     </span>
     <span class='ocr_line' id='line_1_31' title="bbox 200 2992 1489 3119; baseline -0.003 -17"><span class='ocrx_word' id='word_1_287' title='bbox 200 2992 216 3044; x_wconf 71' lang='lat' dir='ltr'>P</span> <span class='ocrx_word' id='word_1_288' title='bbox 262 3047 332 3102; x_wconf 86' lang='lat' dir='ltr'><strong>Ibid.</strong></span> <span class='ocrx_word' id='word_1_289' title='bbox 344 3048 469 3118; x_wconf 68' lang='lat' dir='ltr'><strong>fovente</strong></span> <span class='ocrx_word' id='word_1_290' title='bbox 488 3051 572 3098; x_wconf 86' lang='lat' dir='ltr'><strong>stiam</strong></span> <span class='ocrx_word' id='word_1_291' title='bbox 588 3049 701 3118; x_wconf 81' lang='lat' dir='ltr'><strong>poprelo]</strong></span> <span class='ocrx_word' id='word_1_292' title='bbox 724 3048 769 3100; x_wconf 85' lang='lat' dir='ltr'><strong>Sic</strong></span> <span class='ocrx_word' id='word_1_293' title='bbox 782 3053 889 3119; x_wconf 85' lang='lat' dir='ltr'><strong>scripsi.</strong></span> <span class='ocrx_word' id='word_1_294' title='bbox 904 3075 940 3089; x_wconf 92' lang='lat'><em>-</em></span> <span class='ocrx_word' id='word_1_295' title='bbox 952 3056 1046 3099; x_wconf 83' lang='lat' dir='ltr'><strong>tamen</strong></span> <span class='ocrx_word' id='word_1_296' title='bbox 1063 3052 1147 3099; x_wconf 84' lang='lat' dir='ltr'><strong>etiam</strong></span> <span class='ocrx_word' id='word_1_297' title='bbox 1156 3048 1257 3117; x_wconf 82' lang='lat' dir='ltr'><strong>populo</strong></span> <span class='ocrx_word' id='word_1_298' title='bbox 1273 3048 1364 3099; x_wconf 86' lang='lat' dir='ltr'><strong>Princ.</strong></span> <span class='ocrx_word' id='word_1_299' title='bbox 1381 3074 1418 3088; x_wconf 89' lang='lat'><em>—</em></span> <span class='ocrx_word' id='word_1_300' title='bbox 1432 3055 1489 3098; x_wconf 83' lang='lat' dir='ltr'><strong>tum</strong></span> 
     </span>
     <span class='ocr_line' id='line_1_32' title="bbox 188 3119 1486 3195; baseline 0.001 -23"><span class='ocrx_word' id='word_1_301' title='bbox 188 3127 271 3172; x_wconf 85' lang='lat' dir='ltr'><strong>etiam</strong></span> <span class='ocrx_word' id='word_1_302' title='bbox 286 3124 388 3193; x_wconf 78' lang='lat' dir='ltr'><strong>popaetlo</strong></span> <span class='ocrx_word' id='word_1_303' title='bbox 408 3122 512 3175; x_wconf 83' lang='lat' dir='ltr'><strong>Berald.</strong></span> <span class='ocrx_word' id='word_1_304' title='bbox 540 3121 601 3175; x_wconf 82' lang='lat' dir='ltr'><strong>sid.</strong></span> <span class='ocrx_word' id='word_1_305' title='bbox 622 3121 686 3173; x_wconf 76' lang='lat' dir='ltr'><strong>Lod.</strong></span> <span class='ocrx_word' id='word_1_306' title='bbox 715 3122 756 3195; x_wconf 87' lang='lat' dir='ltr'><strong>(in</strong></span> <span class='ocrx_word' id='word_1_307' title='bbox 775 3127 915 3190; x_wconf 77' lang='lat' dir='ltr'><strong>contextu)</strong></span> <span class='ocrx_word' id='word_1_308' title='bbox 936 3122 1021 3194; x_wconf 82' lang='lat' dir='ltr'><strong>Lugd.</strong></span> <span class='ocrx_word' id='word_1_309' title='bbox 1051 3150 1087 3165; x_wconf 90' lang='lat'>-</span> <span class='ocrx_word' id='word_1_310' title='bbox 1115 3127 1275 3173; x_wconf 80' lang='lat' dir='ltr'><strong>tumetium</strong></span> <span class='ocrx_word' id='word_1_311' title='bbox 1298 3123 1394 3192; x_wconf 78' lang='lat' dir='ltr'><strong>populi</strong></span> <span class='ocrx_word' id='word_1_312' title='bbox 1419 3119 1486 3173; x_wconf 81' lang='lat' dir='ltr'><strong>Lod.</strong></span> 
     </span>
     <span class='ocr_line' id='line_1_33' title="bbox 188 3196 656 3269; baseline 0 -21"><span class='ocrx_word' id='word_1_313' title='bbox 188 3201 228 3264; x_wconf 91' lang='lat' dir='ltr'><strong>(in</strong></span> <span class='ocrx_word' id='word_1_314' title='bbox 249 3196 376 3269; x_wconf 75' lang='lat' dir='ltr'><strong>praelat.)</strong></span> <span class='ocrx_word' id='word_1_315' title='bbox 396 3198 460 3250; x_wconf 81' lang='lat' dir='ltr'><strong>tior.</strong></span> <span class='ocrx_word' id='word_1_316' title='bbox 479 3199 555 3251; x_wconf 79' lang='lat' dir='ltr'><strong>Men.</strong></span> <span class='ocrx_word' id='word_1_317' title='bbox 575 3198 656 3249; x_wconf 87' lang='lat' dir='ltr'><strong>Cren.</strong></span> 
     </span>
    </p>

    <p class='ocr_par' dir='ltr' id='par_1_9' title="bbox 187 3270 1492 3474">
     <span class='ocr_line' id='line_1_34' title="bbox 262 3270 1492 3343; baseline -0.002 -20"><span class='ocrx_word' id='word_1_318' title='bbox 262 3282 306 3329; x_wconf 76' lang='lat'><strong>10.</strong></span> <span class='ocrx_word' id='word_1_319' title='bbox 325 3272 524 3343; x_wconf 70' lang='lat' dir='ltr'><strong>impetumque]</strong></span> <span class='ocrx_word' id='word_1_320' title='bbox 551 3271 700 3342; x_wconf 78' lang='lat' dir='ltr'><strong>Legebstur</strong></span> <span class='ocrx_word' id='word_1_321' title='bbox 719 3276 856 3341; x_wconf 76' lang='lat' dir='ltr'><strong>tmpemas</strong></span> <span class='ocrx_word' id='word_1_322' title='bbox 874 3289 984 3341; x_wconf 81' lang='lat' dir='ltr'><strong>qnoque.</strong></span> <span class='ocrx_word' id='word_1_323' title='bbox 1021 3270 1188 3326; x_wconf 71' lang='lat' dir='ltr'><strong>Peniculum</strong></span> <span class='ocrx_word' id='word_1_324' title='bbox 1208 3287 1308 3339; x_wconf 81' lang='lat' dir='ltr'><strong>quoque</strong></span> <span class='ocrx_word' id='word_1_325' title='bbox 1328 3275 1492 3342; x_wconf 78' lang='lat' dir='ltr'><strong>permutavi·</strong></span> 
     </span>
     <span class='ocr_line' id='line_1_35' title="bbox 187 3345 1491 3417; baseline -0.001 -18"><span class='ocrx_word' id='word_1_326' title='bbox 187 3363 246 3399; x_wconf 88' lang='lat' dir='ltr'><strong>mus</strong></span> <span class='ocrx_word' id='word_1_327' title='bbox 267 3362 329 3398; x_wconf 86' lang='lat' dir='ltr'><strong>curn</strong></span> <span class='ocrx_word' id='word_1_328' title='bbox 349 3363 397 3410; x_wconf 85' lang='lat' dir='ltr'><strong>ea,</strong></span> <span class='ocrx_word' id='word_1_329' title='bbox 426 3363 493 3417; x_wconf 87' lang='lat' dir='ltr'><strong>qnae</strong></span> <span class='ocrx_word' id='word_1_330' title='bbox 514 3348 577 3398; x_wconf 88' lang='lat' dir='ltr'><strong>hnic</strong></span> <span class='ocrx_word' id='word_1_331' title='bbox 598 3345 659 3398; x_wconf 89' lang='lat' dir='ltr'><strong>loco</strong></span> <span class='ocrx_word' id='word_1_332' title='bbox 680 3351 767 3415; x_wconf 76' lang='lat' dir='ltr'><strong>aptior</strong></span> <span class='ocrx_word' id='word_1_333' title='bbox 788 3345 935 3398; x_wconf 80' lang='lat' dir='ltr'><strong>videbatur.</strong></span> <span class='ocrx_word' id='word_1_334' title='bbox 983 3347 1131 3416; x_wconf 76' lang='lat' dir='ltr'><strong>Utramque</strong></span> <span class='ocrx_word' id='word_1_335' title='bbox 1159 3345 1312 3399; x_wconf 81' lang='lat' dir='ltr'><strong>sltbrsriis</strong></span> <span class='ocrx_word' id='word_1_336' title='bbox 1332 3349 1491 3416; x_wconf 78' lang='lat' dir='ltr'><strong>saepissime</strong></span> 
     </span>
     <span class='ocr_line' id='line_1_36' title="bbox 187 3418 1479 3474; baseline -0.004 0"><span class='ocrx_word' id='word_1_337' title='bbox 187 3438 245 3474; x_wconf 85' lang='lat' dir='ltr'><strong>esse</strong></span> <span class='ocrx_word' id='word_1_338' title='bbox 263 3418 404 3473; x_wconf 78' lang='lat' dir='ltr'><strong>contusam</strong></span> <span class='ocrx_word' id='word_1_339' title='bbox 427 3426 493 3473; x_wconf 82' lang='lat' dir='ltr'><strong>satis</strong></span> <span class='ocrx_word' id='word_1_340' title='bbox 513 3437 609 3472; x_wconf 86' lang='lat' dir='ltr'><strong>notum</strong></span> <span class='ocrx_word' id='word_1_341' title='bbox 629 3436 678 3473; x_wconf 86' lang='lat' dir='ltr'><strong>est.</strong></span> <span class='ocrx_word' id='word_1_342' title='bbox 1477 3453 1479 3457; x_wconf 32' lang='grc' dir='ltr'><em>ψ</em></span> 
     </span>
    </p>

    <p class='ocr_par' dir='ltr' id='par_1_10' title="bbox 185 3491 1491 3716">
     <span class='ocr_line' id='line_1_37' title="bbox 261 3491 1491 3568; baseline 0 -21"><span class='ocrx_word' id='word_1_343' title='bbox 261 3503 307 3553; x_wconf 79' lang='grc'><strong>11.</strong></span> <span class='ocrx_word' id='word_1_344' title='bbox 323 3495 454 3566; x_wconf 82' lang='lat' dir='ltr'><strong>praedia]</strong></span> <span class='ocrx_word' id='word_1_345' title='bbox 487 3497 576 3548; x_wconf 81' lang='lat' dir='ltr'><strong>Princ.</strong></span> <span class='ocrx_word' id='word_1_346' title='bbox 598 3495 718 3568; x_wconf 76' lang='lat' dir='ltr'><strong>(predia)</strong></span> <span class='ocrx_word' id='word_1_347' title='bbox 733 3493 839 3548; x_wconf 79' lang='lat' dir='ltr'><strong>Beseld.</strong></span> <span class='ocrx_word' id='word_1_348' title='bbox 853 3492 938 3565; x_wconf 69' lang='lat' dir='ltr'><strong>Lugd.</strong></span> <span class='ocrx_word' id='word_1_349' title='bbox 950 3522 987 3535; x_wconf 92' lang='lat'><em>-</em></span> <span class='ocrx_word' id='word_1_350' title='bbox 996 3498 1168 3564; x_wconf 82' lang='lat' dir='ltr'><strong>patrimonia</strong></span> <span class='ocrx_word' id='word_1_351' title='bbox 1180 3493 1239 3548; x_wconf 76' lang='grc' dir='ltr'><strong>ΔΜ.</strong></span> <span class='ocrx_word' id='word_1_352' title='bbox 1254 3491 1318 3544; x_wconf 86' lang='lat' dir='ltr'><strong>Lod.</strong></span> <span class='ocrx_word' id='word_1_353' title='bbox 1333 3493 1398 3545; x_wconf 84' lang='lat' dir='ltr'><strong>Hot.</strong></span> <span class='ocrx_word' id='word_1_354' title='bbox 1411 3493 1491 3547; x_wconf 72' lang='lat' dir='ltr'><strong>Men.</strong></span> 
     </span>
     <span class='ocr_line' id='line_1_38' title="bbox 186 3567 1487 3640; baseline 0 -17"><span class='ocrx_word' id='word_1_355' title='bbox 186 3571 266 3623; x_wconf 87' lang='lat' dir='ltr'><strong>Cren.</strong></span> <span class='ocrx_word' id='word_1_356' title='bbox 300 3573 340 3624; x_wconf 80' lang='lat' dir='ltr'><strong>Ac</strong></span> <span class='ocrx_word' id='word_1_357' title='bbox 366 3572 463 3623; x_wconf 83' lang='lat' dir='ltr'><strong>Cicero</strong></span> <span class='ocrx_word' id='word_1_358' title='bbox 488 3569 596 3640; x_wconf 87' lang='lat' dir='ltr'><strong>quidem</strong></span> <span class='ocrx_word' id='word_1_359' title='bbox 624 3577 659 3637; x_wconf 81' lang='lat' dir='ltr'><strong>(c.</strong></span> <span class='ocrx_word' id='word_1_360' title='bbox 681 3576 723 3630; x_wconf 77' lang='lat'><strong>35.</strong></span> <span class='ocrx_word' id='word_1_361' title='bbox 745 3571 767 3636; x_wconf 68' lang='lat' dir='ltr'><strong>I·</strong></span> <span class='ocrx_word' id='word_1_362' title='bbox 794 3572 854 3634; x_wconf 85' lang='lat'><strong>95.)</strong></span> <span class='ocrx_word' id='word_1_363' title='bbox 883 3587 911 3620; x_wconf 90' lang='lat' dir='ltr'><strong>re</strong></span> <span class='ocrx_word' id='word_1_364' title='bbox 934 3584 994 3620; x_wconf 80' lang='lat' dir='ltr'><strong>vere</strong></span> <span class='ocrx_word' id='word_1_365' title='bbox 1015 3586 1078 3620; x_wconf 86' lang='lat' dir='ltr'><strong>usus</strong></span> <span class='ocrx_word' id='word_1_366' title='bbox 1098 3586 1138 3622; x_wconf 85' lang='lat' dir='ltr'><strong>est</strong></span> <span class='ocrx_word' id='word_1_367' title='bbox 1158 3567 1288 3622; x_wconf 86' lang='lat' dir='ltr'><strong>vocabulo</strong></span> <span class='ocrx_word' id='word_1_368' title='bbox 1304 3573 1487 3637; x_wconf 80' lang='lat' dir='ltr'><strong>patrimonia.</strong></span> 
     </span>
     <span class='ocr_line' id='line_1_39' title="bbox 185 3643 1126 3716; baseline -0.001 -19"><span class='ocrx_word' id='word_1_369' title='bbox 185 3647 258 3698; x_wconf 83' lang='lat' dir='ltr'><strong>Ferri</strong></span> <span class='ocrx_word' id='word_1_370' title='bbox 279 3661 369 3698; x_wconf 78' lang='lat' dir='ltr'><strong>tamen</strong></span> <span class='ocrx_word' id='word_1_371' title='bbox 388 3645 459 3716; x_wconf 81' lang='lat' dir='ltr'><strong>spnd</strong></span> <span class='ocrx_word' id='word_1_372' title='bbox 479 3647 627 3697; x_wconf 55' lang='lat' dir='ltr'><strong>neonium</strong></span> <span class='ocrx_word' id='word_1_373' title='bbox 647 3644 763 3696; x_wconf 76' lang='lat' dir='ltr'><strong>alterurn</strong></span> <span class='ocrx_word' id='word_1_374' title='bbox 783 3643 894 3696; x_wconf 87' lang='lat' dir='ltr'><strong>verbum</strong></span> <span class='ocrx_word' id='word_1_375' title='bbox 915 3660 992 3714; x_wconf 85' lang='lat' dir='ltr'><strong>posse</strong></span> <span class='ocrx_word' id='word_1_376' title='bbox 1012 3643 1126 3696; x_wconf 85' lang='lat' dir='ltr'><strong>videtur.</strong></span> 
     </span>
    </p>

    <p class='ocr_par' dir='ltr' id='par_1_11' title="bbox 185 3717 1492 3867">
     <span class='ocr_line' id='line_1_40' title="bbox 261 3717 1492 3790; baseline -0.002 -19"><span class='ocrx_word' id='word_1_377' title='bbox 261 3719 332 3773; x_wconf 86' lang='lat' dir='ltr'><strong>Ibid.</strong></span> <span class='ocrx_word' id='word_1_378' title='bbox 351 3725 545 3790; x_wconf 80' lang='lat' dir='ltr'><strong>competitores</strong></span> <span class='ocrx_word' id='word_1_379' title='bbox 563 3724 631 3787; x_wconf 85' lang='lat' dir='ltr'><strong>eins]</strong></span> <span class='ocrx_word' id='word_1_380' title='bbox 651 3722 844 3780; x_wconf 82' lang='lat' dir='ltr'><strong>competitores</strong></span> <span class='ocrx_word' id='word_1_381' title='bbox 861 3737 930 3769; x_wconf 81' lang='lat' dir='ltr'><strong>vero</strong></span> <span class='ocrx_word' id='word_1_382' title='bbox 949 3722 1009 3768; x_wconf 82' lang='lat' dir='ltr'><strong>eires</strong></span> <span class='ocrx_word' id='word_1_383' title='bbox 1027 3717 1090 3771; x_wconf 84' lang='lat' dir='ltr'><strong>Hor.</strong></span> <span class='ocrx_word' id='word_1_384' title='bbox 1111 3719 1192 3770; x_wconf 70' lang='lat' dir='ltr'><strong>Cren.</strong></span> <span class='ocrx_word' id='word_1_385' title='bbox 1208 3745 1240 3758; x_wconf 93' lang='lat'>-</span> <span class='ocrx_word' id='word_1_386' title='bbox 1257 3719 1354 3773; x_wconf 76' lang='lat' dir='ltr'><strong>Melini</strong></span> <span class='ocrx_word' id='word_1_387' title='bbox 1368 3726 1400 3770; x_wconf 87' lang='lat' dir='ltr'><strong>at</strong></span> <span class='ocrx_word' id='word_1_388' title='bbox 1412 3734 1492 3769; x_wconf 83' lang='lat' dir='ltr'><strong>eom-</strong></span> 
     </span>
     <span class='ocr_line' id='line_1_41' title="bbox 185 3791 1187 3867; baseline -0.002 -22"><span class='ocrx_word' id='word_1_389' title='bbox 185 3800 320 3863; x_wconf 81' lang='lat' dir='ltr'><strong>petitores</strong></span> <span class='ocrx_word' id='word_1_390' title='bbox 340 3801 413 3859; x_wconf 86' lang='lat' dir='ltr'><strong>eins,</strong></span> <span class='ocrx_word' id='word_1_391' title='bbox 434 3799 549 3866; x_wconf 78' lang='lat' dir='ltr'><strong>repetitu</strong></span> <span class='ocrx_word' id='word_1_392' title='bbox 570 3792 754 3867; x_wconf 79' lang='lat' dir='ltr'><strong>praecedentis</strong></span> <span class='ocrx_word' id='word_1_393' title='bbox 776 3792 899 3845; x_wconf 78' lang='lat' dir='ltr'><strong>vocabuli</strong></span> <span class='ocrx_word' id='word_1_394' title='bbox 920 3808 1056 3865; x_wconf 79' lang='lat' dir='ltr'><strong>postremo</strong></span> <span class='ocrx_word' id='word_1_395' title='bbox 1076 3791 1187 3866; x_wconf 78' lang='lat' dir='ltr'><strong>syllaba.</strong></span> 
     </span>
    </p>

    <p class='ocr_par' dir='ltr' id='par_1_12' title="bbox 185 3863 1492 4165">
     <span class='ocr_line' id='line_1_42' title="bbox 259 3863 1492 3941; baseline -0.006 -18"><span class='ocrx_word' id='word_1_396' title='bbox 259 3874 303 3927; x_wconf 84' lang='lat'><strong>12.</strong></span> <span class='ocrx_word' id='word_1_397' title='bbox 323 3869 356 3921; x_wconf 89' lang='grc' dir='ltr'><strong>Τ.</strong></span> <span class='ocrx_word' id='word_1_398' title='bbox 375 3869 536 3939; x_wconf 61' lang='lat' dir='ltr'><strong>Mimanta]</strong></span> <span class='ocrx_word' id='word_1_399' title='bbox 573 3867 656 3941; x_wconf 74' lang='lat' dir='ltr'><strong>Lngd.</strong></span> <span class='ocrx_word' id='word_1_400' title='bbox 683 3868 746 3920; x_wconf 89' lang='lat' dir='ltr'><strong>Hot.</strong></span> <span class='ocrx_word' id='word_1_401' title='bbox 774 3867 852 3919; x_wconf 80' lang='lat' dir='ltr'><strong>Man.</strong></span> <span class='ocrx_word' id='word_1_402' title='bbox 883 3869 962 3921; x_wconf 88' lang='lat' dir='ltr'><strong>Cren.</strong></span> <span class='ocrx_word' id='word_1_403' title='bbox 981 3893 1016 3908; x_wconf 93' lang='lat'>-</span> <span class='ocrx_word' id='word_1_404' title='bbox 1035 3866 1066 3921; x_wconf 78' lang='lat' dir='ltr'><strong>L.</strong></span> <span class='ocrx_word' id='word_1_405' title='bbox 1094 3869 1244 3919; x_wconf 76' lang='lat' dir='ltr'><strong>Nrnnatins</strong></span> <span class='ocrx_word' id='word_1_406' title='bbox 1262 3868 1354 3919; x_wconf 89' lang='lat' dir='ltr'><strong>Prine.</strong></span> <span class='ocrx_word' id='word_1_407' title='bbox 1374 3863 1434 3918; x_wconf 74' lang='lat' dir='ltr'><strong>nid.</strong></span> <span class='ocrx_word' id='word_1_408' title='bbox 1454 3894 1492 3905; x_wconf 93' lang='lat'><em>-</em></span> 
     </span>
     <span class='ocr_line' id='line_1_43' title="bbox 186 3938 1492 4013; baseline -0.005 -18"><span class='ocrx_word' id='word_1_409' title='bbox 186 3943 275 3995; x_wconf 82' lang='lat' dir='ltr'><strong>Lelt&#39;ns</strong></span> <span class='ocrx_word' id='word_1_410' title='bbox 294 3948 445 3998; x_wconf 85' lang='lat' dir='ltr'><strong>Numatins</strong></span> <span class='ocrx_word' id='word_1_411' title='bbox 464 3942 573 3998; x_wconf 81' lang='lat' dir='ltr'><strong>Beruld.</strong></span> <span class='ocrx_word' id='word_1_412' title='bbox 594 3969 628 3984; x_wconf 91' lang='lat'><strong>·-</strong></span> <span class='ocrx_word' id='word_1_413' title='bbox 647 3942 746 3996; x_wconf 68' lang='lat' dir='ltr'><strong>brem</strong></span> <span class='ocrx_word' id='word_1_414' title='bbox 766 3942 915 3993; x_wconf 82' lang='lat' dir='ltr'><strong>Nrtmatins</strong></span> <span class='ocrx_word' id='word_1_415' title='bbox 932 3940 1002 3995; x_wconf 83' lang='lat' dir='ltr'><strong>Lod.</strong></span> <span class='ocrx_word' id='word_1_416' title='bbox 1025 3968 1059 3982; x_wconf 93' lang='lat'><em>-</em></span> <span class='ocrx_word' id='word_1_417' title='bbox 1079 3943 1158 4011; x_wconf 81' lang='lat' dir='ltr'><strong>„Cur</strong></span> <span class='ocrx_word' id='word_1_418' title='bbox 1177 3946 1345 4013; x_wconf 82' lang='lat' dir='ltr'><strong>reposuerim</strong></span> <span class='ocrx_word' id='word_1_419' title='bbox 1366 3938 1399 3991; x_wconf 84' lang='lat' dir='ltr'><strong>T.</strong></span> <span class='ocrx_word' id='word_1_420' title='bbox 1419 3939 1492 3990; x_wconf 86' lang='lat' dir='ltr'><strong>Mu-</strong></span> 
     </span>
     <span class='ocr_line' id='line_1_44' title="bbox 185 4014 1491 4093; baseline -0.002 -25"><span class='ocrx_word' id='word_1_421' title='bbox 185 4023 295 4082; x_wconf 84' lang='lat' dir='ltr'><strong>natius,</strong></span> <span class='ocrx_word' id='word_1_422' title='bbox 317 4035 422 4072; x_wconf 77' lang='lat' dir='ltr'><strong>murato</strong></span> <span class='ocrx_word' id='word_1_423' title='bbox 442 4034 468 4071; x_wconf 83' lang='lat' dir='ltr'><strong>et</strong></span> <span class='ocrx_word' id='word_1_424' title='bbox 489 4023 662 4093; x_wconf 82' lang='lat' dir='ltr'><strong>praenomine</strong></span> <span class='ocrx_word' id='word_1_425' title='bbox 682 4033 709 4070; x_wconf 89' lang='lat' dir='ltr'><strong>et</strong></span> <span class='ocrx_word' id='word_1_426' title='bbox 729 4022 860 4076; x_wconf 78' lang='lat' dir='ltr'><strong>nomine.</strong></span> <span class='ocrx_word' id='word_1_427' title='bbox 881 4033 965 4088; x_wconf 88' lang='lat' dir='ltr'><strong>prope</strong></span> <span class='ocrx_word' id='word_1_428' title='bbox 986 4022 1077 4070; x_wconf 83' lang='lat' dir='ltr'><strong>notius</strong></span> <span class='ocrx_word' id='word_1_429' title='bbox 1097 4032 1154 4082; x_wconf 85' lang='lat' dir='ltr'><strong>est,</strong></span> <span class='ocrx_word' id='word_1_430' title='bbox 1173 4031 1252 4085; x_wconf 82' lang='lat' dir='ltr'><strong>quem</strong></span> <span class='ocrx_word' id='word_1_431' title='bbox 1267 4032 1297 4069; x_wconf 85' lang='lat' dir='ltr'><strong>ut</strong></span> <span class='ocrx_word' id='word_1_432' title='bbox 1310 4014 1491 4068; x_wconf 80' lang='lat' dir='ltr'><strong>indicendum</strong></span> 
     </span>
     <span class='ocr_line' id='line_1_45' title="bbox 185 4089 1266 4165; baseline -0.002 -21"><span class='ocrx_word' id='word_1_433' title='bbox 185 4092 333 4147; x_wconf 52' lang='lat' dir='ltr'><strong>videntur?</strong></span> <span class='ocrx_word' id='word_1_434' title='bbox 354 4092 495 4147; x_wconf 73' lang='lat' dir='ltr'><strong>minut.</strong></span> <span class='ocrx_word' id='word_1_435' title='bbox 516 4098 544 4146; x_wconf 91' lang='lat' dir='ltr'><strong>in</strong></span> <span class='ocrx_word' id='word_1_436' title='bbox 565 4089 651 4165; x_wconf 73' lang='lat' dir='ltr'><strong>Lupd.</strong></span> <span class='ocrx_word' id='word_1_437' title='bbox 849 4091 894 4148; x_wconf 73' lang='lat' dir='ltr'><strong>td.</strong></span> <span class='ocrx_word' id='word_1_438' title='bbox 914 4095 1010 4158; x_wconf 83' lang='lat' dir='ltr'><strong>moris]</strong></span> <span class='ocrx_word' id='word_1_439' title='bbox 1031 4096 1156 4144; x_wconf 81' lang='lat' dir='ltr'><strong>oratoris</strong></span> <span class='ocrx_word' id='word_1_440' title='bbox 1175 4092 1266 4145; x_wconf 87' lang='lat' dir='ltr'><strong>Prino.</strong></span> 
     </span>
    </p>

    <p class='ocr_par' dir='ltr' id='par_1_13' title="bbox 260 4166 1021 4239">
     <span class='ocr_line' id='line_1_46' title="bbox 260 4166 1021 4239; baseline -0.001 -20"><span class='ocrx_word' id='word_1_441' title='bbox 260 4172 304 4226; x_wconf 77' lang='lat'><strong>15.</strong></span> <span class='ocrx_word' id='word_1_442' title='bbox 325 4187 354 4225; x_wconf 82' lang='lat' dir='ltr'><strong>a.</strong></span> <span class='ocrx_word' id='word_1_443' title='bbox 372 4169 411 4236; x_wconf 69' lang='lat' dir='ltr'><strong>at]</strong></span> <span class='ocrx_word' id='word_1_444' title='bbox 435 4171 574 4221; x_wconf 81' lang='lat' dir='ltr'><strong>Graevius.</strong></span> <span class='ocrx_word' id='word_1_445' title='bbox 593 4194 629 4207; x_wconf 93' lang='grc'><strong>-</strong></span> <span class='ocrx_word' id='word_1_446' title='bbox 648 4166 687 4218; x_wconf 84' lang='lat' dir='ltr'><strong>ad</strong></span> <span class='ocrx_word' id='word_1_447' title='bbox 704 4170 818 4239; x_wconf 89' lang='lat' dir='ltr'><strong>priores.</strong></span> <span class='ocrx_word' id='word_1_448' title='bbox 855 4167 901 4222; x_wconf 83' lang='lat' dir='ltr'><strong>Sic</strong></span> <span class='ocrx_word' id='word_1_449' title='bbox 919 4171 1021 4218; x_wconf 83' lang='lat' dir='ltr'><strong>stetim.</strong></span> 
     </span>
    </p>

    <p class='ocr_par' dir='ltr' id='par_1_14' title="bbox 186 4237 1490 4390">
     <span class='ocr_line' id='line_1_47' title="bbox 260 4237 1490 4314; baseline -0.005 -18"><span class='ocrx_word' id='word_1_450' title='bbox 260 4241 329 4297; x_wconf 85' lang='lat' dir='ltr'><strong>Ibid.</strong></span> <span class='ocrx_word' id='word_1_451' title='bbox 351 4243 430 4298; x_wconf 76' lang='lat' dir='ltr'><strong>titii.</strong></span> <span class='ocrx_word' id='word_1_452' title='bbox 450 4243 514 4295; x_wconf 84' lang='lat' dir='ltr'><strong>Kal.</strong></span> <span class='ocrx_word' id='word_1_453' title='bbox 534 4241 625 4314; x_wconf 58' lang='lat' dir='ltr'><strong>Febr]</strong></span> <span class='ocrx_word' id='word_1_454' title='bbox 663 4242 727 4294; x_wconf 85' lang='lat' dir='ltr'><strong>Hot.</strong></span> <span class='ocrx_word' id='word_1_455' title='bbox 746 4241 826 4295; x_wconf 89' lang='lat' dir='ltr'><strong>Cren.</strong></span> <span class='ocrx_word' id='word_1_456' title='bbox 852 4239 1041 4294; x_wconf 79' lang='lat' dir='ltr'><strong>-111.1iat.</strong></span> <span class='ocrx_word' id='word_1_457' title='bbox 1061 4241 1140 4293; x_wconf 86' lang='lat' dir='ltr'><strong>Febr.</strong></span> <span class='ocrx_word' id='word_1_458' title='bbox 1160 4245 1278 4311; x_wconf 78' lang='lat' dir='ltr'><strong>priores3</strong></span> <span class='ocrx_word' id='word_1_459' title='bbox 1304 4237 1384 4291; x_wconf 79' lang='lat' dir='ltr'><strong>mule.</strong></span> <span class='ocrx_word' id='word_1_460' title='bbox 1421 4237 1490 4292; x_wconf 89' lang='lat' dir='ltr'><strong>Vide</strong></span> 
     </span>
     <span class='ocr_line' id='line_1_48' title="bbox 186 4314 1213 4390; baseline 0.003 -22"><span class='ocrx_word' id='word_1_461' title='bbox 186 4322 271 4390; x_wconf 87' lang='lat' dir='ltr'><strong>ipsius</strong></span> <span class='ocrx_word' id='word_1_462' title='bbox 298 4317 439 4372; x_wconf 81' lang='lat' dir='ltr'><strong>Ciceronis</strong></span> <span class='ocrx_word' id='word_1_463' title='bbox 459 4317 591 4371; x_wconf 76' lang='lat' dir='ltr'><strong>verbex.</strong></span> <span class='ocrx_word' id='word_1_464' title='bbox 617 4321 662 4372; x_wconf 81' lang='lat'><strong>27.</strong></span> <span class='ocrx_word' id='word_1_465' title='bbox 850 4319 895 4372; x_wconf 82' lang='lat'><strong>15.</strong></span> <span class='ocrx_word' id='word_1_466' title='bbox 915 4319 1026 4382; x_wconf 78' lang='lat' dir='ltr'><strong>etenim]</strong></span> <span class='ocrx_word' id='word_1_467' title='bbox 1047 4321 1117 4367; x_wconf 81' lang='lat' dir='ltr'><strong>enim</strong></span> <span class='ocrx_word' id='word_1_468' title='bbox 1137 4314 1213 4368; x_wconf 72' lang='lat' dir='ltr'><strong>Man.</strong></span> 
     </span>
    </p>

    <p class='ocr_par' dir='ltr' id='par_1_15' title="bbox 186 4389 1491 4540">
     <span class='ocr_line' id='line_1_49' title="bbox 261 4389 1491 4461; baseline -0.007 -13"><span class='ocrx_word' id='word_1_469' title='bbox 261 4400 304 4448; x_wconf 79' lang='lat'><strong>17.</strong></span> <span class='ocrx_word' id='word_1_470' title='bbox 323 4392 418 4449; x_wconf 81' lang='lat' dir='ltr'><strong>IIIIlI.</strong></span> <span class='ocrx_word' id='word_1_471' title='bbox 437 4394 500 4445; x_wconf 84' lang='lat' dir='ltr'><strong>Kal.</strong></span> <span class='ocrx_word' id='word_1_472' title='bbox 520 4392 615 4461; x_wconf 61' lang='lat' dir='ltr'><strong>Febr]</strong></span> <span class='ocrx_word' id='word_1_473' title='bbox 636 4391 694 4443; x_wconf 91' lang='lat'><em>1111</em></span> <span class='ocrx_word' id='word_1_474' title='bbox 712 4391 776 4445; x_wconf 83' lang='lat' dir='ltr'><strong>Kal.</strong></span> <span class='ocrx_word' id='word_1_475' title='bbox 795 4389 873 4443; x_wconf 82' lang='lat' dir='ltr'><strong>Febr.</strong></span> <span class='ocrx_word' id='word_1_476' title='bbox 893 4389 955 4442; x_wconf 77' lang='grc' dir='ltr'><strong>ΔΜ.</strong></span> <span class='ocrx_word' id='word_1_477' title='bbox 973 4391 1038 4443; x_wconf 84' lang='lat' dir='ltr'><strong>Lod.</strong></span> <span class='ocrx_word' id='word_1_478' title='bbox 1055 4394 1130 4445; x_wconf 75' lang='lat' dir='ltr'><strong>Men.</strong></span> <span class='ocrx_word' id='word_1_479' title='bbox 1151 4405 1218 4442; x_wconf 77' lang='lat' dir='ltr'><strong>sano</strong></span> <span class='ocrx_word' id='word_1_480' title='bbox 1239 4405 1353 4440; x_wconf 84' lang='lat' dir='ltr'><strong>numero</strong></span> <span class='ocrx_word' id='word_1_481' title='bbox 1372 4402 1491 4456; x_wconf 76' lang='lat' dir='ltr'><strong>ruutsto,</strong></span> 
     </span>
     <span class='ocr_line' id='line_1_50' title="bbox 186 4466 708 4540; baseline -0.002 -22"><span class='ocrx_word' id='word_1_482' title='bbox 186 4466 333 4531; x_wconf 85' lang='lat' dir='ltr'><strong>mendoso,</strong></span> <span class='ocrx_word' id='word_1_483' title='bbox 354 4471 399 4538; x_wconf 85' lang='lat' dir='ltr'><strong>qui</strong></span> <span class='ocrx_word' id='word_1_484' title='bbox 420 4471 582 4540; x_wconf 78' lang='lat' dir='ltr'><strong>praecessit,</strong></span> <span class='ocrx_word' id='word_1_485' title='bbox 601 4466 708 4518; x_wconf 86' lang='lat' dir='ltr'><strong>relicto.</strong></span> 
     </span>
    </p>

    <p class='ocr_par' dir='ltr' id='par_1_16' title="bbox 260 4536 1041 4609">
     <span class='ocr_line' id='line_1_51' title="bbox 260 4536 1041 4609; baseline -0.003 -16"><span class='ocrx_word' id='word_1_486' title='bbox 260 4541 330 4595; x_wconf 87' lang='lat' dir='ltr'><strong>Ibid.</strong></span> <span class='ocrx_word' id='word_1_487' title='bbox 349 4543 514 4609; x_wconf 67' lang='lat' dir='ltr'><strong>Matinium]</strong></span> <span class='ocrx_word' id='word_1_488' title='bbox 545 4541 698 4593; x_wconf 80' lang='lat' dir='ltr'><strong>Lamevinm</strong></span> <span class='ocrx_word' id='word_1_489' title='bbox 716 4540 765 4590; x_wconf 84' lang='lat' dir='ltr'><strong>vel</strong></span> <span class='ocrx_word' id='word_1_490' title='bbox 780 4539 915 4591; x_wconf 82' lang='lat' dir='ltr'><strong>lavinium</strong></span> <span class='ocrx_word' id='word_1_491' title='bbox 934 4536 1041 4591; x_wconf 74' lang='lat' dir='ltr'><strong>Bersld.</strong></span> 
     </span>
    </p>

    <p class='ocr_par' dir='ltr' id='par_1_17' title="bbox 258 4615 618 4683">
     <span class='ocr_line' id='line_1_52' title="bbox 258 4615 618 4683; baseline 0 -16"><span class='ocrx_word' id='word_1_492' title='bbox 258 4615 328 4669; x_wconf 91' lang='lat' dir='ltr'><strong>Ibid.</strong></span> <span class='ocrx_word' id='word_1_493' title='bbox 349 4620 419 4683; x_wconf 85' lang='lat' dir='ltr'><strong>tum]</strong></span> <span class='ocrx_word' id='word_1_494' title='bbox 440 4615 618 4670; x_wconf 78' lang='lat' dir='ltr'><strong>om.1ieratd.</strong></span> 
     </span>
    </p>

    <p class='ocr_par' dir='ltr' id='par_1_18' title="bbox 187 4685 1488 4836">
     <span class='ocr_line' id='line_1_53' title="bbox 261 4685 1488 4762; baseline -0.003 -21"><span class='ocrx_word' id='word_1_495' title='bbox 261 4699 304 4751; x_wconf 73' lang='lat'><strong>18.</strong></span> <span class='ocrx_word' id='word_1_496' title='bbox 323 4691 457 4757; x_wconf 82' lang='lat' dir='ltr'><strong>dictator]</strong></span> <span class='ocrx_word' id='word_1_497' title='bbox 479 4691 711 4761; x_wconf 72' lang='lat' dir='ltr'><strong>,municipiorum</strong></span> <span class='ocrx_word' id='word_1_498' title='bbox 722 4693 895 4762; x_wconf 75' lang='lat' dir='ltr'><strong>magistratus</strong></span> <span class='ocrx_word' id='word_1_499' title='bbox 907 4687 1042 4740; x_wconf 88' lang='lat' dir='ltr'><strong>interdurn</strong></span> <span class='ocrx_word' id='word_1_500' title='bbox 1056 4685 1110 4738; x_wconf 90' lang='lat' dir='ltr'><strong>dno</strong></span> <span class='ocrx_word' id='word_1_501' title='bbox 1121 4701 1210 4751; x_wconf 82' lang='lat' dir='ltr'><strong>erant,</strong></span> <span class='ocrx_word' id='word_1_502' title='bbox 1222 4701 1252 4736; x_wconf 83' lang='lat' dir='ltr'><strong>nc</strong></span> <span class='ocrx_word' id='word_1_503' title='bbox 1267 4701 1324 4738; x_wconf 90' lang='lat' dir='ltr'><strong>tum</strong></span> <span class='ocrx_word' id='word_1_504' title='bbox 1336 4685 1488 4751; x_wconf 77' lang='lat' dir='ltr'><strong>deeremrn&#39;ri,</strong></span> 
     </span>
     <span class='ocr_line' id='line_1_54' title="bbox 187 4760 1488 4836; baseline -0.002 -19"><span class='ocrx_word' id='word_1_505' title='bbox 187 4764 323 4818; x_wconf 82' lang='lat' dir='ltr'><strong>interdum</strong></span> <span class='ocrx_word' id='word_1_506' title='bbox 340 4784 424 4836; x_wconf 90' lang='lat' dir='ltr'><strong>unus,</strong></span> <span class='ocrx_word' id='word_1_507' title='bbox 444 4783 475 4819; x_wconf 84' lang='lat' dir='ltr'><strong>ec</strong></span> <span class='ocrx_word' id='word_1_508' title='bbox 492 4783 550 4818; x_wconf 84' lang='lat' dir='ltr'><strong>tum</strong></span> <span class='ocrx_word' id='word_1_509' title='bbox 567 4764 611 4817; x_wconf 88' lang='lat' dir='ltr'><strong>ille</strong></span> <span class='ocrx_word' id='word_1_510' title='bbox 628 4764 762 4818; x_wconf 85' lang='lat' dir='ltr'><strong>interdum</strong></span> <span class='ocrx_word' id='word_1_511' title='bbox 776 4774 909 4833; x_wconf 81' lang='lat' dir='ltr'><strong>praetor,</strong></span> <span class='ocrx_word' id='word_1_512' title='bbox 921 4762 1055 4816; x_wconf 83' lang='lat' dir='ltr'><strong>interdurn</strong></span> <span class='ocrx_word' id='word_1_513' title='bbox 1073 4761 1194 4813; x_wconf 77' lang='lat' dir='ltr'><strong>dictator·</strong></span> <span class='ocrx_word' id='word_1_514' title='bbox 1211 4760 1378 4813; x_wconf 83' lang='lat' dir='ltr'><strong>dicebatur.&#39;&#39;</strong></span> <span class='ocrx_word' id='word_1_515' title='bbox 1399 4761 1488 4815; x_wconf 85' lang='lat' dir='ltr'><strong>llOT.</strong></span> 
     </span>
    </p>
   </div>
   <div class='ocr_carea' id='block_1_6' title="bbox 0 0 1619 5280">
    <p class='ocr_par' dir='ltr' id='par_1_19' title="bbox 0 0 1619 5280">
     <span class='ocr_line' id='line_1_55' title="bbox 0 0 1619 5280; baseline 0 0"><span class='ocrx_word' id='word_1_516' title='bbox 0 0 1619 5280; x_wconf 95' lang='lat' dir='ltr'><strong> </strong></span> 
     </span>
    </p>
   </div>
  </div>
 </body>
</html>
