3210 5280
488 220 537 285 IN
562 220 705 286 ORAT.
727 218 824 285 PRO
847 217 1023 284 SESTIO.
1352 213 1413 274 311

95 360 258 425 dedecoris
282 380 362 423 vero
385 360 552 444 praecipui
577 359 817 438 existimentur,
844 380 926 443 qnae
951 358 1100 440 voluptas
1125 358 1255 420 suadeat
1269 375 1332 419 nou
1348 357 1415 417 sine

96 453 166 517 labe
192 452 379 518 vitiorunr.”

171 596 290 669 LVll.
320 590 355 669 l.
395 597 440 670 L.
468 597 635 697 Opimius
660 599 915 700 indignissime
942 595 1115 670 concidit.

180 734 224 795 Et
247 733 414 796 Sallustius
434 746 545 798 atteror
569 747 617 799 est
640 734 671 798 iu
693 735 781 799 hello
807 732 999 818 Iugurthino
1023 715 1066 795 L.
1088 729 1249 812 Opimium
1270 731 1433 794 Mamilia'

96 828 153 907 [Ρ.
177 828 247 908 aa]
271 827 341 910 lege
365 831 559 904 damnatum,
582 832 669 913 qnod
692 830 852 897 videretur
867 826 899 889 in
922 827 977 888 ea¹
999 823 1180 909 legatione,
1205 825 1441 907 quam²leum⁵

96 921 209 984 ceteris
229 922 360 984 structus
381 932 430 985 est
456 926 538 1004 apud
561 924 768 1006 Iugurtham,
795 920 928 1004 pecnnia
951 941 1020 983 esse
1041 931 1226 1000 corruptus.

173 1059 209 1136 2.
240 1063 347 1164 Quod
374 1061 429 1137 si³
465 1067 560 1163 apud
588 1065 835 1142 Athenienses
862 1064 1029 1138 homines
1056 1064 1236 1136 Graecos.

181 1234 222 1245 -
244 1200 307 1242 -1
335 1199 480 1263 inlustrat
504 1201 614 1284 rigore
643 1202 736 1265 animi
767 1199 977 1283 virtutisque⁶
1008 1201 1178 1266 Romanam
1198 1218 1308 1262 omnes
1329 1197 1417 1279 peri·

94 1295 238 1357 culorum
261 1293 404 1356 incursus
429 1295 647 1378 neglegentis:
668 1297 752 1359 facta
775 1306 877 1357 tamen
901 1290 1223 1357 commemoratione⁶
1245 1311 1303 1374 per
1327 1292 1417 1353 diffe-

95 1387 225 1449 rentiam
249 1385 392 1448 virorum
413 1387 612 1463 inlustrium,
645 1389 701 1472 qui
731 1391 814 1470 apud
842 1381 1053 1450 Athenienses
1075 1385 1267 1459 extiterunt3
1302 1386 1459 1469 quihnstt

95 1481 162 1543 sine
185 1479 281 1542 dubio
304 1480 501 1544 strenuiores
524 1481 599 1543 dicit
626 1484 790 1547 Romanos
814 1503 884 1544 esse
900 1482 1029 1545 dehere.
1074 1479 1186 1543 Intulit
1209 1479 1307 1563 igitur
1327 1499 1416 1542 eosn-

95 1573 351 1637 memorationem
372 1574 478 1655 primo
495 1577 741 1652 'l'hemistocli⁷,
767 1576 821 1660 qui
835 1574 970 1658 primum
994 1574 1079 1638 hello
1095 1571 1264 1651 Corcyreo
1284 1579 1416 1653 praetot·

93 1668 195 1730 sactus
224 1688 263 1730 ex
295 1667 426 1747 pecunia
455 1669 581 1750 publiea
605 1683 729 1733 eentum
753 1672 878 1732 navium
902 1667 1231 1732 classemsaciendnm
1253 1687 1322 1729 esse
1343 1687 1417 1748 per·

95 1761 192 1823 suasit
220 1772 251 1823 et
277 1759 463 1840 Corcyreos
495 1785 565 1825 cum
592 1763 805 1845 praedonibus
832 1761 921 1824 vicit.
966 1761 1136 1844 Quumque
1163 1759 1268 1822 ιιιίΙΙε8
1298 1771 1330 1822 et
1359 1761 1416 1821 du·

94 1864 199 1916 centas
227 1876 323 1916 naves
346 1854 458 1938 longas
487 1868 519 1919 et
548 1859 612 1920 diro
644 1857 762 1919 millia⁹
794 1855 1010 1920 onerariarum
1034 1866 1065 1916 et
1088 1853 1288 1937 septingenta
1321 1852 1460 1915 ministr

96 1948 237 2029 peditum
263 1959 294 2010 et
326 1948 465 2031 equitum
497 1949 727 2035 quadringenta
770 1951 936 2012 Xerxes¹⁰
965 1948 995 2010 in
1028 1948 1193 2010 Graeciam
1221 1947 1416 2022 induxisset;

95 2053 181 2103 etex
198 2038 364 2121 responso
375 2042 554 2123 Apollinis,
581 2065 645 2125 quo
660 2043 855 2127 praedictum
873 2053 958 2116 erat,
983 2055 1017 2104 ut
1032 2063 1066 2105 se
1082 2041 1293 2106 Athenienses
1307 2043 1415 2124 ligneo

95 2156 187 2196 muro
209 2146 392 2209 tuerentur,
415 2134 497 2203 idem
522 2125 754 2206 Themistocles
777 2138 941 2199 oraculum
963 2136 1148 2216 explanarit
1170 2138 1210 2205 ad
1224 2135 1415 2221 praesidium

95 2227 219 2290 uarium
243 2226 419 2308 pertinere,
445 2241 479 2291 ut
501 2229 533 2293 in
556 2252 608 2294 eas
632 2231 863 2314 confugerent,
888 2243 918 2294 et
939 2231 1052 2311 partim
1068 2229 1275 2304 Salaminam,
1300 2228 1414 2310 partim

96 2323 296 2383 Troezeumn
327 2333 492 2402 peterent,
530 2323 665 2388 maiores
694 2336 768 2386 nam
797 2323 830 2386 in
855 2327 963 2385 aree¹¹
987 2323 1253 2407 relinquerentur.
1298 2323 1415 2385 Astute
1426 2328 1459 2376 21

95 2415 152 2494 [P.
170 2414 238 2494 Ah]
262 2427 426 2495 praeterea
446 2417 588 2479 Xerxem
603 2416 751 2491 lelelllit,
776 2418 863 2496 quasi
878 2418 1019 2480 satirarum
1036 2428 1137 2490 esset,
1161 2429 1194 2478 ut
1209 2438 1309 2498 pons,
1327 2415 1416 2499 qui¹²

95 2507 308 2588 Hellesponto
340 2519 408 2571 erat
430 2509 617 2590 impositus,
642 2511 893 2582 rescinderetur;
917 2522 1012 2592 atque
1034 2510 1077 2571 ita
1102 2509 1156 2572 ille
1180 2509 1290 2594 sugam
1315 2518 1415 2571 anatu-

93 2600 191 2663 ravit.
235 2603 381 2686 Egi-egio
406 2603 544 2665 eiusdem
555 2605 580 2643 ¹³
604 2603 810 2667 Themistocli
833 2603 967 2667 consilio
996 2603 1113 2684 triplex
1140 2604 1225 2683 apud
1247 2603 1415 2666 Piraeeum

92 2706 208 2776 portus
244 2698 433 2758 constitutus
464 2709 525 2759 est.
569 2697 655 2760 idem
693 2717 800 2760 muros
836 2695 1077 2759 Atheniensium
1110 2696 1267 2770 restituit,
1303 2709 1414 2758 eontra

94 2809 186 2871 quam
204 2801 327 2869 pactum
344 2803 538 2854 convenerat
553 2815 621 2853 cum
640 2789 908 2853 Lacedaemoniis.
954 2791 1041 2853 Idem
1058 2802 1160 2852 tamen
1177 2790 1364 2854 ostraeismo
1376 2791 1412 2864 ¹⁴,
1425 2789 1457 2838 ²⁵

95 2882 182 2963 qnod
203 2894 271 2944 erat
292 2887 376 2964 apud
404 2883 632 2958 Athenienses,
664 2883 867 2964 proditionis,
880 2886 994 2946 absens
1021 2888 1202 2959 damnatus,
1235 2883 1413 2962 Corcyram

94 2974 300 3057 demigravit:
324 2976 395 3039 inde
411 2979 524 3039 ductus
550 2989 582 3040 et
603 2975 768 3058 expositus
784 2977 928 3041 clanculo
940 2978 981 3051 ¹⁵,
1008 2999 1046 3040 ne
1068 2977 1098 3040 iu
1123 2999 1230 3039 manus
1254 2982 1379 3039 caderet
1391 2975 1415 3014 ¹⁶

95 3069 353 3143 Atheniensium,
379 3073 419 3132 ab
443 3071 574 3151 Epheso
602 3074 640 3134 ad
665 3072 808 3134 Xerxem
837 3071 939 3146 venit,
964 3069 1050 3146 sive,
1078 3081 1111 3132 ut
1137 3071 1261 3157 quidam
1289 3080 1412 3150 putant,

94 3163 133 3220 ad
159 3163 392 3225 Artaxerxem:
429 3167 512 3245 apud
541 3185 649 3247 quem,
688 3166 778 3242 quod
808 3165 868 3226 fuit
899 3163 1060 3239 mirabile,
1096 3163 1229 3227 Persico
1269 3182 1413 3225 sermone

94 3274 169 3314 usus
193 3266 256 3327 est,
292 3278 384 3340 quam
416 3257 553 3341 linguam
585 3279 667 3321 anno
699 3257 864 3321 meditatus
894 3257 1018 3322 suerat:
1053 3259 1238 3322 amicissime
1266 3260 1305 3320 ab
1339 3278 1414 3340 rege
1426 3253 1457 3302 ³⁰

93 3359 259 3428 susceptus
282 3363 347 3413 est:
380 3351 570 3425 domicilium
594 3363 704 3434 postea
731 3351 790 3414 sihi
816 3353 1005 3436 Magnesiae
1030 3353 1213 3428 constituit,
1248 3360 1340 3434 qu'am
1369 3349 1415 3413 illi

94 3527 354 3542 Cs———ffln—

165 3639 188 3684 1.
207 3643 267 3685 Cod.
288 3656 318 3686 na
342 3656 367 3686 ss.
417 3640 442 3686 2.
470 3643 504 3686 lta
523 3642 584 3687 Cod.
634 3639 658 3686 ³.
685 3642 745 3689 Cod.
773 3646 863 3686 tautum
881 3641 955 3702 quad.
1001 3638 1026 3686 d.
1047 3643 1168 3687 Vanitati
1192 3647 1242 3686 tras
1264 3641 1308 3686 Gr.
1335 3643 1411 3685 asaal.

232 3711 256 3755 5.
277 3713 338 3758 Cod.
358 3725 430 3770 quas.
469 3710 493 3756 6.
516 3712 576 3755 Cod.
596 3712 866 3756 commemorationem.
905 3709 929 3757 7.
949 3713 983 3758 lla
1003 3712 1040 3757 his
1060 3714 1156 3756 saeuusti
1176 3726 1246 3756 cassas
1265 3712 1414 3755 terminatio·

232 3781 300 3825 uibus
322 3783 415 3825 lorutua
436 3795 488 3825 suan
510 3782 532 3825 iu
555 3781 685 3849 Frontonis
695 3781 777 3825 *iudica
799 3781 995 3840 orthographieo.
1033 3780 1057 3828 8.
1077 3781 1138 3826 Cod.
1158 3781 1210 3825 illa.
1250 3778 1273 3824 ⁹.
1296 3781 1329 3823 lta
1350 3781 1411 3856 qod.

230 3864 282 3894 cusu
305 3852 394 3894 ulaahna
413 3852 445 3903 tt,
476 3864 533 3893 raro
553 3852 662 3906 exemplo
684 3851 708 3894 ia
729 3853 832 3908 antiquis
855 3852 940 3903 codd..
964 3853 987 3896 iu
1011 3851 1097 3908 quihus
1118 3853 1213 3905 plenum
1236 3851 1322 3907 tagum
1343 3850 1412 3892 anilla

232 3934 285 3964 euru
309 3920 400 3964 duabus
418 3921 455 3974 ll;
482 3921 523 3964 aad
542 3921 627 3972 milia,
659 3920 771 3972 muium,
801 3920 902 3963 metitus
927 3935 980 3965 eum
1004 3922 1071 3963 unica
1090 3922 1108 3964 i.
1148 3919 1188 3966 tt.
1210 3919 1270 3962 Cod.
1293 3918 1411 3970 Xsraex,

234 4004 286 4033 tuan
311 3991 443 4034 rnatathasi.
483 3989 523 4034 11-
544 3989 594 4033 Cot
624 3990 696 4033 notai
719 3991 745 4033 in
771 4004 883 4034 cursare.
923 3989 963 4034 12.
983 3991 1043 4034 Cod.
1064 3991 1107 4048 qai
1125 3989 1166 4033 uh.
1203 3989 1341 4042 (roausmz
1371 3989 1414 4046 quai

233 4058 326 4103 esitio
344 4057 513 4114 Hellesponto.
528 4056 588 4108 Oa.)
627 4056 667 4103 1³.
687 4060 747 4103 (lod.
762 4059 946 4120 egreginsiua.
987 4057 1026 4103 li.
1047 4060 1108 4104 Cod.
1122 4057 1410 4103 ostreissrsodemnutus.

230 4125 289 4184 (Sad
303 4143 420 4172 naauauaan
433 4131 515 4186 iugera
535 4134 627 4183 potest,
647 4131 669 4173 iu
689 4143 717 4172 ao
726 4160 732 4182 ,
753 4131 815 4188 quod
829 4129 907 4172 Maius
921 4131 1000 4181 stadii,
1020 4131 1096 4172 manci
1110 4130 1218 4184 quiddam
1232 4130 1319 4172 iuassa.
1358 4127 1413 4170 Part

231 4199 285 4242 scil.
305 4201 339 4243 sie
361 4199 427 4243 lara:
458 4199 622 4250 ostraciamo,
652 4197 822 4242 damnationis
839 4212 920 4259 gersus
945 4198 1011 4257 quod
1029 4204 1084 4240 erut
1103 4196 1170 4254 apud
1189 4195 1219 4241 Α.
1257 4197 1318 4242 Tum
1341 4198 1410 4255 tego:

230 4267 288 4310 indu
306 4267 425 4312 maneres
450 4283 462 4312 a
490 4268 598 4312 Cornelii
613 4268 724 4323 sNapolis
746 4267 867 4313 Thamiai.
893 4265 923 4319 8,
953 4266 977 4312 5.
1002 4268 1085 4326 itaqua
1104 4266 1217 4325 Pydnam
1242 4281 1297 4309 enm
1323 4265 1413 4310 deduci

230 4339 314 4381 suasit.
344 4336 404 4394 Oa.)
443 4337 482 4383 tt.
503 4337 563 4383 Cod.
583 4338 707 4385 clanculo.
747 4337 788 4387 ts.
807 4339 867 4382 (lod.
887 4336 995 4392 cidarat,
1016 4338 1119 4382 ios-tasse
1137 4351 1181 4392 pro
1199 4335 1330 4380 incideret.

187 4482 378 4538 ascribatur
404 4484 472 4537 haec
497 4491 633 4538 aenremta
660 4489 732 4538 tutas
757 4485 896 4538 levissima
921 4483 1092 4553 tmpuama,
1121 4501 1190 4556 quae
1216 4500 1312 4538 extans
1338 4483 1412 4557 apud

92 4561 218 4621 Festum,
240 4566 374 4613 orationis
397 4564 565 4614 Catonianae
585 4561 617 4614 de
638 4560 696 4633 lege
716 4560 821 4615 Orchia
842 4565 1024 4633 sumptuaria.

186 4637 213 4690 6·
233 4635 301 4706 Cap.
323 4637 398 4688 xvt.
417 4651 445 4688 et
466 4638 525 4690 XL.
1049 4670 1052 4674 Δ

168 4713 213 4763 26.
234 4709 316 4776 φασδ]
346 4712 385 4761 lta
407 4712 475 4764 eod.
514 4713 547 4766 Et
568 4715 609 4766 aie
629 4712 720 4784 Nepos
740 4713 811 4765 cim.
832 4711 895 4765 llL:
924 4718 1062 4764 tartarum
1080 4707 1247 4787 sufflamus,
1270 4710 1344 4781 qssod
1362 4710 1406 4762 stis

92 4789 288 4837 ostracismum
307 4795 423 4840 vocant.
972 4831 977 4838 .
