3210 5280
218 231 279 295 138
547 230 848 301 SCHOLIASTA
870 228 1210 298 GRONOVIANUS

301 374 404 458 Quod
416 372 617 452 finitimum
638 376 705 456 est]
738 375 834 455 Quod
858 372 942 437 inter
965 370 1149 438 Armeniam
1175 382 1208 434 et
1229 369 1340 436 Asiam
1363 368 1460 435 iacet.

109 524 114 548 „
302 471 485 533 Lucullum
514 471 652 554 maguis
677 470 791 551 rebus]
824 468 980 532 Lucullus
1011 466 1122 531 missus
1155 476 1203 530 est
1227 466 1406 550 bellaturus
1433 476 1549 530 eontra

219 561 452 628 Mithridatem.
497 563 678 628 Victoriam
704 561 857 646 perdidit.

303 659 394 721 Huic
416 659 475 744 qui
496 659 674 740 successit]
709 657 916 724 Glabrionem
944 654 1049 734 dicit,
1069 658 1158 741 quod
1181 653 1258 719 satis
1275 653 1403 718 debilis
1433 653 1548 719 luerit.

194 761 208 813 ⁵
305 754 418 816 Unum
439 755 482 817 ab
505 754 677 835 omuibus]
707 751 896 835 Pompeium
917 749 1007 816 dicit.
1051 749 1231 836 Virgilius:
1253 751 1301 815 Et
1320 748 1457 834 petiere
1482 750 1549 814 sibi

218 858 252 909 et
273 850 409 913 voluere
430 849 620 935 adiungere
640 858 773 933 gentes.

306 942 338 1004 6.
361 943 519 1006 Primum
546 943 631 1006 milei
657 939 805 1023 videtur]
838 936 979 1006 Divisio.
1034 937 1176 1013 Partitio¹
1206 937 1277 1005 finit
1306 941 1546 1016 narrationem

218 1036 344 1100 abhoc
366 1038 472 1120 eapite
494 1037 647 1120 incipiunt
669 1045 867 1121 argrunenta.

301 1132 445 1216 Agitur]
474 1132 656 1217 Fatigetur.

176 1237 207 1287 to
302 1226 481 1310 Aguntur]
512 1227 668 1291 Pereunt.

301 1322 402 1385 Pacis
423 1319 640 1399 ornamenta]
664 1318 879 1406 Magistratus
894 1317 983 1382 dicit.

301 1416 464 1482 Subsidia
484 1415 575 1499 belli]
608 1413 702 1479 Dixit
723 1407 896 1498 stipendia,
929 1432 1009 1500 quae
1034 1411 1162 1476 mittunt
1186 1409 1437 1497 imperatoribus
1466 1411 1544 1475 ciri·

216 1521 298 1573 tates
320 1509 450 1571 amicae.
475 1502 477 1505 ’

303 1602 386 1684 Cap.
410 1602 478 1665 Ill.
502 1602 533 1664 7.
557 1600 800 1666 Mithridatico
820 1603 919 1686 bello]
945 1600 1149 1667 Mithridates
1171 1623 1267 1686 quttm
1287 1621 1401 1684 pacem
1416 1601 1547 1665 fecisset

175 1707 287 1762 ascum
312 1696 399 1760 Sulla
422 1706 454 1758 et
476 1694 613 1758 dedisset
635 1690 763 1773 Asiam,
789 1696 875 1760 Sulla
899 1697 996 1780 [crat]
1019 1697 1050 1760 iu
1073 1696 1256 1761 civitatibus
1277 1695 1340 1759 illis
1359 1697 1543 1760 Romanum

218 1791 397 1856 exereitum
423 1792 598 1853 servandae
626 1789 699 1852 lidei
728 1791 983 1864 †Numidarum
1016 1791 1116 1877 gratia
1141 1790 1262 1873 posuit.
1307 1790 1417 1871 Quum
1447 1791 1543 1875 igitur

218 1886 305 1948 Sulla
335 1883 536 1960 recessisset,
573 1883 779 1947 Mithridates
811 1885 881 1950 illas
910 1885 1055 1949 civitates
1084 1884 1230 1968 corrupit
1255 1895 1285 1949 et
1318 1882 1399 1948 feeit
1428 1885 1540 1949 milites

217 1982 384 2045 Romanos
408 1981 447 2041 ab
471 1978 637 2062 oppidanis
661 1979 777 2042 occidi.

300 2075 368 2138 Sed
389 2075 578 2156 emergere]
602 2071 784 2137 'l'ranslatio
807 2094 823 2135 a
847 2073 929 2138 sole.

173 2184 205 2233 ιιι
301 2165 409 2232 Asiae
430 2167 517 2250 lucc]
543 2168 690 2231 Servavit
712 2168 959 2250 methaphoran,
983 2167 1057 2253 quia
1079 2187 1149 2233 eum
1173 2189 1342 2255 emergere
1358 2168 1439 2233 dixit
1454 2168 1542 2255 quasi

216 2262 330 2327 solem.

302 2355 386 2439 Cap.
409 2355 475 2420 IV.
499 2352 532 2418 9.
569 2354 628 2422 Ad
641 2375 700 2420 eos
720 2354 841 2431 duces,
863 2355 1065 2439 quibuscum
1086 2367 1161 2419 tum
1185 2355 1309 2419 bellum
1321 2355 1541 2439 gerebamus]

217 2451 379 2514 Sertorius
403 2449 481 2512 ciris
504 2448 629 2533 qttidem
651 2449 757 2511 irrorat
782 2451 964 2526 Romanus,
996 2452 1052 2513 sed
1075 2449 1276 2533 proscriptus
1301 2469 1320 2511 a
1346 2449 1437 2512 Sulla
1460 2451 1540 2536 fugit

214 2545 245 2608 in
272 2544 461 2626 Hispaniam
490 2555 521 2606 et
549 2542 593 2607 ibi
619 2543 728 2625 coepit
760 2542 855 2606 civile
885 2545 1003 2607 bellurn
1033 2543 1205 2627 perlicere.
1248 2543 1361 2607 Multo
1395 2555 1539 2627 tempore

171 2638 388 2721 25pugnavit3
413 2651 444 2700 et
470 2637 587 2701 multos
613 2635 771 2699 interemit
793 2638 958 2701 Romanos
979 2638 1039 2702 iste
1066 2659 1106 2703 eo
1130 2649 1291 2720 tempore,
1317 2657 1384 2722 quo
1407 2636 1539 2702 Mithri·

214 2736 302 2795 dates
326 2733 408 2795 misit
432 2735 471 2795 ad
494 2731 672 2795 Sertorium
696 2730 801 2793 dicens
816 2731 880 2795 itti:
905 2733 981 2805 „Tu
1005 2733 1182 2816 adgredere
1208 2742 1299 2814 parte
1315 2731 1443 2795 exista
1472 2735 1538 2797 Ro·

214 2848 344 2902 manos,
369 2839 399 2889 et
425 2847 488 2909 ego
514 2847 555 2887 ex
580 2824 659 2899 ista,
684 2836 718 2887 ut
741 2824 804 2887 sint
826 2825 964 2908 undique
990 2824 1256 2891 circutnvallati.''

299 2922 344 2982 Ut
365 2942 470 3004 quum
493 2918 622 2982 duobus
644 2918 680 2980 iu
701 2916 799 2999 locis]
822 2921 875 2982 Ex
898 2919 1049 3001 Hispania
1073 2931 1104 2983 et
1130 2921 1256 2996 Ponto,
1281 2918 1399 2993 idest,
1430 2942 1448 2984 a
1473 2920 1537 2985 Mi·

213 3012 348 3076 thridate
375 3026 406 3076 ct
440 3013 606 3078 Sertorio:
643 3034 712 3074 nam
742 3011 947 3076 Mithridates
972 3012 1003 3077 iu
1029 3015 1138 3078 Ponto
1165 3017 1340 3100 regnabat,
1378 3016 1538 3080 Sertorius

171 3135 202 3183 30
214 3120 321 3189 partes
344 3108 518 3190 Hispaniae
543 3108 719 3172 obtinebat.

300 3203 353 3264 10.
375 3207 417 3269 In
438 3207 550 3266 altera
567 3203 683 3286 parte]
718 3201 781 3264 Hie
809 3198 995 3279 minuendo,
1019 3200 1053 3265 id
1076 3211 1143 3278 est,
1168 3214 1279 3265 eontra
1305 3203 1536 3268 Mithridatem.

297 3296 405 3370 Eius,
430 3298 490 3360 sed
511 3294 643 3378 virtute]
676 3292 741 3360 Ubi
761 3293 857 3372 vicit,
883 3294 959 3359 vicit
982 3307 1016 3359 ut
1039 3295 1153 3361 sortis:
1189 3295 1243 3360 ubi
1274 3297 1434 3380 perdidit,
1467 3321 1538 3383 per·

214 3390 290 3453 didit
313 3401 346 3451 ut
369 3391 494 3456 infelix.

300 3484 382 3567 Cap.
408 3487 454 3550 V.
481 3489 532 3548 11.
556 3485 716 3552 Maiores
737 3460 862 3569 nostri]
886 3487 1078 3593 Exemplum
1100 3506 1117 3547 a
1141 3484 1263 3549 minore
1286 3488 1326 3549 ad
1341 3508 1456 3550 matus

171 3606 202 3656 35
298 3579 549 3686 Nauiculoriis]
583 3579 779 3644 Navieularii
809 3580 974 3656 dicuntur,
1010 3579 1063 3666 qui
1094 3579 1291 3643 transierunt
1318 3580 1517 3646 frumenta
1508 3605 1538 3646 ιιι

213 3675 324 3736 urbem
342 3685 394 3735 aut
410 3652 589 3760 uliicunque
606 3687 654 3737 est
670 3673 866 3756 imperator3
879 3687 1016 3757 propter
1032 3677 1120 3759 quod
1131 3675 1248 3737 bellum
1262 3675 1370 3739 secere
1387 3675 1537 3740 Romani.

298 3768 423 3850 chcti
444 3771 536 3852 puori
549 3768 660 3851 erunt]
683 3770 828 3850 Populus
845 3770 1009 3833 Romanus
1025 3770 1158 3834 Graecis
1173 3769 1311 3833 subactis
1334 3771 1482 3854 permisit
1497 3769 1540 3833 uti

213 3859 276 3924 suis
300 3861 439 3945 legibus.
486 3865 562 3926 Mos
587 3863 692 3926 fuerat
719 3865 802 3944 apud
825 3884 936 3926 ornnes
960 3863 1116 3927 Graeciae
1143 3863 1288 3928 civitates
1310 3863 1465 3929 Corinthi
1485 3867 1540 3927 ba·

213 3957 289 4017 bere
323 3967 526 4019 conventum.
586 3957 731 4039 Populus
762 3958 926 4020 Romanus
959 3958 1099 4035 veritus,
1135 3978 1174 4021 ne
1209 3957 1371 4022 communi
1407 3958 1542 4022 consilio

171 4049 364 4129 ,proritatis
387 4050 554 4114 eonsilium
578 4063 764 4133 caperetur,
790 4050 872 4114 misit
887 4051 1045 4136 legatos
1036 4073 1214 4135 sinpernus,
1239 4063 1273 4115 ut
1295 4051 1441 4137 singulae
1466 4052 1542 4115 eiri-

214 4155 295 4206 tates
313 4132 421 4225 apud
411 4165 445 4206 se
470 4145 674 4235 contionandi
694 4146 847 4207 haberent
870 4145 1149 4222 consuetudinem,
1173 4145 1273 4210 neel
1295 4156 1347 4209 eat
1370 4143 1546 4210 coadunari

213 4237 244 4300 iu
270 4259 364 4299 ιιιιιιιιι
391 4237 489 4301 totius
516 4239 672 4302 Graeciae
695 4238 935 4302 multitudinem.
981 4237 1146 4304 Exarsit
1135 4260 1243 4302 rraeun
1322 4241 1415 4303 turba
1441 4241 1544 4305 (irae-

216 4352 325 4394 cormn
350 4335 449 4407 adeo,
475 4344 508 4393 ut
530 4331 628 4416 legati
651 4334 688 4395 de
704 4331 853 4397 contione
869 4332 1026 4414 lapidibus
1050 4333 1134 4418 pulsi
1150 4336 1233 4416 apud
1247 4332 1393 4416 hospites
1409 4334 1546 4397 laterent

216 4435 248 4486 et
273 4435 367 4487 noete
383 4424 532 4509 sugerent
548 4428 696 4490 Romam.
741 4427 846 4490 Iratus
862 4430 1001 4511 populus
1018 4429 1181 4493 Romanus
1199 4426 1388 4492 Corinthum
1413 4429 1544 4494 delerit.

235 4643 321 4766 71.
344 4637 399 4703 ln
429 4637 490 4692 MS.
518 4656 580 4712 post
606 4641 681 4710 quod
704 4640 815 4694 additur
841 4661 892 4709 ue,
918 4640 1020 4696 seddu
1025 4641 1386 4698 abuslioelslodnetumd'
1423 4647 1549 4702 Gronov.

288 4713 414 4767 -t'llas
433 4712 498 4766 tttaa
518 4717 567 4771 Gr.
587 4715 662 4776 Fors.
683 4717 854 4790 illaslpsas.
893 4718 945 4781 Oa.
997 4722 1043 4794 56.
1072 4720 1143 4811 Lege
1170 4737 1248 4820 pum
1278 4718 1333 4775 On.
1385 4718 1550 4785 11100111

216 4805 253 4847 ml
235 4717 323 4842 711111
305 4803 346 4844 1.1.1
