3210 5280
178 193 241 258 tit
611 194 1054 263 PsEtJDO-Ascouttts

176 334 410 418 Allobrogibus
432 334 689 422 [Allobrogicus]
712 333 887 399 nominatus
909 346 981 412 est,
1014 333 1121 420 ibique
1146 344 1247 398 status
1280 334 1347 399 eins
1377 335 1486 417 posits

175 439 350 511 propterea
376 443 436 493 est.
1127 473 1129 477 ,

260 523 306 602 (§.
330 522 398 602 10.)
417 530 535 606 Aperte
554 524 624 586 iam
645 543 690 586 ae
709 525 887 603 perspicue
907 520 1022 601 nullu]
1079 520 1154 583 Non
1184 540 1225 583 ex
1259 539 1314 581 sua
1345 520 1483 600 persona

175 611 338 678 boeticis
361 615 503 688 Tullius3
527 636 594 677 nant
618 624 700 677 esset
722 614 876 676 offensum
901 653 1366 677 ..............

149 718 164 768 t
260 707 361 786 Quod
377 717 451 771 tota
470 707 608 784 Sicilia]
650 707 767 770 Omnes
786 704 901 767 Siculi
905 747 914 777 .
934 727 1047 773 omnes
1072 707 1314 788 negotiatores,
1336 715 1367 766 et
1393 706 1483 788 quid·

174 795 249 879 qnid
272 798 444 862 subiectum
467 811 533 875 est,
567 793 752 881 ἐπεξήγησις
772 790 957 878 intelligitur
986 797 1052 861 eius
1083 816 1171 870 esse,
1200 798 1287 879 qnod
1309 796 1386 860 dixit
1407 809 1483 862 tota

176 890 310 952 Sicilia.
1020 940 1023 945 .

258 982 297 1044 lu
319 984 416 1048 unius
436 978 615 1063 potestate]
660 974 825 1040 Hortensii
847 975 979 1039 seilicet.
1072 1018 1077 1025 -

145 1129 149 1137 .
258 1072 336 1135 Non
357 1072 538 1136 tenebimus
559 1072 703 1152 iudicia]
756 1069 863 1135 Finxit
891 1070 1012 1145 dicere,
1044 1092 1110 1134 non
1131 1067 1311 1133 tenebimus
1332 1068 1481 1146 indicia,

134 1162 301 1234 inmollius
322 1163 460 1243 seilicet,
484 1183 576 1246 quarn
600 1164 771 1244 populares
792 1163 926 1247 lingeret
948 1163 1103 1226 dicentes:
1128 1161 1320 1225 Aul'eretnus
1339 1181 1356 1223 a
1374 1165 1499 1222 senatu*

173 1255 299 1320 iudicis.
394 1318 402 1327 ,

261 1350 305 1425 (§.
329 1347 397 1426 tt.)
419 1347 571 1413 Hominis
590 1346 715 1428 perditi
734 1347 880 1426 laetitia]
925 1348 1054 1414 Verris.

258 1446 420 1512 Hominis
441 1440 644 1522 amplissimi
660 1439 866 1522 gratulatio]
911 1440 952 1505 C.
977 1442 1141 1510 Curionis.

194 1609 199 1620 ι
257 1537 325 1600 His
347 1531 460 1595 diebus
480 1530 622 1611 paneis,
643 1547 720 1590 eum
740 1542 911 1611 praetores
932 1534 1100 1618 designati
1118 1538 1329 1618 sortirentur]
1372 1535 1480 1601 Acen-

134 1627 258 1691 tisatio
281 1633 410 1704 occepta
440 1632 487 1683 est
514 1617 616 1684 Nouis
645 1619 818 1700 Augustis,
854 1635 886 1686 et
914 1627 1038 1688 comitis
1067 1631 1243 1693 consuleris
1268 1633 1395 1693 luerunt
1418 1630 1491 1692 Vl.-

178 1719 252 1783 lini.
276 1719 418 1800 August.
441 1734 500 1775 nee
524 1712 623 1773 multo
645 1721 717 1791 post
741 1713 866 1779 sortitio
888 1731 1069 1798 praetorum
1096 1724 1155 1785 init
1177 1724 1343 1786 celebratis
1366 1743 1482 1786 eorun-

119 1815 245 1882 [sstun
267 1809 416 1874 comitiis.

257 1904 299 1971 Et
319 1901 370 1967 M.
391 1898 532 1965 Metello
555 1897 743 1982 obtigisset,
775 1910 813 1962 ut
839 1904 866 1963 is
893 1901 932 1966 tle
958 1908 1109 1985 pecuniis
1139 1905 1340 1988 repetundis]
1385 1907 1482 1970 Sorte

188 1996 1487 2023 m-——u——n——nn

268 2057 294 2111 1.
315 2047 514 2114 Allobrogibus
534 2045 728 2114 Allobrogicus
746 2064 819 2101 nom.
839 2052 893 2116 est]
934 2051 980 2102 Sic
1000 2056 1106 2123 scripsi.
1132 2080 1170 2095 -
1200 2055 1369 2123 Allobrogib.
1389 2061 1483 2107 norni-

174 2133 319 2182 natusest
338 2123 534 2191 Allobrogicus
554 2121 622 2175 Lod.
649 2149 685 2167 -ι
714 2123 913 2190 Allobrogibus
939 2126 1076 2178 Allobrox
1101 2135 1314 2195 cognominatus
1339 2138 1382 2181 est
1400 2129 1484 2202 Lugd.

175 2204 241 2259 uos.
262 2202 330 2260 Mon
359 2198 443 2252 Creu.
473 2225 509 2241 -
537 2196 697 2268 cognomen
722 2213 779 2251 om.
804 2198 896 2252 Ptine.
923 2200 1027 2254 llersld.
1056 2202 1118 2257 tlt.
1143 2218 1170 2256 et
1196 2220 1287 2276 potest
1311 2211 1483 2258 senserim

175 2271 546 2417 cosltlbllllestblllslrleribod.
574 2359 601 2398 et
625 2360 753 2416 seqq.··-
777 2353 856 2397 scuta
881 2351 997 2419 priores.
1022 2376 1058 2392 ···
1086 2350 1197 2420 ,ibique
1220 2355 1329 2420 statuo]
1369 2352 1481 2408 Budsei.

175 2426 273 2491 Vetus,
291 2423 383 2494 Ibique
401 2429 483 2473 scuta
501 2424 560 2470 eius
575 2425 670 2489 posita
685 2424 802 2489 propter
821 2422 891 2476 est.”
922 2423 1007 2476 llOT.

266 2505 293 2558 2.
310 2498 471 2569 propterea]
492 2496 577 2565 Luqd.
597 2496 661 2548 llos.
681 2493 757 2549 Meu.
777 2495 858 2550 Creu.
881 2526 911 2539 -
931 2505 1049 2567 propter
1068 2504 1246 2570 entiqniores.

268 2579 295 2634 5.
314 2580 412 2643 aperte
430 2571 499 2636 iam]
528 2569 668 2623 Posterius
687 2585 747 2622 roc.
765 2570 835 2641 opud
855 2573 1015 2626 Ciceronem
1034 2571 1133 2628 delevit
1153 2579 1181 2627 in
1201 2581 1379 2630 sunotstione
1392 2575 1484 2629 Zum-

175 2652 268 2724 ptlttst
289 2659 318 2701 tt
337 2651 366 2699 ln
387 2661 462 2698 textu
482 2649 617 2696 intectum
638 2641 759 2713 reliquit.

188 2764 191 2772 .
250 2719 320 2774 ibid.
340 2739 374 2772 ac
390 2720 545 2790 perspicue]
575 2724 605 2767 et
618 2722 762 2788 perspicue
781 2718 859 2772 Men.

250 2794 321 2850 ibid.
340 2796 418 2861 Non]
450 2791 510 2848 edd.
530 2789 597 2844 Lod.
617 2807 643 2844 et
663 2810 738 2863 seqq.

269 2876 296 2927 ts.
315 2863 463 2941 offensum]
477 2869 632 2930 Laeonum,
652 2882 720 2938 quse
740 2881 782 2920 eet
800 2882 864 2941 post
882 2867 936 2922 ltoe
955 2885 1014 2924 voe.
1033 2872 1062 2923 iu
1074 2872 1183 2938 Prion,
1195 2870 1370 2946 neglexerunt
1389 2876 1484 2927 ceteri.

178 2976 209 2995 .-
232 2939 366 3016 qffensum
384 2942 557 3016 ἰκιξνῇηῑσις
576 2939 638 2996 Atd.

265 3022 292 3078 6.
311 3023 505 3086 negotiatores
523 3023 552 3066 et
570 3013 712 3086 quidquid]
741 3013 787 3069 Sic
800 3020 908 3089 scripsi.
920 3045 959 3061 -
970 3024 1177 3088 negotiatores,
1197 3029 1229 3073 ut
1247 3019 1374 3093 quioquid
1390 3023 1482 3077 Ptine.

174 3093 282 3154 Bes-eid.
303 3092 360 3147 sid.
381 3122 415 3136 ·-
435 3095 629 3160 negotiatores
647 3090 833 3164 ἐπεξηγησις.
853 3100 885 3142 ut
902 3093 1030 3164 quiequid
1046 3094 1114 3148 Lod.
1134 3112 1161 3148 et
1181 3113 1255 3168 seqq.
1347 3138 1356 3147 .

249 3166 321 3227 ibid.
340 3164 527 3243 εἰιεξῂγησις]
553 3163 703 3240 επεξηιγισ
722 3200 730 3217 ·
751 3202 758 3217 .
778 3200 786 3217 .
807 3166 900 3220 Ptine.
919 3195 955 3208 -
976 3185 1031 3222 orn.
1053 3174 1148 3222 ceteri.

253 3240 324 3297 lbid.
343 3242 524 3309 intelligitur]
550 3242 641 3292 Ptine.
663 3235 767 3292 Bersltl.
788 3239 849 3296 dld.
868 3269 904 3283 -
923 3244 1099 3312 intelligatur
1118 3241 1185 3297 Lod.
1204 3236 1232 3298 tt
1251 3260 1328 3316 seqq.

268 3319 296 3373 8.
314 3317 471 3384 Hortensii]
498 3312 733 3367 hortensiPtlne.
755 3314 859 3367 llerttld.

266 3394 294 3449 9.
315 3390 412 3444 Ftnaeu
429 3387 532 3459 dicere]
552 3387 648 3439 linxit
667 3396 811 3440 senatores
830 3389 921 3441 dicere
941 3391 1005 3444 llot.
1025 3391 1107 3444 Creu.

251 3471 295 3521 1ο.
316 3482 398 3534 quam
412 3481 478 3533 pop.
489 3460 632 3534 fingeret]
664 3464 756 3516 Ptine.
774 3463 883 3520 Beseld.
903 3464 964 3518 Ald.
989 3493 1027 3508 -
1051 3483 1132 3538 qtsam
1148 3483 1212 3536 pop.
1224 3464 1341 3539 fingere
1362 3466 1430 3522 Lod.
1449 3494 1486 3512 ι-

175 3556 257 3610 qrsnm
275 3544 301 3589 si
316 3558 380 3609 pop.
394 3536 525 3609 fingeret
544 3535 630 3609 Lugd.
651 3537 714 3593 llot.
735 3536 814 3592 Mon.
834 3543 916 3592 Creu.

253 3618 295 3668 ¹2.
316 3614 454 3680 Hominis]
485 3612 575 3664 Ptine.
598 3609 704 3664 bersld.
724 3609 785 3666 tid.
803 3641 842 3657 -
862 3612 947 3665 istius
964 3611 1031 3668 Lod.
1054 3628 1081 3667 et
1107 3630 1199 3685 seqq,
1227 3619 1275 3687 qui
1299 3614 1436 3670 Orellium
1455 3619 1486 3671 in

175 3703 297 3743 sutorem
318 3687 498 3750 induxerunt,
520 3701 550 3740 ut
570 3702 629 3739 roe.
647 3684 767 3738 bominis
784 3686 819 3740 eb
839 3692 987 3759 interprete
1006 3703 1101 3741 nostro
1121 3689 1240 3743 sltennrn
1259 3688 1374 3743 diceret.

250 3761 322 3818 ibid.
338 3762 446 3833 perditi
462 3760 585 3832 laetitia]
602 3759 707 3831 perditi
723 3762 817 3813 subita
834 3763 947 3815 laetitia
966 3761 1032 3817 Lod.
1052 3780 1115 3816 curn
1135 3762 1213 3817 editt.
1232 3766 1387 3821 Ciceronis.

251 3838 368 3895 tt—tt.
389 3839 449 3892 iloe
467 3835 593 3888 scholion
612 3839 733 3908 positum
752 3851 794 3890 est
813 3834 886 3891 inire
905 3852 967 3890 ente
987 3835 1067 3891 verbs
1088 3841 1117 3888 A
1133 3837 1252 3907 quodam
1270 3843 1300 3893 in
1323 3839 1417 3894 Prius.
1435 3841 1488 3894 ile·

176 3908 245 3968 reid.
267 3910 325 3967 illd.
347 3911 413 3965 Lod.
434 3908 520 3983 Luqd.
541 3913 616 3964 Mon.

252 3985 296 4042 11.
316 3987 369 4037 His
386 3986 481 4038 diebus
495 3987 604 4053 pateris]
632 3984 693 4037 Illis
717 3988 785 4054 ipsis
808 3984 903 4038 diebus
923 3990 1023 4057 paneis
1047 3983 1116 4041 Lod.
1135 4015 1173 4031 -
1192 3987 1254 4039 Illis
1271 3986 1366 4039 diebus
1388 3993 1486 4060 passeis

176 4059 264 4132 Lugd.
285 4063 359 4115 Men.
378 4090 414 4104 -
433 4061 491 4111 illis
509 4063 577 4129 ipsis
595 4059 690 4111 diebus
708 4067 776 4123 (ont.
793 4065 904 4131 paucis)
924 4060 1003 4115 editt.
1023 4064 1181 4123 Ciceronis,
1212 4061 1283 4132 spud
1303 4081 1383 4132 quem
1404 4078 1486 4135 supro

176 4138 214 4204 (§.
228 4132 286 4209 17.)
298 4140 357 4187 sine
371 4136 498 4188 lectionis
512 4136 642 4187 veniente
655 4134 768 4206 legitur:
788 4134 857 4186 Ecce
879 4143 971 4187 aulem
990 4146 1118 4205 repente,
1137 4134 1181 4186 its
1197 4136 1294 4187 diebus
1302 4143 1416 4206 paucis,
1432 4153 1487 4193 cet.

252 4216 296 4267 15.
319 4212 442 4284 occepta]
464 4209 510 4263 Sic
528 4213 636 4281 scripsi.
656 4236 692 4251 -
710 4217 826 4279 accepta
844 4210 936 4263 Ptine.
956 4209 1063 4264 Bernld.
1084 4208 1145 4266 sid.
1159 4208 1227 4264 Lod.
1242 4221 1386 4282 -coepta
1400 4214 1486 4285 Lugd.

176 4285 241 4341 lint.
261 4284 337 4339 Man.
358 4286 439 4338 Creu.

250 4358 322 4412 Ibtd.
345 4361 492 4427 Augustis]
526 4362 649 4424 August.
670 4354 737 4412 Lod.
756 4384 790 4399 -
817 4360 938 4426 Augusti
956 4358 1037 4411 Creu.
1058 4376 1084 4413 et
1104 4376 1179 4429 seqq.
1198 4387 1236 4402 -
1260 4358 1411 4428 „Scribere
1432 4364 1487 4412 As-

177 4436 272 4489 conius
292 4431 407 4489 debebat
433 4433 474 4506 [ιι
494 4449 550 4485 non
572 4431 874 4504 i'seudo-Asconius'jt
906 4436 1037 4501 Sextilis,
1065 4435 1185 4487 nondum
1213 4438 1287 4486 eninr
1307 4435 1372 4487 huic
1400 4438 1488 4487 mensi

176 4525 275 4564 nomen
297 4513 421 4576 Augusti
440 4508 526 4560 erntl'
556 4506 732 4559 SCHUETZ.
1061 4533 1067 4543 ·

253 4586 296 4639 16.
319 4585 454 4652 August]
477 4584 523 4635 etc
543 4600 590 4652 per
608 4582 755 4653 compend.
777 4579 810 4651 (i.
832 4600 855 4636 e.
879 4581 1027 4655 Augustis)
1048 4584 1140 4636 Ptine.
1162 4581 1267 4636 Bersld.
1288 4581 1349 4638 Atd.
1370 4581 1438 4640 Lotl.
1452 4610 1485 4625 -

178 4657 303 4724 Ateptuti
320 4655 407 4728 Lngd.
426 4658 490 4710 llot.
510 4656 588 4709 Mon.
609 4661 689 4710 tssren.
711 4671 803 4726 pssunt
826 4673 909 4709 recte.

253 4739 298 4792 18.
317 4731 485 4800 repetundis.
523 4731 621 4800 Sorte]
642 4729 809 4800 repetundis.
850 4731 998 4784 Provirtcin
1017 4739 1093 4783 sorte
1115 4729 1180 4785 Lod.
