3210 5280
210 201 270 266 stt
642 198 1069 269 estimo-escotum

208 341 334 420 socios]
376 342 407 404 A
428 338 534 423 specie
562 338 668 422 coepit
695 353 727 404 et
754 340 915 405 subiunxit
944 361 1041 424 genus
1071 337 1202 404 dicendo
1231 348 1342 421 postea
1364 343 1398 406 in
1431 341 1512 407 deas

209 438 313 512 nique
333 434 492 498 nomines.
536 434 598 496 Sed
619 454 682 496 non
704 446 752 496 est
774 433 901 509 vitium,
938 436 1024 516 quod
1044 435 1103 496 sub
1125 432 1234 496 auxesi
1255 434 1413 515 positum,
1447 454 1514 496 non

208 541 269 604 pro
291 523 528 587 ratiocinatione
550 537 608 587 est.
722 599 725 610 .
830 587 840 596 ,
973 602 975 609 Ι

293 614 487 682 Sestertirint
508 616 793 700 quadringenties]
841 617 987 681 Diximus
1015 622 1053 681 de
1080 621 1139 682 hae
1159 617 1345 702 quaestione
1373 638 1511 680 stimmae

184 706 328 769 avariae.
373 707 410 768 ln
430 705 633 769 Divinatione
656 708 737 769 euim
759 709 942 776 setiertitim
962 713 1087 776 millies
1103 712 1191 774 dixit.
1235 711 1330 790 Quod
1344 710 1512 784 solvimus,

210 802 297 883 quod
318 799 418 860 adhue
444 819 506 861 non
532 813 598 860 erat
623 797 774 861 insinuata
796 797 956 861 criminum
979 801 1060 865 ratio
1083 802 1252 877 Ciceroni,
1282 813 1331 876 et,
1363 804 1450 885 quod
1470 823 1514 864 ex

146 910 151 919 ·
210 913 344 973 persona
367 890 490 955 Siciliae
513 891 719 975 loquebatur,
754 912 870 973 augere
893 892 993 962 voluit
1017 895 1196 969 veritatem,
1234 905 1265 956 et
1287 896 1433 976 quoniam
1455 916 1513 975 spe

210 984 325 1065 duplae
349 983 397 1045 sel
420 986 611 1067 quadruplae
633 982 826 1064 repetitionis
843 985 1040 1070 quantumvis
1055 985 1231 1049 accusatori
1244 987 1396 1070 progredi
1411 986 1513 1048 licuit.

211 1079 235 1151 †
267 1079 345 1138 urin
382 1076 523 1160 quamvis
552 1077 730 1151 sestertium
761 1077 974 1161 septuagesies
1003 1089 1119 1141 tantuna
1152 1077 1239 1159 dupli
1272 1079 1397 1142 nornine
1426 1077 1515 1160 exigi

168 1168 315 1231 iniussus
337 1179 404 1244 esi,
436 1169 453 1204 *³
484 1172 523 1232 ad
551 1169 722 1251 gratiamne
751 1169 916 1233 Hortensii
944 1191 982 1232 an
1011 1191 1097 1234 stiam
1126 1193 1165 1234 an
1194 1171 1284 1234 eiiam
1314 1170 1515 1236 conniventia

212 1259 378 1326 Ciceronis
400 1260 527 1350 ipsius,⁸
540 1282 648 1343 parum
671 1262 892 1341 cotnpenitnus.

292 1357 387 1436 Dixi]
431 1354 537 1420 Moris
562 1367 702 1420 veterina
724 1354 802 1426 init,
826 1377 895 1418 cistn
920 1354 993 1418 satis
1016 1355 1113 1419 vuum
1136 1367 1219 1419 esset
1239 1353 1366 1418 dissime
1393 1357 1511 1419 verbo·

211 1467 299 1522 rutn,
324 1448 403 1510 haue
432 1450 493 1510 sibi
515 1447 728 1510 necessitatem
753 1447 904 1509 finiendae
926 1449 1078 1512 orationis
1103 1448 1285 1530 imponere,
1316 1461 1349 1511 nt
1370 1448 1512 1512 dicerent

213 1542 253 1603 ad
276 1540 434 1606 ultimum:
457 1543 556 1610 Dixi:
577 1541 664 1622 quod
689 1538 798 1616 etiarn,
825 1541 863 1599 alt
890 1551 1020 1624 utraque
1042 1553 1132 1622 purte
1149 1542 1509 1624 orationeconsutnpta,

168 1630 299 1707 estatio
322 1630 483 1694 consiliunt
507 1629 753 1704 dimitterentur,
784 1651 901 1712 praeco
923 1632 1039 1695 soleret
1067 1636 1295 1715 pronunciaret
1334 1635 1512 1700 Dixerunt.

865 1732 962 1743 ιιι-ιιι·-
970 1734 1110 1745 -κ--ι--η-
1117 1734 1121 1741 ·
1129 1736 1227 1745 -u—
1233 1733 1513 1746 ——u-

303 1770 327 1818 ι.
347 1770 428 1832 atque
444 1766 544 1831 socios]
571 1768 700 1832 usquein
718 1769 806 1816 sorios
825 1762 903 1836 volgo
922 1762 992 1838 apud
1011 1764 1186 1827 Ciceronem
1214 1763 1262 1818 sed
1281 1765 1426 1836 Zumptins
1446 1780 1511 1816 curn

210 1839 322 1911 optimis
343 1836 421 1888 codd.
441 1841 669 1908 praepositionem
689 1837 796 1891 deiecit.

284 1907 355 1970 ibid.
373 1913 472 1980 gentes]
495 1910 579 1983 Lngd.
598 1912 663 1966 tior.
685 1915 759 1965 Man.
779 1913 859 1966 Cren.
879 1940 916 1954 -
933 1929 1015 1963 senas
1034 1909 1512 1969 Princ.-eactastter.atd.1.0t.

284 1983 355 2038 lbid.
373 1985 418 2055 in]
440 1982 523 2056 lugd.
542 1986 606 2038 Hot.
626 1986 703 2043 Mau.
723 1987 804 2041 Creu.
823 2016 861 2031 -
879 1986 919 2037 ad
936 1991 1051 2057 priores.

304 2065 334 2121 2.
349 2057 412 2134 sub]
434 2063 522 2116 Psiuc.
542 2059 648 2113 Berald.
669 2060 728 2115 sit.
748 2059 813 2113 Lod.
832 2089 870 2106 -
885 2079 938 2129 pre
958 2060 1042 2133 Lngd.
1063 2061 1128 2114 Hot.
1149 2062 1225 2115 Man.
1247 2060 1328 2113 Creo.

302 2138 557 2194 &ratiocinatione
575 2136 628 2203 est]
664 2134 748 2208 Lugd.
769 2137 832 2190 iios.
851 2137 929 2190 itan.
948 2138 1028 2190 Creo.
1056 2163 1093 2178 ·-
1121 2139 1333 2189 ratiocinatione
1357 2132 1426 2209 (orn.
1451 2138 1507 2200 est)

210 2211 387 2265 antistiores.

270 2227 329 2338 qis.
348 2280 511 2334 Sestertium
528 2279 765 2353 quadringenties]
795 2279 1023 2352 quadringenties
1041 2283 1198 2334 sestertitim
1217 2280 1294 2335 editt.
1316 2284 1467 2336 Ciceronis.

283 2354 504 2409 latinissimus
522 2354 626 2408 deltae
647 2357 818 2428 quaestione]
858 2360 943 2429 Supra
962 2355 997 2410 ad
1017 2358 1136 2413 lttrtnst.
1156 2359 1180 2429 §.
1202 2360 1244 2416 19.
1265 2372 1325 2429 pag.
1345 2356 1446 2416 106.l.
1468 2358 1512 2415 16.

303 2437 328 2487 7.
346 2431 447 2499 validi]
476 2432 566 2485 notasti
584 2430 692 2485 Derald.
710 2429 779 2485 Lod.

283 2501 356 2563 ibid.
374 2507 432 2574 spe]
464 2501 522 2558 std.
541 2521 568 2557 et
588 2521 661 2574 seqq.
682 2533 717 2547 -
737 2543 745 2559 .
764 2542 772 2557 .
789 2522 839 2574 pse
859 2507 950 2559 Princ.
974 2534 1002 2549 -
1024 2510 1081 2574 ipsa
1101 2503 1206 2558 Beraid.

301 2585 328 2637 8.
348 2578 446 2654 duplae
464 2579 512 2629 vet
527 2579 707 2650 qisadruptae]
740 2581 830 2632 Ptine.
855 2579 960 2636 Bereld.
980 2577 1040 2634 eit.
1060 2579 1127 2632 Lod.
1147 2605 1181 2620 -
1198 2578 1276 2652 despit
1296 2578 1345 2630 vei
1363 2576 1512 2649 quadrupli

209 2649 294 2726 hagel.
310 2652 371 2707 llot.
387 2656 462 2709 dian.
478 2654 558 2705 Creu.

283 2724 353 2780 lbid.
374 2727 563 2799 quantumvis]
592 2724 676 2799 Logd.
697 2727 761 2780 llos.
781 2727 857 2779 Mna.
879 2729 958 2782 Cren.
977 2754 1013 2769 -
1031 2734 1162 2796 qtsantnm
1180 2730 1224 2777 ins
1241 2729 1417 2796 antiquiores.

301 2803 328 2856 9.
347 2801 422 2858 Nam
444 2807 570 2870 quamvis
587 2831 606 2847 -
625 2831 643 2844 -
662 2832 680 2844 -
698 2806 789 2851 irrssrrs
811 2805 866 2868 est]
895 2801 942 2854 Sic
968 2816 1094 2872 corrupte
1121 2819 1148 2852 ei
1171 2815 1265 2853 manee
1288 2803 1378 2852 Ptine.
1403 2797 1510 2854 Berald.

209 2889 261 2929 nee
282 2870 410 2928 diiierttnt
436 2876 472 2926 ab
493 2875 545 2928 heo
574 2873 692 2929 lectione
717 2874 778 2927 eit.
803 2891 830 2928 et
865 2874 933 2929 Lod.
953 2879 1006 2929 nisi
1030 2873 1102 2943 qood
1127 2879 1155 2927 in
1184 2874 1230 2926 illa
1256 2890 1304 2945 pro
1324 2881 1510 2946 septuagesies

209 2950 308 3021 legitor
321 2955 493 3027 septuagies,
514 2954 542 3001 in
562 2948 613 3002 laec
625 2954 833 3019 septingenties.
849 2976 884 2990 -
896 2968 961 3002 nam
978 2954 1104 3018 quamvis
1114 2954 1272 3002 sestertium
1284 2947 1511 3018 quadringenties

208 3040 228 3076 a
245 3022 336 3081 Verre
353 3030 474 3096 petitum
492 3031 579 3088 esset,
609 3029 769 3092 septuagies
789 3032 897 3090 tamen,
921 3024 998 3094 dttpli
1019 3027 1144 3079 nomine.
1164 3027 1242 3090 exigi
1261 3028 1350 3072 itsssus
1370 3022 1510 3095 estLogd.

208 3097 286 3154 Man.
316 3125 350 3140 -
377 3116 441 3151 nam
467 3103 593 3168 quamvis
618 3103 776 3149 sestertium
806 3103 992 3166 octingenties
1018 3097 1093 3166 dtrpti
1121 3101 1230 3150 nomine
1258 3101 1338 3164 exigi
1359 3115 1425 3148 suus
1452 3106 1511 3161 est,

207 3176 366 3223 sestertium
394 3180 487 3227 tarrten
514 3171 743 3242 quadringenties
771 3172 962 3225 tantummodo
982 3176 1128 3239 repetitum
1150 3180 1191 3221 est
1217 3170 1282 3223 Hos.
1305 3175 1385 3226 Creo.
1432 3171 1511 3241 „HS.

208 3249 392 3313 artagenttee]
422 3249 562 3299 Sententia
584 3251 622 3299 ita
647 3247 700 3317 legi
722 3246 855 3316 postulat,
884 3253 906 3300 si
926 3245 960 3298 ad
979 3246 1055 3316 dupli
1079 3250 1211 3298 rationem
1233 3260 1402 3316 spectemus,
1431 3262 1458 3298 et
1477 3245 1511 3297 ad

209 3335 329 3378 mentera
350 3322 543 3391 Asconii,¹qni
560 3325 649 3374 minos
664 3328 786 3375 exactum
801 3323 858 3373 eise
878 3336 968 3392 aperte
988 3318 1131 3390 significat.
1172 3320 1271 3380 Vetas,
1290 3319 1366 3372 Nam
1384 3326 1512 3390 quamvis

209 3393 266 3448 HS.
288 3400 447 3470 septuagies
467 3393 494 3449 d.
514 3412 542 3448 n.
564 3413 587 3448 e.
611 3414 637 3455 u,
656 3403 699 3446 est
720 3394 759 3444 aei
776 3399 902 3462 gratiam
922 3411 976 3449 cet.
1016 3396 1080 3445 Fere
1103 3409 1193 3445 tamen
1215 3391 1289 3465 dupli
1311 3397 1446 3446 rationem
1469 3412 1512 3448 se·

210 3482 288 3519 entus
308 3483 349 3519 est
370 3467 540 3523 Plutarchus.
565 3468 661 3521 scribit
687 3472 759 3521 euim
779 3475 980 3538 septingenties
1004 3476 1033 3519 et
1053 3473 1234 3538 quinquagies
1252 3467 1329 3520 HS?
1367 3468 1455 3522 not.
1475 3497 1512 3511 -

209 3541 401 3609 „Hotomanus
424 3561 478 3594 nan
500 3557 572 3596 recte
592 3547 629 3596 ita
650 3543 798 3614 supplevit,
825 3560 855 3597 ut
875 3542 996 3608 dicatur,
1021 3547 1143 3611 quamvis
1163 3545 1344 3613 octingenties
1365 3540 1439 3613 dupli
1460 3561 1511 3594 no·

159 3653 168 3663 .
210 3619 284 3670 enine
303 3631 427 3670 ctaetntn
448 3621 500 3680 stt,
520 3632 608 3669 tornea
626 3617 817 3671 tantrrrnmodo
835 3616 1055 3687 quadringenties
1074 3620 1221 3688 repetitum
1241 3632 1317 3669 esse:
1336 3619 1382 3687 qoi
1402 3632 1510 3688 poterat

209 3689 288 3763 pinei
306 3690 382 3743 Dixit
401 3691 559 3745 scholiastes
581 3696 670 3745 minus
692 3707 814 3745 exactum
837 3708 911 3754 esse,
932 3707 1012 3762 quam
1026 3689 1139 3762 duplum
1152 3694 1225 3753 eius,
1245 3688 1317 3762 quod
1337 3694 1365 3742 in
1384 3696 1510 3743 oratione

209 3779 355 3835 repetatur.
393 3765 451 3818 Nec
469 3783 532 3817 sane
552 3783 617 3819 ustis
636 3765 687 3818 init
701 3771 806 3838 exigere
826 3782 927 3819 certam
948 3781 1092 3819 sonituum.
1131 3762 1279 3817 initiare:
1298 3782 1363 3819 nam
1382 3770 1510 3833 quamvis

208 3843 365 3893 sestertium
387 3840 627 3908 [preadrr'ngentt'es
651 3847 797 3911 repetitum
821 3849 879 3906 est,
911 3847 1004 3890 tamen
1029 3841 1199 3908 sestertium]
1227 3844 1428 3909 septingenties
1453 3839 1509 3914 (sic

209 3917 284 3967 enim
304 3929 368 3965 sane
387 3915 528 3985 legendnm
551 3913 603 3987 est)
623 3924 731 3966 tantum
750 3913 826 3983 drtpii
844 3920 953 3972 nomine
971 3919 1051 3981 exigi
1068 3918 1158 3964 iussus
1175 3920 1233 3975 est,
1252 3929 1292 3967 sc.
1316 3917 1422 3966 Verres.
1462 3915 1509 3967 Sic

209 3992 282 4040 enlm
302 3986 482 4058 loquebantur
501 4004 619 4042 extrema
639 4005 741 4051 aetate,
760 3987 955 4042 Verminae
975 4006 1107 4041 stensmam
1126 3993 1267 4054 exigitur,
1287 3991 1367 4052 exigi
1385 3987 1510 4054 iubetur,

209 4060 337 4124 reducto,
357 4077 385 4114 ot
407 4069 434 4114 in
458 4064 534 4126 aliis,
554 4067 736 4137 antiquissimi
757 4068 886 4134 temporis
906 4060 1033 4132 loquendi
1048 4080 1113 4125 nsit,
1134 4060 1166 4115 de
1187 4079 1239 4130 quo
1253 4060 1306 4113 vid.
1328 4061 1415 4113 Plane.
1430 4062 1510 4116 Trio.

209 4136 247 4190 it.
267 4139 299 4200 l,
317 4138 345 4194 6.
365 4136 426 4190 Geli
456 4143 502 4207 qni
519 4137 621 4191 Caecti.
641 4136 744 4191 Metelt.
759 4152 785 4191 et
804 4136 1015 4208 Quadrigarium
1028 4135 1136 4201 iaudat,
1156 4138 1212 4190 XV.
1232 4135 1278 4191 ti.
1297 4136 1369 4188 Non.
1383 4135 1508 4189 Marcell.

209 4226 226 4284 P
283 4291 326 4341 1ο.
346 4279 533 4353 connioentia]
556 4283 620 4338 Lod.
640 4301 668 4338 et
687 4301 762 4357 seqq.
783 4313 817 4325 —
836 4289 1028 4338 convenientia
1048 4288 1161 4356 priores.
1473 4340 1477 4348 ,

281 4364 324 4415 15.
344 4357 563 4426 dimitterentur]
583 4360 671 4428 ,Seil
690 4359 811 4422 iudices,
831 4360 902 4429 quod
922 4358 1083 4412 uocabulum
1104 4359 1149 4411 hio
1168 4354 1259 4413 forsan
1278 4353 1411 4410 excidit.⁸'
1431 4356 1509 4411 SCH.

285 4432 354 4486 lbid.
370 4438 483 4504 praeeo]
506 4435 550 4487 Sic
571 4438 679 4500 scripsi.
710 4434 859 4504 legebatur
875 4442 1000 4500 praetor.
1038 4432 1166 4503 „Praese
1185 4432 1327 4504 legendum
1342 4436 1432 4501 potins
1453 4438 1512 4486 esi-

209 4511 319 4559 stitnens
344 4526 377 4560 es
397 4510 450 4561 hoe
478 4513 637 4580 praesertim
659 4509 800 4560 Ciceronis
825 4508 904 4570 loco,
932 4506 980 4560 lib.
1002 4521 1119 4559 accuset.
1142 4515 1166 4560 2.
1199 4508 1304 4574 [XXX.
1333 4509 1388 4573 ii]
1428 4508 1507 4560 Dicit

208 4598 278 4632 nattes
296 4590 324 4633 et
343 4584 416 4634 alter
434 4583 564 4635 breviter.
604 4581 685 4634 iiiiii
695 4588 898 4648 interrogatur.
937 4581 1072 4632 Praeco
1091 4581 1196 4632 dixisse
1206 4587 1381 4648 pronunciat.
1409 4583 1507 4633 Metuo

209 4669 316 4719 tanuen,
336 4656 553 4709 Dimitterentur
572 4656 675 4708 irsdiees
692 4666 872 4724 aproniane,
890 4655 1134 4721 praeeosoieret.''
1163 4655 1250 4709 itot'.
1288 4654 1368 4710 Cani.
1389 4655 1507 4722 Quintil.

209 4730 276 4784 lust.
297 4731 375 4785 Orat.
396 4730 418 4786 l·
439 4735 472 4806 5,
492 4733 537 4789 43.
557 4746 583 4784 et
604 4729 744 4804 Spalding.
763 4729 797 4782 ad
814 4732 859 4784 vi.
878 4729 912 4794 lt,
934 4736 959 4790 7.
