3210 5280
582 257 630 321 tn
654 256 971 321 scaontaunm.
1071 264 1074 269 ·
1372 234 1421 319 'aa

125 401 201 474 lius,
237 399 342 477 Syllae
371 397 464 459 filius.
522 397 554 458 Is
584 397 615 458 in
643 397 817 460 laudatione
843 398 937 458 multa
967 396 1123 458 humiliter
1143 408 1174 458 et
1195 417 1263 458 cum
1285 397 1420 459 lacrimis

125 496 249 556 locutus
272 513 335 554 nou
359 491 457 551 minus
480 488 639 551 audientes
661 490 837 570 permovit,
861 511 952 572 quam
969 491 1105 552 Scaurus
1120 489 1187 570 ipse
1209 502 1420 571 permoverat.

125 591 173 649 Ad
196 607 298 670 genua
321 584 473 655 iudicum,
499 604 567 644 cum
589 584 756 644 sententiae
770 583 945 657 ferrentur,
971 583 1110 644 bifariam
1131 606 1165 645 se
1181 583 1353 644 diviserunt
1369 583 1421 664 qui

124 701 182 759 pro
205 699 246 741 eo
267 679 442 758 rogabant:
473 678 512 737 ab
534 696 597 737 nuo
619 674 715 736 latere
737 677 873 736 Sunttrus
895 677 961 754 ipse
983 688 1014 737 et
1037 676 1099 738 Μ’.
1123 676 1277 749 Glabrio,
1300 673 1420 736 sororis

122 773 221 841 filius,
244 781 277 833 et
298 770 415 833 Paulus
437 779 467 829 ei
489 769 531 831 P.
554 768 726 838 Lentulus,
754 766 878 829 Lentuli
901 767 992 849 Nigri
1016 766 1163 829 Flaminis
1185 766 1286 840 fitius,
1325 777 1354 827 et
1377 766 1445 826 L.5

124 864 275 924 Aetnilius
303 864 390 924 Buca
416 862 499 923 filius
528 874 558 922 et
589 859 630 923 C.
653 862 840 932 Memmius,
865 861 1115 933 Fattstanatus,
1149 860 1420 940 supplicaverunt;

123 979 159 1018 ex
188 957 286 1017 altera
310 967 398 1036 parte
420 955 504 1032 Sylla
535 955 687 1024 Faustus,
719 955 818 1014 frater
840 950 953 1014 Scauri
981 963 1014 1014 et
1034 954 1076 1014 Τ.
1099 952 1220 1015 Annius
1242 951 1341 1024 Milo,
1372 949 1422 1010 cui

124 1051 236 1112 Fattsta
260 1060 330 1110 ante
352 1069 470 1129 paucos
500 1067 619 1108 menses
641 1057 788 1126 nupserat
811 1045 934 1106 dimissa
954 1048 973 1105 'a
994 1046 1166 1117 Memmio,
1197 1055 1228 1106 et
1250 1045 1293 1106 T.
1315 1044 1420 1106 Petltt-

123 1163 214 1203 caetu
236 1155 267 1202 et
290 1141 331 1205 C.
356 1141 439 1205 Cato
461 1153 491 1201 et
514 1141 565 1202 M.
591 1137 742 1203 Octavius
763 1141 886 1199 Laenas
910 1135 1089 1201 Cttrtiaaus.

214 1307 238 1355 1.
259 1300 433 1368 lucidatione]
455 1299 642 1350 laudationem
662 1298 730 1352 Lod.

193 1375 265 1428 lbid.
285 1375 420 1445 lacrimis]
439 1372 591 1446 lachrymis
609 1374 700 1426 Ptine.
722 1402 757 1414 —
777 1368 911 1444 lacrymis
929 1372 997 1427 Mai.

213 1455 241 1508 5.
261 1449 391 1521 iudicum]
410 1448 539 1499 iudicium
559 1451 650 1500 Ptine.

209 1527 236 1580 Ιι,
257 1525 324 1591 Μ’.]
344 1524 419 1575 Man.
441 1524 535 1576 lisine.
550 1526 638 1574 Beier.
654 1551 689 1564 -
705 1521 736 1574 L.
758 1521 851 1591 Sigon.
874 1552 904 1562 -
927 1522 969 1575 M.
990 1525 1083 1574 ceteri.
1102 1523 1205 1591 ,Atqui
1224 1520 1270 1572 hic
1289 1519 1358 1573 iilius
1378 1536 1419 1574 eat

120 1597 190 1652 baud
212 1598 294 1650 dubie
315 1603 389 1666 eius,
418 1604 462 1668 qui
483 1597 655 1650 consulatum
674 1601 757 1668 gestit
775 1612 838 1648 cum
856 1600 955 1651 Pisone
975 1599 1006 1648 Δ.
1026 1597 1061 1648 U.
1087 1600 1150 1655 687.
1171 1594 1285 1668 ideoque
1304 1597 1419 1647 Manius

121 1675 225 1727 Acilius
246 1673 370 1725 Glabrio.
408 1670 490 1727 Conl.
508 1673 634 1743 Pighiunt
655 1673 687 1724 'l'.
708 1671 756 1722 ttl.
778 1690 804 1742 p.
824 1671 906 1727 409.n
933 1671 1054 1723 tittlbtt.

212 1753 238 1806 5.
259 1747 290 1801 Ρ.
309 1747 451 1813 Lentrdus]
475 1745 691 1817 ,Reponendum
711 1743 817 1797 videtur
836 1745 867 1797 L.
887 1745 1019 1798 laertiulrts
1038 1762 1070 1795 ex
1089 1749 1169 1816 epist.
1191 1745 1233 1801 16.
1252 1743 1299 1797 lib.
1321 1745 1366 1796 IV.
1386 1745 1417 1798 ad
1486 1763 1496 1773 ·

120 1827 177 1875 dtt.
198 1840 225 1874 et
248 1829 273 1876 1.
293 1838 319 1874 et
340 1826 365 1878 l.
386 1821 433 1872 lib.
453 1822 477 1875 l.
497 1820 529 1870 ad
550 1822 585 1887 Q.
604 1818 742 1872 fratrem.‘'
775 1820 920 1873 MANUT.
957 1820 1041 1872 Abest
1062 1820 1127 1870 baec
1147 1825 1287 1872 annotatio
1306 1817 1418 1889 aLugd.

117 1897 249 1965 ,lentuli
278 1897 353 1967 Nigri
382 1897 509 1948 Flaminis
536 1895 604 1946 iilius
630 1894 745 1958 Lucitn,
780 1899 827 1964 qui
852 1893 947 1946 eodem
966 1909 1037 1945 anno
1056 1893 1206 1946 Gabinium
1225 1894 1257 1945 de
1277 1899 1418 1947 maiestate

119 1972 284 2043 postularit,
304 1987 467 2023 memoratur
487 1967 520 2020 ad
539 1972 574 2038 Q.
593 1967 670 2021 fratr.
691 1970 744 2023 lll.
763 1986 807 2039 ep.
827 1973 853 2021 t.
873 1986 898 2024 e.
916 1969 962 2025 5.''
990 1968 1108 2021 BlllEll.

210 2049 238 2104 6.
259 2046 345 2110 Buca]
367 2047 458 2098 Princ.
478 2044 585 2097 flemis.
605 2042 673 2098 Lod.
696 2045 765 2096 Mai.
786 2071 822 2086 -·
839 2043 930 2095 Bacca
949 2050 1042 2095 ceteri.

195 2119 268 2174 lbitl.
289 2121 448 2187 Memmius]
469 2118 552 2189 Lugd.
572 2119 635 2170 Hot.
655 2119 733 2170 Man.
752 2118 832 2169 Creu.
852 2147 888 2160 -
907 2119 1028 2169 Memius
1045 2119 1135 2171 Princ.
1155 2114 1417 2171 numantinum

214 2200 241 2252 7.
263 2194 296 2246 Τ.
315 2199 424 2245 Annius
443 2195 528 2259 Milo]
555 2196 673 2247 Beiurus.
692 2221 729 2234 -
748 2193 778 2244 C.
799 2194 922 2243 Aronius
940 2193 1017 2245 Limo
1036 2192 1127 2245 Ptine.
1146 2190 1253 2246 Berald.
1273 2191 1330 2244 tttd.
1352 2191 1417 2244 Lod.

119 2271 187 2322 tiri.
210 2300 241 2310 -
265 2272 296 2321 C.
317 2272 457 2338 Apronius
476 2268 553 2320 Limo
574 2266 658 2337 Lugd.
676 2269 741 2319 iiot.
756 2266 831 2320 Mau.
848 2269 928 2320 Creu.
943 2269 1035 2318 Heior.
1048 2296 1082 2308 -
1101 2269 1154 2335 ,C.
1169 2269 1309 2336 Apronius
1328 2266 1416 2332 Limo]

118 2345 303 2411 Quaesturam
323 2341 389 2396 lacit
409 2360 480 2394 enno
500 2358 628 2411 sequente
644 2345 753 2414 Pighius
773 2341 792 2393 l.
811 2357 837 2396 e.
875 2347 971 2393 Verum
990 2344 1018 2395 id
1038 2346 1127 2393 minus
1141 2358 1255 2393 cot-tum.
1294 2341 1345 2394 Sed
1359 2341 1416 2393 Cic.

121 2436 171 2487 pro
192 2418 256 2471 tait.
278 2434 303 2469 c.
322 2423 366 2477 27.
387 2418 509 2488 loquitur
528 2419 560 2468 tle
586 2416 759 2468 adolescente
779 2422 917 2486 Apronio:
946 2421 991 2485 qui
1011 2431 1052 2469 est
1072 2418 1103 2468 L.
1123 2418 1265 2487 Apronius
1284 2415 1418 2481 Asconio,

119 2497 148 2543 in
169 2493 270 2545 Milon.
296 2497 325 2544 iu
350 2492 376 2544 fi.
415 2494 464 2545 llle
484 2510 538 2544 non
558 2506 648 2562 potest
667 2491 786 2543 diuersus
807 2508 864 2543 etse
885 2507 899 2541 n
918 2507 1028 2554 nostro,
1051 2506 1078 2543 et
1097 2507 1254 2562 corruptum
1276 2506 1315 2541 est
1335 2505 1418 2562 prae-

78 2562 81 2569 ’
119 2585 220 2618 nornen
241 2567 371 2618 alterutro
391 2566 462 2622 loeo.
501 2567 658 2636 cognomen
678 2565 756 2618 Limo
775 2563 923 2618 notandum
943 2583 1004 2618 cunt
1025 2567 1078 2617 hoe
1099 2565 1235 2637 exemplu:
1267 2579 1330 2615 nam
1353 2583 1418 2616 uus·

118 2658 199 2711 quam
219 2641 285 2692 alibi
307 2646 424 2695 invenio.
462 2642 583 2705 Fausta,
610 2645 662 2711 ipsi
689 2659 775 2710 nuper
800 2655 900 2712 nupta,
920 2640 974 2692 filia
994 2640 1083 2692 Sullae
1110 2640 1251 2694 dictatoris
1272 2640 1416 2709 Faustique

119 2733 214 2779 soror,
237 2715 324 2767 tribus
342 2721 484 2768 minimum
504 2715 642 2767 adulteriis
662 2715 792 2786 probrosa
812 2713 857 2786 (dc
877 2733 931 2784 qno
951 2715 1004 2767 tid.
1024 2714 1137 2767 Bentlei.
1158 2715 1190 2767 ad
1210 2716 1304 2768 llorat.
1331 2714 1416 2766 Serui.

120 2792 141 2843 l.
162 2797 194 2852 2,
213 2793 272 2856 6¹1.)
302 2795 367 2842 item
387 2810 419 2842 ex
439 2793 467 2844 b.
486 2789 505 2843 l.
527 2789 712 2841 memorabilis
740 2791 826 2841 tribue
852 2795 929 2855 viris,
959 2807 1075 2861 quorum
1100 2795 1204 2863 primus
1229 2789 1315 2841 luerat
1335 2788 1416 2841 Milo.

118 2866 241 2917 llElNli.
283 2869 404 2932 Apronio
424 2881 549 2937 gensest
569 2863 675 2935 plebeia
701 2878 727 2914 et
747 2863 904 2916 consularis.
942 2863 993 2916 sed
1022 2882 1036 2917 e
1061 2880 1156 2916 nostro
1180 2865 1243 2916 loco
1269 2868 1311 2914 vix
1336 2867 1416 2915 citari

117 2944 219 3011 poterit
241 2938 338 2991 mulier
359 2944 558 3002 triumvirum,
578 2956 692 3008 quorum
706 2942 808 3008 primus
821 2937 905 2992 luerit
918 2939 997 2989 Milo.
1029 2939 1191 3010 Neutiquatn
1206 2953 1312 2991 constat
1325 2938 1417 2990 lectio.

117 3013 194 3084 Apud
217 3021 318 3066 Ascon.
338 3013 371 3065 ad
392 3015 491 3069 bliluu.
510 3013 529 3066 l.
548 3029 573 3065 c.
593 3014 737 3068 Subernius
758 3032 784 3084 p.
804 3012 868 3069 546.
890 3031 913 3068 s.
933 3012 1015 3064 habet
1040 3013 1063 3064 L
1100 3019 1226 3081 Aponio,·
1256 3017 1373 3083 itemque
1393 3031 1418 3066 c.

117 3096 162 3141 2³7.
182 3090 204 3154 §-
228 3092 272 3143 75.
294 3107 333 3159 pr.
354 3090 470 3156 Aponio.
492 3092 605 3159 Peyron.
625 3102 716 3139 autem
736 3084 810 3139 dedit
830 3088 861 3140 P.
883 3092 997 3156 Apinio,
1019 3103 1081 3138 eum
1095 3106 1109 3138 e
1123 3090 1215 3141 Bauer.
1230 3086 1292 3141 cod.
1314 3091 1417 3156 Apinio

116 3178 277 3226 ettotatum,
297 3168 325 3213 in
346 3164 521 3235 palimpsesto
543 3176 631 3214 autem
653 3166 797 3232 reperisset
817 3162 974 3216 PAPlNlO.
1013 3162 1132 3213 lndicari
1155 3164 1200 3214 bic
1218 3162 1331 3214 eundem
1351 3180 1418 3232 per-

117 3254 258 3306 negamus.
296 3239 440 3290 Retlucitor
465 3237 498 3290 Τ.
522 3240 632 3288 Annius
657 3235 752 3287 Milo:
783 3241 860 3289 cuius
880 3255 947 3288 uxor
972 3237 1075 3287 Fausta
1101 3252 1171 3289 anno
1191 3235 1280 3288 adbuc
1301 3239 1334 3290 U.
1354 3241 1417 3292 702.

121 3316 279 3381 agnoscitur
300 3316 316 3364 l.
336 3313 367 3364 V.
386 3311 418 3362 ad
439 3319 497 3364 Art.
516 3329 558 3380 ep.
578 3319 604 3368 8.
623 3325 650 3362 et
670 3314 697 3362 ln
719 3316 827 3364 Asconii
849 3329 904 3382 arg.
924 3311 1093 3364 Milonianae
1114 3328 1157 3383 ap.
1178 3312 1286 3365 Sebittt.
1306 3330 1333 3382 p.
1353 3314 1416 3366 527.

117 3390 155 3457 [Ρ.
174 3389 236 3442 i'tl·
257 3387 331 3452 ilat]
358 3386 448 3439 Mtte
468 3385 553 3435 rlterla
571 3383 720 3436 vehebatur
745 3404 806 3435 cum
831 3404 936 3437 uxore
956 3387 1101 3450 Fausta,
1131 3385 1213 3439 iilia
1239 3387 1270 3441 L.
1296 3385 1416 3439 sullae

122 3462 300 3511 dictatori
312 3477 339 3518 s;
359 3479 384 3530 p·
405 3465 466 3517 529.
489 3465 526 3530 [p.
544 3458 605 3516 tlt.
620 3462 696 3527 llot.]
713 3461 927 3529 posttdaverunt
946 3499 953 3513 .
973 3499 980 3513 .
992 3459 1140 3529 familiam
1159 3460 1330 3525 Milonis,
1350 3466 1417 3510 item

116 3536 271 3586 Faustae
300 3540 422 3586 uxoris
451 3539 526 3586 eius
547 3533 768 3587 scindendam..
790 3537 874 3605 Appii
893 3535 1060 3587 Clattelit'.-
1077 3535 1364 3589 EasdemFattstae
1384 3548 1416 3586 et

116 3610 273 3661 Milonis
287 3607 421 3677 sarnilias
436 3609 650 3678 postulauerunt
669 3609 723 3659 duo
740 3610 857 3662 Valerii.
896 3611 958 3661 Non
978 3625 1066 3662 tameo
1087 3609 1257 3682 reiragubor,
1276 3615 1300 3663 si
1319 3614 1363 3662 eui
1383 3606 1417 3660 ad

115 3687 237 3753 comupti
258 3687 378 3734 nominis
399 3685 430 3737 C.
452 3688 570 3752 Apronii
587 3683 691 3735 litteras
706 3689 815 3755 propius
829 3685 955 3737 accedere
968 3685 1090 3737 videatur
1102 3685 1250 3755 Papiamts.
1289 3677 1417 3737 Testatur

115 3763 189 3811 euim
197 3756 271 3809 idem
281 3760 379 3810 Ascon.
388 3757 455 3810 ibid.
462 3756 493 3809 ad
502 3774 526 3812 e.
534 3763 578 3816 55.
598 3757 731 3808 Milonem
740 3777 776 3810 ex
777 3758 897 3828 faenilia
899 3757 995 3828 fecisse
1007 3761 1027 3812 P
1036 3775 1074 3832 ap
1083 3763 1130 3823 ia,
1146 3760 1242 3810 deinde
1252 3758 1418 3829 adoptatum

110 3831 205 3902 sitisse
225 3850 244 3881 a
262 3832 293 3883 C.
307 3834 400 3882 Annio
414 3850 469 3883 nuo
480 3850 529 3883 suo
542 3839 675 3883 materna.
699 3832 896 3885 betausius.
912 3833 1050 3887 Plutarch.
1065 3839 1093 3888 io
1106 3835 1184 3886 Sulla
1197 3851 1222 3889 c.
1234 3837 1279 3892 δἰ.
1299 3834 1414 3887 BElEll.

208 3912 236 3965 8.
257 3906 401 3973 Memmio]
421 3908 525 3957 Memiu
546 3909 636 3960 Ptine.
655 3905 761 3960 Berald.
782 3907 838 3960 ΑΜ.
859 3905 926 3960 Lod.
1431 3911 1435 3916 ’

208 3982 237 4036 9.
258 3979 423 4046 Pedttcaeus]
444 3981 519 4032 Mau.
541 4007 575 4020 -
595 3979 732 4032 Pedncetts
751 3986 844 4035 ceteri.

189 4052 264 4106 ibid.
284 4054 326 4105 M.
347 4055 482 4106 Octavius
499 4055 608 4107 Laenas
627 4055 788 4123 Curtinnus]
807 4060 893 4110 Beier.
916 4085 947 4096 -
967 4056 1013 4111 M.
1034 4055 1123 4108 Olenu
1142 4055 1303 4106 Scoriiantes
1323 4057 1414 4109 Ptine.

116 4127 223 4180 Besald.
244 4126 305 4181 Atti.
324 4130 392 4182 Lod.
413 4131 481 4184 Mai.
501 4157 535 4171 -·
554 4131 599 4183 M.
617 4129 721 4181 Olenus
739 4132 889 4183 Curiiamss
907 4131 990 4202 Lugd.
1006 4132 1070 4183 llot.
1085 4133 1160 4184 Man.
1174 4131 1253 4185 Cren.
1274 4157 1308 4172 -
1329 4132 1417 4197 „Ole-

116 4219 168 4253 nus
186 4208 393 4269 nomenensi,
419 4210 462 4256 cni
482 4203 594 4257 libertas
613 4204 675 4257 data
695 4220 710 4255 a
729 4205 763 4258 Τ.
783 4206 874 4257 ilatio
892 4209 980 4276 Aug,
1010 4222 1083 4258 extat
1103 4203 1239 4276 inlepide
1259 4206 1368 4258 Gruteri
1391 4223 1417 4275 p.

117 4281 180 4334 577.
201 4296 229 4328 n.
251 4280 277 4335 5.
292 4273 421 4340 Ὤλενος.
457 4281 498 4332 Ex
517 4295 571 4348 quo
590 4278 693 4330 Olenus
712 4284 801 4352 potuit
820 4278 946 4342 formari,
967 4279 1194 4349 quemadmodum
1214 4298 1246 4332 ex
1259 4278 1416 4349 Eutychus,

116 4349 298 4421 Trapltimus,
320 4351 462 4403 Patraduo
479 4354 577 4406 ductae
596 4369 659 4406 sunt
678 4351 782 4405 formae
802 4359 945 4406 nominum
963 4354 1121 4425 Etttyaltas,
1147 4352 1329 4422 Trophimae,
1347 4357 1416 4407 Pai-

115 4425 206 4476 ladas.
227 4426 258 4476 V.
278 4426 391 4478 Salmas.
411 4431 439 4478 iu
459 4427 575 4479 'lrebell
596 4427 664 4479 Poll.
685 4446 711 4500 p.
732 4433 795 4486 278.
815 4430 842 4480 t.
863 4429 963 4480 Verum
983 4429 1115 4481 eiusmodi
1131 4427 1234 4481 formae
1249 4445 1333 4497 neque
1348 4443 1417 4478 tem-

116 4517 214 4572 porum
235 4516 297 4551 suut
317 4500 443 4566 illorum,
461 4500 508 4553 sed
528 4507 704 4568 citeriorum,
721 4518 747 4555 et
767 4502 854 4556 multo
874 4508 963 4556 minus
983 4503 1060 4556 locus
1080 4505 1124 4557 hic
1138 4518 1226 4575 potest
1241 4520 1298 4554 esse
1313 4502 1416 4554 homiui

116 4573 265 4627 libertinae
285 4575 461 4628 cortdtnonir.
500 4577 552 4628 llic
580 4580 665 4647 igitur
693 4592 785 4630 notter
812 4577 915 4628 Olenos
943 4577 1066 4650 prolecto
1092 4585 1164 4633 veuit
1189 4596 1221 4630 ex
1247 4577 1416 4647 corruptela,

116 4665 179 4702 cunt
199 4665 319 4712 nomeu,
339 4649 501 4722 compendio
521 4653 673 4722 scriptum,
700 4667 762 4703 eum
783 4657 947 4724 cognomine
973 4653 1144 4706 coalesceret.
1182 4653 1247 4705 Erat
1266 4655 1416 4722 seriptum:

117 4724 159 4774 M.
179 4722 214 4774 0.
235 4723 326 4775 Lenos
345 4725 509 4790 Curiianue,
538 4723 565 4776 id
586 4724 657 4796 quod
676 4725 728 4796 legi
749 4725 881 4791 debebat,
911 4726 955 4778 M.
976 4728 1112 4780 Octavius
1130 4728 1237 4781 Menas
1257 4725 1417 4778 Curtionns.

117 4798 162 4851 Sic
184 4796 466 4854 {tarsumenno
492 4801 595 4855 Laenas
620 4801 788 4872 Pontianus,
816 4799 911 4857 consul
936 4803 970 4855 Δ.
989 4802 1024 4857 tt.
1043 4803 1106 4863 861.
1127 4801 1177 4856 sub
1196 4799 1343 4854 Badriano.
1383 4801 1418 4854 lit
