3210 5280
472 895 541 1031 Q.
580 863 957 1002 nsooums'
992 893 1336 999 PEDIANUS

893 1157 925 1204 tn

372 1323 435 1416 M·
488 1332 837 1420 TULLII
895 1333 1433 1421 CICERONIS

784 1514 1022 1612 omniorum
1085 1524 1092 1537 '

564 1748 571 1756 '
688 1741 788 1818 PRO
827 1743 876 1816 Μ.
917 1741 1121 1820 SCAURO.

181 2218 374 2347 {1³11Hanc
394 2290 522 2354 quoque
544 2267 717 2333 orationem
739 2266 854 2332 eisdem
875 2267 1055 2332 consulibua
1077 2264 1183 2342 dixit„
1195 2267 1308 2350 quibus
1326 2289 1387 2350 pro
1402 2268 1547 2345 Vatinio,

252 2364 295 2426 L.
318 2361 461 2438 Domitio
490 2363 708 2426 Ahenobarbo
739 2372 770 2424 et
799 2360 907 2443 Appio
939 2358 1073 2425 Claudio
1102 2361 1243 2423 Pulchro
1273 2359 1369 2424 Cora.
1404 2363 1548 2426 Summus

250 2454 356 2517 indicii
378 2455 444 2516 dies
464 2453 525 2517 fuit
547 2476 576 2517 a.
599 2456 631 2517 d.
655 2453 740 2517 1111.
763 2453 850 2516 Non.
873 2454 1052 2536 septembr.

600 2601 934 2664 ARGUMENTUM
965 2599 1060 2665 HOC
1094 2601 1191 2663 EST.

223 2740 239 2787 ⁵
333 2723 466 2785 Marcus
488 2723 642 2795 Scaurus,
667 2721 719 2783 M.
736 2719 845 2783 Scauri
866 2719 964 2795 filius,
988 2720 1043 2805 qui
1056 2721 1201 2802 princepe
1217 2732 1340 2784 senatus
1353 2722 1431 2798 fuit,
1455 2725 1547 2788 vitri·

253 2837 322 2878 enm
345 2815 453 2877 habuit
476 2815 611 2894 Syllam:
634 2833 697 2896 quo
713 2812 835 2875 victore
857 2824 887 2876 et
903 2814 1048 2878 munifico
1067 2813 1098 2875 in
1119 2812 1223 2876 soeioa
1241 2813 1392 2879 victoriae
1413 2816 1456 2878 ita
1473 2821 1548 2881 abe·

250 2912 349 2973 tinens
374 2910 452 2984 fuit,
484 2922 518 2973 ut
539 2910 612 2972 nihil
628 2929 729 2991 neque
750 2908 861 2970 donari
884 2908 944 2972 ribi
965 2911 1100 2974 voluerit
1122 2930 1221 2993 neque
1247 2911 1285 2972 ab
1310 2912 1397 2972 hasta
1424 2915 1547 2976 emerit.

248 3004 448 3068 Aedilitatent
473 3025 588 3067 trimma
604 3001 828 3086 magnificentia
847 3004 963 3087 gessit,
987 3006 1085 3079 adeo,
1109 3014 1143 3065 ut
1163 3005 1196 3064 in
1217 3002 1282 3064 cius
1296 3003 1448 3084 impensae
1467 3028 1547 3088 opea

247 3119 319 3160 strae
345 3097 552 3178 absumpserit
586 3115 792 3181 magnumque
818 3117 869 3158 aec
897 3096 1028 3159 alienum
1054 3094 1257 3161 contraxerit.
1309 3097 1361 3157 Ex
1389 3109 1541 3177 praetura

206 3189 446 3271 ,oprovinciam
470 3187 640 3249 Sardiniam
664 3186 814 3264 obtinuit,
846 3187 878 3250 iu
900 3210 960 3273 qna
982 3210 1083 3272 neque
1105 3189 1179 3252 satis
1201 3189 1393 3256 abstinenter
1416 3211 1451 3251 se
1473 3213 1547 3275 ges·

247 3282 324 3344 sisae
347 3281 539 3344 existimatus
556 3293 602 3343 eet
623 3291 654 3344 et
679 3280 769 3342 valde
801 3292 1006 3364 arroganter:
1041 3284 1127 3365 qnod
1158 3304 1256 3366 genus
1285 3303 1405 3342 morum
1438 3281 1469 3343 iu
1505 3304 1546 3346 eo

246 3386 410 3456 paternum
434 3375 615 3449 videbatur,
640 3396 709 3436 eum
725 3386 847 3436 caetera
862 3373 1011 3437 industria
1035 3396 1227 3459 nequaquam
1251 3388 1331 3437 esset
1351 3397 1420 3456 par.
1464 3377 1547 3438 Erat

319 3581 350 3632 lu
370 3578 435 3632 edit.
456 3583 579 3651 principe
599 3594 626 3632 et
652 3577 759 3637 Berald.
787 3578 880 3632 titulus
900 3594 957 3633 ert:
986 3580 1069 3633 PRO.
1088 3583 1128 3634 M.
1148 3579 1302 3634 SCAURO.
1339 3579 1545 3635 Subrcribitur:

244 3653 326 3708 PRO.
347 3655 386 3708 Μ.
408 3653 561 3707 SCAURO.
583 3654 688 3707 FtNlS.

336 3733 363 3784 5.
382 3746 409 3781 a.
429 3729 467 3796 ά]
488 3729 608 3781 Beierua.
627 3757 664 3770 -
683 3747 701 3778 a
719 3730 811 3782 Princ.
830 3726 938 3781 Berald.
958 3757 993 3770 -
1013 3729 1051 3779 ad
1071 3733 1164 3782 ceteri.

317 3802 388 3857 thim
410 3803 475 3854 1111.
494 3803 568 3858 Non.
589 3804 674 3874 Sept]
714 3803 807 3872 „Puto
837 3801 978 3874 legendum
1004 3802 1055 3855 111.
1088 3807 1189 3857 Nonas
1214 3802 1288 3872 Sept.
1314 3820 1346 3855 ex
1376 3801 1543 3856 Kalendario

243 3893 332 3930 verere
353 3877 503 3929 Romano.''
525 3878 667 3930 MANUT.
706 3879 781 3930 Haec
799 3883 941 3930 annotatio
960 3875 1035 3929 abeat
1055 3893 1070 3928 a
1090 3877 1173 3949 Lugd.
1192 3894 1243 3929 nec
1262 3877 1327 3949 quid
1346 3878 1399 3930 eibi
1419 3882 1485 3931 vetit
1505 3884 1546 3931 vir

242 3950 418 4004 doctissimus
440 3957 584 4023 perspicio.

335 4032 359 4082 n,
383 4025 662 4077 ARGUMENTUM
680 4025 758 4077 HOC
775 4024 857 4092 EST]
884 4024 1101 4079 Princ.Bera1d.
1122 4025 1186 4078 Hor.
1206 4054 1243 4068 ·-
1263 4025 1546 4082 ARGUMENTUM

241 4099 309 4155 Lod.
336 4102 416 4154 Creu.
443 4129 481 4140 —
509 4099 584 4152 idern
612 4100 723 4152 verbum
753 4104 844 4152 rtatim
872 4116 931 4171 port
959 4098 1077 4151 iudicem
1102 4115 1206 4171 ponunt
1228 4098 1285 4152 Ald.
1306 4099 1389 4170 Lugd.
1409 4102 1487 4155 Man.
1507 4134 1544 4146 -

240 4175 426 4246 Quintilianus
437 4175 527 4226 luerit.
547 4176 623 4227 Orat.
644 4177 674 4228 V.
697 4184 749 4236 10,
768 4179 794 4230 9.
815 4180 971 4225 orationum
986 4176 1126 4226 Ciceronis
1139 4176 1216 4226 velam
1229 4174 1318 4225 thema
1332 4182 1389 4245 ipse
1402 4194 1544 4246 erponem

239 4249 377 4300 Pedianur
396 4251 662 4320 Argumentum,
681 4253 786 4317 inquit,
808 4249 880 4300 tale
900 4265 965 4302 eat.
984 4247 1063 4301 ttoni.
1084 4266 1269 4321 argumentum
1290 4251 1468 4306 Muonnnae.

330 4328 357 4381 5.
377 4324 495 4374 Marcus
513 4323 645 4390 Scaurus]
673 4324 790 4374 Marcus
808 4328 878 4374 enim
898 4323 1019 4375 Scaurus
1037 4323 1096 4378 tld.
1117 4323 1184 4376 Lod.
1205 4323 1289 4396 Lugd.
1309 4325 1386 4378 Men.

329 4400 520 4463 6.'vitricum]
541 4403 685 4449 victricum
704 4399 795 4451 Ptine.
816 4397 921 4451 Beratd.
944 4396 1003 4450 Atd.
1025 4397 1089 4451 Lod.

331 4479 356 4530 7.
376 4470 469 4538 hasta]
490 4480 554 4522 asra
573 4474 663 4526 Priuc.
899 4478 926 4531 8.
945 4474 1097 4542 impensas]
1116 4477 1240 4542 impensa
1259 4470 1366 4527 Berald.

328 4549 356 4603 9.
375 4549 562 4613 contraxerit]
590 4549 735 4598 contraxit
753 4547 846 4600 Princ.

312 4619 465 4695 12.·Erat]
487 4621 534 4672 Sic
555 4638 666 4692 uterque
686 4618 747 4672 eod.
768 4619 961 4674 Ambroatanua
982 4634 1008 4672 et
1027 4617 1133 4672 Berald.
1154 4645 1186 4660 -
1211 4628 1276 4672 orat
1294 4621 1385 4674 Princ.
1407 4636 1541 4695 typogra-

237 4693 334 4765 phito‚
353 4702 382 4746 ni
401 4699 506 4767 egregie
526 4692 622 4762 fallor,
643 4713 748 4760 errore,
770 4695 839 4750 uude
860 4711 964 4748 tameo:
984 4723 1021 4736 —
1041 4702 1174 4746 oraverat
1193 4693 1253 4750 old.
1272 4712 1298 4749 et
1317 4712 1391 4768 teqq.
