3210 5280
191 203 231 268 tt
731 207 956 311 asconius
1034 271 1049 291 ,,

190 345 271 408 Nam
291 366 330 409 eo
347 356 512 428 tempore,
541 368 612 411 cum
634 347 698 414 Co.
722 347 879 424 Manlius,
909 347 1051 411 tribunus
1074 349 1194 430 plebis,
1224 351 1375 415 subnixus
1396 351 1495 418 liber·

191 440 328 501 tinorum
352 449 383 500 et
405 461 569 503 servorum
588 462 696 515 manu,
719 441 957 522 perditissimam
979 442 1080 524 legem
1102 443 1219 517 l'erret,
1244 455 1276 506 ιιι
1291 445 1445 509 libertinis
1460 447 1493 511 io

191 532 333 594 omnibus
356 533 499 594 tribubus
521 534 704 616 suffragium
725 546 822 608 esset,
846 534 940 617 idque
962 555 1020 616 per
1044 535 1208 598 tumultum
1228 551 1357 619 ageret,
1382 552 1413 600 et
1434 541 1493 602 cli·

191 646 264 687 vum
285 624 494 706 Capitolinum
520 627 697 701 obsideret,
721 620 910 690 discusserat
929 640 1177 712 perruperatque
1192 642 1316 692 coetum
1332 631 1494 695 Domitius

164 717 250 792 tila,
285 729 318 779 ut
344 718 431 779 multi
458 719 692 782 Manilianorum
719 719 986 785 interficerentur.
1029 721 1101 800 Quo
1131 721 1217 785 iacto
1246 734 1275 785 et
1302 724 1425 804 piebem
1447 724 1496 786 in·

189 813 290 874 timam
317 813 507 886 offenderat,
531 826 562 876 et
583 825 707 877 senatus
728 832 872 890 maguam
895 815 1025 895 gratiam
1048 812 1173 875 inierat.

273 908 322 984 (§.
347 906 421 982 32.)
443 907 562 987 Itaque
581 906 672 969 illud
690 907 887 969 darsianum
912 903 1078 966 indiciam
1095 907 1130 966 iu
1143 907 1194 967 llis
1206 911 1356 987 personis
1370 909 1494 973 valeat.

273 999 316 1060 L.
340 997 469 1062 Cassius
489 996 566 1069 suit,
600 996 680 1058 sicut
701 995 759 1058 iam
780 1015 875 1074 saepe
896 995 1046 1068 diximus,
1076 1014 1214 1058 suurmae
1237 997 1285 1059 vir
1305 1001 1494 1062 severitatis.

190 1089 345 1170 Quotiens
369 1088 529 1172 qrraesitor
551 1087 656 1151 iudicii
678 1087 808 1151 alicuius
830 1099 928 1160 esset,
952 1090 983 1148 in
1005 1107 1068 1169 quo
1091 1100 1297 1169 quaereretur
1316 1095 1354 1152 de
1368 1088 1496 1154 horulae

147 1181 315 1252 ttocciso,
339 1183 488 1242 suadebat
505 1191 599 1261 atque
623 1181 712 1242 etiam
735 1180 878 1260 praeibat
900 1178 1051 1242 iudicibus
1075 1182 1152 1254 hoc,
1176 1185 1262 1264 quod
1282 1183 1400 1246 Cicero
1413 1205 1496 1246 nrrnc

189 1277 355 1346 admonet,
379 1284 411 1334 ut
432 1283 654 1356 quaereretur,
679 1271 728 1332 cui
748 1274 833 1334 bono
852 1271 980 1343 fuisset,
1005 1273 1211 1352 periremus,
1235 1277 1273 1335 de
1289 1275 1376 1339 errius
1392 1287 1495 1340 morte

189 1368 363 1449 quaeritur.
408 1365 460 1429 Ob
481 1387 574 1447 quiam
598 1364 814 1438 severitatem,
852 1386 916 1446 quo
937 1378 1077 1446 tempore
1099 1369 1177 1428 Sex.
1200 1368 1404 1443 Peducaeus,
1436 1370 1495 1431 tri·

127 1526 131 1537 ,
189 1460 291 1520 bainus
323 1457 442 1539 piebis,
480 1456 659 1519 criminatus
689 1469 754 1531 est,
788 1460 832 1520 L.
863 1459 1048 1531 Metellum,
1085 1459 1271 1520 Pontificem
1294 1460 1493 1537 Maximum,

188 1560 353 1634 totumque
375 1549 544 1631 collegium
570 1550 752 1630 pontificum
771 1550 849 1629 male
871 1549 1024 1612 iudicasse
1048 1552 1086 1612 de
1107 1551 1224 1614 incesto
1251 1553 1404 1636 virgiuum
1427 1555 1496 1616 Ve-

148 1643 331 1716 tsstaliuur‚
370 1645 456 1726 quod
480 1663 570 1704 anam
606 1645 699 1708 ruodo
732 1642 896 1713 Aemiliam
926 1647 1145 1719 damnaverat,
1180 1648 1362 1709 absolverat
1391 1659 1495 1710 autem

196 1737 290 1809 duas,
330 1736 484 1798 Marciam
510 1747 542 1797 et
566 1737 738 1812 Liciniam,
771 1737 907 1817 populus
935 1738 1016 1797 hunc
1037 1736 1177 1802 Cassium
1202 1739 1342 1815 creavit,
1379 1741 1495 1823 quide

117 1847 182 1904 [aas]
193 1829 305 1889 eisdem
332 1826 509 1912 virginibus
531 1840 713 1912 quaereret:
747 1825 835 1910 isque
864 1839 895 1889 et
919 1842 1065 1913 utrasque
1093 1851 1146 1894 eas
1172 1844 1202 1895 et
1219 1846 1383 1914 praeterea
1407 1855 1495 1897 coto·

191 1920 297 2002 plures
319 1920 393 1982 alias
415 1920 504 1982 nimia
530 1922 640 1998 etiam,
666 1933 699 1983 ut
724 1919 911 1983 existimatio
930 1934 993 1997 est,
1015 1924 1182 2004 asperitate
1202 1947 1276 1987 usus
1295 1924 1467 1988 detonavit.

274 2017 325 2093 (§.
349 2013 422 2089 33.)
463 2014 503 2077 lit
529 2016 663 2095 aspexit
681 2035 733 2077 me
752 2013 823 2074 illis
846 2012 979 2093 quidem
1003 2015 1132 2092 oealia',
1164 2017 1284 2099 quibas
1306 2029 1387 2082 tanc
1409 2020 1498 2083 sole·

147 2103 266 2182 sobal,
302 2125 381 2167 cum
414 2103 564 2178 omuibus
600 2106 715 2165 omnio
749 2100 952 2165 minabatur.
992 2107 1104 2168 Movet
1127 2128 1189 2176 ¹me
1224 2110 1348 2191 quippe
1382 2110 1496 2172 tamea

193 2198 331 2258 cariae!

272 2288 346 2348 Hoc
368 2293 416 2364 est
440 2285 516 2346 Sex.
537 2280 689 2356 Clodius,
713 2302 805 2367 quem
824 2280 853 2343 in
876 2296 1059 2366 argumento
1079 2284 1169 2347 buius
1190 2284 1342 2349 orationis
1361 2282 1494 2347 diximus

187 2398 303 2458 corpus
323 2377 428 2441 Clodii
450 2376 482 2439 in
506 2378 622 2438 curiam
645 2375 784 2436 attulisse
802 2384 834 2434 et
854 2375 896 2437 ibi
917 2396 1090 2452 cremasse,
1115 2399 1217 2462 eoque
1231 2379 1360 2441 incenso
1374 2379 1495 2440 curiam

187 2471 420 2552 conflagrasse3
444 2472 514 2534 ideo
539 2472 640 2532 lumen
663 2468 768 2531 coriae
791 2467 878 2529 dicit.

143 2587 176 2637 25
269 2566 320 2640 (§.
344 2562 584 2642 37.)0Qaando
604 2564 700 2623 iltius
720 2567 839 2640 postea
858 2560 932 2622 sica
958 2561 1042 2634 illa,
1067 2583 1170 2645 quam
1187 2572 1214 2625 'a
1232 2563 1378 2626 Catilina
1396 2582 1496 2627 acce·

185 2664 301 2735 perat,
322 2652 541 2737 conquievit?
580 2651 683 2715 Haec
705 2651 869 2713 intentata
891 2650 984 2712 nobis
1007 2661 1073 2729 est,·
1108 2655 1189 2716 truie
1212 2675 1277 2735 ego
1303 2650 1408 2715 obiici
1437 2673 1496 2716 vos

183 2765 248 2825 pro
270 2766 320 2807 me
341 2734 406 2805 utu
431 2764 504 2804 sum
522 2759 661 2822 passas,·
680 2739 764 2800 itaee
787 2738 946 2801 insidiata
967 2742 1122 2821 Pompeio
1146 2752 1204 2805 est.

264 2835 366 2896 Haec
386 2836 548 2895 r’ateulata
570 2829 662 2892 nobis
690 2838 755 2902 est,
776 2836 826 2898 et,
853 2825 963 2890 obiici
980 2850 1036 2890 vos
1049 2851 1112 2908 pro
1126 2851 1177 2892 me
1191 2850 1256 2891 aori
1270 2849 1308 2891 sa
1382 2847 1495 2902 assas,

189 2849 1494 2957 ..-...-.---------.--ῘΏρ--

185 2980 239 3032 quo
257 2978 315 3014 eam
333 2967 418 3014 suasit
436 2965 466 3014 P.
476 2961 592 3013 -ctodtm
609 2962 672 3012 trib.
692 2965 743 3031 pb,
764 2960 798 3009 ab
819 2961 873 3010 allo
894 2958 1019 3024 tribuno,
1041 2963 1086 3028 qui
1105 2960 1151 3010 bic
1164 2964 1322 3011 nominatur
1342 2957 1391 3010 Cn.
1405 2958 1495 3010 Man-

184 3035 251 3097 lius:
274 3054 357 3106 neque
378 3041 460 3107 lgirur
481 3051 622 3104 quaestore
644 3034 675 3086 L.
693 3034 834 3098 Domitio,
865 3031 1000 3105 (quiquo
1022 3049 1095 3085 anno
1111 3049 1242 3102 quaestor.
1261 3030 1343 3085 fuerit
1365 3051 1399 3084 ne
1421 3050 1495 3084 eou-

184 3127 239 3165 stat
259 3112 386 3181 quidem)
406 3110 453 3164 sed
473 3126 605 3182 praetore.
645 3109 739 3178 ltaque
759 3113 870 3178 antiqua
892 3109 976 3160 lectio
997 3110 1077 3161 huius
1093 3106 1165 3161 loci:
1185 3114 1214 3159 in
1228 3115 1365 3179 praetura
1377 3138 1396 3149 -
1409 3138 1427 3149 -
1441 3108 1494 3162 Cn.

183 3186 313 3237 Manlius
331 3214 499 3229 -----
518 3184 744 3249 Manilianorum,
767 3181 894 3235 tentanda
912 3186 1027 3235 minime
1043 3180 1164 3246 ridetur,
1179 3188 1225 3234 sed
1240 3187 1326 3234 ιιιιιιο
1341 3182 1495 3234 Garatonio

184 3265 388 3313 assentiendum
409 3261 506 3332 Pighio
522 3264 550 3310 iu
568 3272 637 3311 anu.
657 3259 688 3309 Τ.
711 3258 762 3310 tlt.
779 3272 838 3328 pag.
855 3260 917 3315 ὅθι.
937 3261 983 3327 qui
1009 3272 1100 3310 tamen
1120 3256 1198 3327 eulpa
1213 3275 1269 3309 nou
1290 3271 1366 3309 vacat
1386 3257 1420 3310 T.
1442 3256 1494 3308 Ill.

205 3338 294 3393 ,5ιᾶ
315 3334 360 3388 ubi
382 3333 416 3385 ab
440 3338 557 3386 arcuum
579 3331 612 3384 ad
633 3332 816 3384 Milonianam
836 3349 861 3383 er
879 3329 911 3381 ad
932 3333 1121 3384 Corneltauam
1147 3332 1259 3384 earideni
1280 3333 1367 3400 legem
1394 3333 1494 3384 nisui-

184 3353 249 3463 itam
272 3410 419 3480 significari
438 3405 598 3472 affirmasti,
622 3406 798 3476 quodetiam
826 3406 953 3459 Ernesiio
969 3411 1071 3460 accidis
1094 3410 1124 3459 io
1144 3405 1234 3459 ludica
1249 3407 1357 3479 legum,
1376 3421 1493 3476 quarum

132 3520 135 3524 Δ
184 3486 312 3538 inlibris
333 3487 476 3537 Ciceronis
496 3486 662 3534 nominatim
681 3486 786 3533 mentio
807 3481 845 3534 lit.

260 3595 263 3601 ›
279 3564 305 3613 1.
324 3557 460 3626 Manlium]
482 3558 633 3620 Manilius,
660 3571 687 3609 et
706 3573 768 3609 mox
789 3554 1028 3619 Manilianorum,
1048 3555 1124 3608 Man.

276 3638 303 3693 ὅ.
322 3633 458 3702 tribubus]
477 3631 567 3683 tridua
586 3632 677 3684 Prioo.
837 3634 863 3685 d.
881 3632 998 3697 costam]
1020 3639 1109 3682 cetum
1130 3632 1220 3683 Princ.
1235 3626 1342 3683 Barald.
1391 3645 1393 3650 ·

264 3709 303 3833 de.
322 3706 450 3780 infimam
476 3698 645 3778 offindarat]
674 3702 739 3757 Lod.
776 3720 804 3758 et
835 3721 909 3776 seqq.
954 3734 985 3747 -
1025 3702 1169 3777 infirmam
1206 3703 1368 3756 ostenderat
1400 3703 1494 3758 Princ.

183 3780 263 3836 Berel
283 3819 289 3834 .
311 3781 371 3837 atd.

278 3862 305 3916 7.’
323 3855 487 3908 Cassianam
507 3853 636 3906 iudicium
654 3857 695 3920 ia]
728 3853 891 3906 Cassianum
917 3853 982 3911 CUI
1002 3852 1109 3904 BONO
1134 3851 1273 3906 FUERIT
1294 3857 1324 3904 in
1348 3853 1493 3906 Ciceronis

182 3928 262 3985 editt.
281 3958 317 3973 -
337 3931 424 3984 Verba
444 3929 573 3982 iusticiam
591 3934 622 3980 in
639 3927 682 3979 ta
696 3934 826 4000 personis
843 3929 939 3979 valeat
957 3944 1013 3980 om.
1032 3928 1118 3999 bugd.

275 4007 302 4061 8.
322 4008 454 4073 summae]
475 4022 578 4055 samnis
598 4007 688 4058 Princ.
832 4005 859 4060 9.
879 4001 1027 4072 Quotiens]
1047 4003 1137 4054 Prioc.
1156 4006 1315 4072 -‚qaoties
1334 4005 1429 4055 ceteri.

258 4078 300 4136 ld.
321 4083 476 4151 quaeritur]
498 4081 587 4134 Princ.
608 4076 713 4131 tterstd.
731 4075 794 4132 ΑΜ.
812 4077 879 4131 Lod.
917 4104 952 4117 -
991 4084 1171 4146 qrtaereretar
1192 4082 1286 4130 ceteri.
1328 4107 1358 4119 -
1394 4074 1494 4133 Malim

180 4154 375 4224 qrraaradatar.
822 4158 864 4209 ιιι.
883 4154 1001 4219 incasto]
1022 4153 1115 4205 Ptine.
1132 4148 1194 4206 Διά.
1212 4180 1250 4194 —
1268 4157 1376 4203 incestu
1392 4153 1490 4204 ceteri.

257 4233 303 4286 15.
322 4227 403 4281 modo
421 4228 578 4295 Aemiliam]
596 4227 678 4300 medo
695 4225 826 4279 Emittam
846 4227 936 4280 Princ.

255 4305 300 4362 16.
320 4304 473 4371 Marciam]
494 4309 642 4355 materiam
661 4305 752 4356 Prioc.
894 4304 936 4356 19.
956 4303 1033 4367 tuac]
1054 4306 1112 4352 tam
1127 4299 1268 4353 Ciceronis
1289 4299 1368 4353 editt.

257 4384 303 4434 22.
313 4378 387 4449 Hoc]
398 4375 775 4452 rrtnc.(sert.tumen.)-Jttc
784 4378 878 4429 ceteri.
892 4379 936 4428 22.
955 4378 985 4424 in
1003 4375 1179 4443 argumento]
1205 4377 1267 4447 Pag-
1284 4378 1342 4432 itt.
1363 4375 1427 4428 Hot.

254 4457 301 4509 25.
320 4456 391 4521 arca]
411 4458 486 4504 areca
506 4455 597 4505 errae.
895 4453 939 4507 26.
958 4452 1113 4515 taraucam]
1133 4455 1242 4501 anaema
1260 4453 1352 4504 errae.
1367 4443 1476 4502 Beratrt

254 4529 300 4586 26.
323 4528 403 4578 obiici
421 4531 484 4594 vos]
505 4545 558 4578 vos
570 4528 650 4578 obiici
668 4521 810 4579 Ciceronis
829 4524 908 4578 editt.

253 4605 299 4656 27.
318 4619 374 4654 aaa
392 4620 452 4653 sam
466 4607 577 4672 passus]
599 4604 739 4656 Ciceronis
759 4599 839 4653 editt.
866 4628 901 4641 -
930 4600 1041 4651 Asconii
1067 4613 1161 4652 omnes
1187 4597 1288 4651 habent
1309 4615 1412 4669 passas
1437 4614 1494 4649 non

179 4691 249 4727 sam.
286 4675 339 4737 Sed
357 4677 425 4731 alter
443 4677 586 4729 verborum
608 4674 675 4728 ordo
695 4690 816 4728 serratus
833 4689 873 4726 est
892 4678 920 4724 in
941 4679 1064 4743 proximo
1086 4689 1173 4728 versu.

255 4753 300 4810 28.
319 4751 396 4803 Hace
415 4755 556 4804 intentata
574 4751 653 4803 nobis
671 4758 713 4801 est
732 4757 761 4800 et
780 4750 862 4802 obiici
879 4764 931 4801 aas
945 4765 1001 4818 pro
1020 4766 1062 4801 ass
1080 4763 1137 4800 aaa
1155 4764 1216 4798 susm
1231 4751 1346 4816 passus]
1365 4763 1422 4800 om.
1435 4743 1494 4800 ttrt.
