3210 5280
499 199 547 265 ltt
570 200 713 267 OllA'l'.
736 200 830 268 Ptto
852 200 1052 266 MILONE.
1364 194 1426 258 att

205 340 262 423 [P.
284 340 375 421 m]
397 340 569 406 Constituit
583 341 615 432 in
630 341 733 405 medio
747 335 931 433 κεφάλαιον
944 339 1004 407 τοῦ
1025 340 1233 426 κρινομένου,
1255 358 1404 401 summam
1421 343 1428 419 Ι

120 435 312 520 quaestionis
334 434 517 496 brevissime
538 435 839 516 comprehendit-
860 437 922 478 -¹
945 433 1094 496 diducens
1115 431 1148 495 in
1169 441 1333 514 utramque
1354 451 1427 513 per·

119 550 229 592 sonam
259 528 502 592 coniecturalem
528 527 805 611 disceptationem
840 548 921 613 quae
948 525 1124 590 dividetur²
1156 526 1323 588 secundum
1351 524 1427 587 artis

119 621 281 684 oratoriae
308 623 408 706 legem
435 621 515 685 loeis
541 621 706 703 duplicatis
729 621 791 667 -³
812 619 844 683 id
871 633 917 684 est
938 619 1109 684 uoluntatis
1130 651 1172 662 -
1192 620 1254 661 -⁴
1274 631 1306 682 et
1327 618 1427 681 sacril-

118 714 210 791 tatis‚
233 713 351 777 scilicet
372 735 430 796 per
447 714 739 796 comparationem
764 732 923 798 quinosque
948 711 986 775 sit
1004 711 1035 775 iu
1058 722 1125 774 arte
1145 722 1368 794 praeceptum,
1394 718 1450 772 ut⁵

119 818 242 870 nosmet
270 805 359 888 ipsos
391 817 462 868 aute
492 829 680 891 purgemus,
714 806 808 868 tuoc⁸
842 805 1055 870 adversarium
1086 804 1304 878 criminemur3
1340 805 1426 887 qnod

119 909 168 962 est
204 897 361 981 antiquius
405 910 436 962 et
464 898 552 962 sinr‘
580 898 675 964 dubio
718 911 748 962 et
788 899 890 983 magis
919 901 1080 962 naturate:
1113 897 1143 960 iu
1174 899 1237 960 hoc
1266 898 1426 962 oratorie⁷

121 993 247 1057 Tullius
261 1004 332 1055 ante
348 991 460 1074 arripit
475 991 578 1055 locum
595 992 766 1058 voluntatis
783 996 1028 1078 redarguendum
1045 991 1211 1065 Clodium,
1228 1002 1304 1074 post
1318 991 1426 1054 deinde

115 1086 350 1170 transgeritur⁸
383 1089 421 1149 ad
451 1085 675 1149 defendendum
708 1087 879 1151 Milonem.
924 1088 991 1149 Nee
1019 1087 1100 1149 istud
1125 1084 1300 1148 inconsulte
1330 1082 1423 1159 lacit,

119 1180 175 1240 sed
201 1177 398 1242 necessario:
436 1178 553 1262 qnippe
581 1178 829 1243 animadvertens
852 1179 924 1261 plus
952 1179 1013 1243 sibi
1043 1177 1132 1241 esse⁹
1159 1176 1292 1240 fiduciae
1315 1176 1347 1241 in
1369 1176 1468 1241 illo¹⁰
1519 1249 1524 1263 .

116 1275 314 1348 accsamodo,
339 1273 446 1335 maluit
462 1273 627 1340 exordium
647 1274 893 1337 confirmationis
912 1275 952 1336 ab
967 1295 1007 1338 eo
1022 1289 1153 1355 eapere3
1175 1282 1209 1336 ot
1223 1272 1253 1335 iu
1268 1273 1424 1336 hominem

119 1365 393 1429 sceleratissimum
414 1365 513 1448 magis
535 1386 711 1450 congruere
731 1366 894 1430 insidiandi
917 1367 1162 1449 uoluptatem¹⁰,
1187 1377 1218 1428 et
1239 1387 1348 1428 carneas
1370 1368 1425 1427 ha-

111 1456 224 1522 buisse
246 1460 431 1541 praecipuas
447 1481 516 1542 eum
538 1458 732 1542 potissimum
752 1459 889 1535 diceret,
912 1461 962 1523 cui
984 1459 1147 1541 expediret
1168 1458 1334 1522 interlici¹¹
1358 1459 1426 1522 Mi·

119 1549 243 1625 lonem,
278 1572 316 1614 ne
345 1552 377 1615 in
406 1563 554 1635 praetura
581 1555 717 1635 gerenda
742 1555 876 1617 haberet
897 1554 1108 1637 inpedimento
1132 1550 1248 1615 inimici
1272 1552 1320 1616 sui
1347 1573 1424 1617 con·

118 1643 266 1709 sulatum.
1436 1643 1468 1689 ¹⁵

194 1763 231 1842 2.
259 1768 360 1845 Satis
388 1781 445 1844 ast
469 1772 508 1844 iu
532 1770 596 1844 illa
622 1771 767 1870 quidem
793 1771 935 1845 nefaria
961 1770 1068 1846 lielua
1095 1770 1242 1844 docere.

387 1905 685 2008 [Derides-antur
704 1909 872 2018 paginae
894 1913 1029 1984 saltem
1055 1904 1171 2007 octo]

661 2073 679 2109 9
764 2074 782 2108 0
867 2072 885 2109 0

196 2150 321 2224 Xllll.
350 2143 385 2224 l.
417 2149 677 2224 Maerentibos
702 2150 808 2224 vobis
835 2152 929 2223 urbe
954 2151 1058 2225 cessi.
1103 2116 1107 2121 -

206 2271 263 2350 [P.
287 2265 377 2346 tto]
422 2311 432 2330 .
465 2311 475 2330 .
507 2311 517 2330 .
550 2269 645 2329 rebus
671 2267 856 2341 confirmat3
885 2279 978 2332 etex
1001 2288 1040 2331 co
1064 2265 1235 2351 praecipue
1259 2268 1465 2343 temporem

117 2383 186 2448 quo
209 2364 291 2425 idem
313 2360 438 2423 'duillius
459 2360 588 2422 exulare
609 2360 788 2442 compulsus
810 2360 862 2425 sit.

195 2481 232 2560 2.
260 2486 361 2586 Quae
400 2485 530 2557 fuisset
565 2486 676 2584 igitur
700 2488 796 2558 iusta
833 2510 944 2559 causa
979 2483 1200 2558 restituendi
1226 2482 1317 2577 mei,
1344 2466 1425 2553 vuisi
1529 2469 1535 2481 ’

118 2597 252 2671 fuisset
277 2599 412 2670 iniusta
439 2591 621 2669 eiciendi?

206 2747 246 2756 -
267 2749 309 2760 -
330 2716 407 2760 -¹²
428 2713 515 2776 Mira
533 2713 687 2776 breuitate
706 2715 745 2776 ali
762 2712 933 2777 iudicato¹³
954 2712 1083 2796 publico
1098 2722 1130 2774 et
1150 2731 1168 2774 a
1190 2711 1333 2798 sequenti
1347 2731 1424 2774 con·

117 2807 221 2871 traria
242 2807 386 2891 colligit,
410 2808 600 2888 probaturus
617 2827 676 2889 per
693 2806 753 2870 viro
767 2829 801 2870 se
816 2806 977 2871 civitate¹⁴
999 2805 1179 2890 depulsum,
1204 2828 1299 2891 qsuuu
1314 2816 1423 2887 postes
1434 2811 1466 2861 25

118 2900 271 2965 meruerit
292 2901 535 2965 restitutionem.

198 3027 232 3099 3.
270 3024 385 3125 Quem
419 3028 451 3099 si
482 3025 691 3099 interficere
729 3023 928 3119 voluisset,
967 3024 1136 3123 quotiens
1164 3032 1201 3098 et
1227 3017 1424 3122 quantae¹⁵

120 3135 399 3211 occansiones¹⁶
427 3162 534 3235 qnam
560 3137 773 3235 praeclarae
799 3129 968 3210 luerunt!

204 3285 244 3296 -
276 3254 352 3296 -Π
384 3255 658 3336 Opportuoiosuus
692 3266 868 3336 temporum
902 3249 1104 3337 prosequitur
1138 3250 1422 3324 enumerationem,

119 3347 234 3431 quibus
251 3346 369 3410 Miloni
387 3346 481 3410 facile
504 3348 623 3410 lactu¹⁸
645 3368 713 3411 esse
730 3346 870 3429 potuerit
892 3347 1069 3411 interimere
1085 3347 1125 3410 P.
1143 3345 1308 3422 Clodium3
1330 3365 1425 3428 quum
1437 3363 1468 3412 so

114 3451 147 3501 et
178 3438 384 3501 occansioues
418 3451 613 3521 opportunas
644 3452 675 3502 et
701 3461 811 3503 causas
831 3428 988 3504 lonestas
1018 3440 1168 3514 haberct;
1204 3439 1289 3524 quod
1323 3449 1424 3499 tamen

190 3631 214 3677 1.
233 3633 372 3677 Versiculos
396 3645 483 3676 seruus
502 3646 554 3676 eum
576 3633 681 3680 dimidio.
719 3631 745 3684 2.
765 3634 800 3679 lta
824 3635 884 3680 (lad.
922 3631 947 3681 ³.
965 3635 1105 3681 Versiculos
1129 3647 1224 3679 ruerus.
1262 3630 1286 3677 1.
1306 3632 1426 3677 Versirsti

260 3715 333 3756 prope
355 3707 404 3745 tres
430 3702 505 3745 xseoi.
551 3700 575 3746 5.
597 3703 631 3746 lta
652 3702 713 3748 cot.
735 3717 779 3759 pro
797 3711 865 3759 tum5
892 3706 924 3749 uti
943 3705 1012 3748 etism
1032 3705 1055 3748 in
1078 3700 1217 3748 Frontone?
1260 3701 1284 3749 6.
1304 3701 1365 3746 cot.
1385 3714 1425 3745 ne.

258 3772 400 3825 (nolendum
413 3770 515 3814 fortasse
528 3776 550 3812 et
562 3776 615 3815 sote
627 3773 691 3816 sine.
711 3771 772 3828 tta.)
808 3772 832 3820 l.
852 3776 912 3819 Cod.
931 3774 1053 3822 oratione.
1090 3769 1115 3817 8.
1136 3772 1171 3816 lta
1183 3772 1234 3819 eod.
1248 3785 1330 3826 sempe
1342 3777 1426 3814 trans-

251 3836 339 3898 fertur
358 3853 401 3895 pro
418 3838 615 3898 transgreditur.
652 3842 805 3896 (corruptam
827 3845 959 3899 polluceat
978 3855 1006 3888 ex
1028 3845 1080 3898 ipso
1099 3856 1122 3890 x.
1144 3838 1341 3899 transgreditur.
1365 3837 1427 3895 Ox.)

260 3907 284 3954 ⁹.
304 3910 363 3952 coa.
389 3910 463 3966 ipae;
498 3909 536 3970 (iu
558 3923 612 3967 qno,
628 3925 683 3955 esse
712 3913 785 3957 lutere
807 3927 853 3957 sou
880 3917 966 3968 potest.
1014 3913 1101 3956 taetras
1128 3911 1184 3954 niliil
1209 3911 1334 3954 sueeorrit.
1365 3906 1426 3964 On.)

261 3977 301 4022 to.
322 3979 356 4021 lta
377 3981 431 4024 eod.
451 3993 494 4035 pro
512 3979 672 4034 voluntatens,
704 3986 728 4026 ut
750 3982 810 4037 apud
834 3982 887 4028 Cie.
910 3983 938 4026 de
964 3995 1017 4037 rep.
1038 3981 1057 4030 l.
1083 3978 1107 4026 2.
1134 3985 1156 4024 et
1176 3980 1237 4034 epod
1260 3978 1377 4032 Anooysn.
1402 3979 1426 4021 io

260 4047 350 4107 Paneg.
364 4048 500 4093 ldsxisuisoi
513 4053 535 4091 et
548 4048 632 4094 coitu.
647 4064 700 4106 esp.
721 4048 746 4097 2.
782 4052 873 4096 Fronto
886 4052 935 4096 titt.
949 4051 1033 4095 roesb.
1046 4051 1093 4096 sit:
1113 4044 1305 4106 uoluntassaeto
1317 4046 1425 4108 gaudet,

258 4119 369 4176 solssptas
380 4116 443 4180 fieri
461 4118 537 4174 rapit.
575 4117 638 4177 Ergo
660 4120 711 4164 hele
735 4126 799 4166 reete
823 4120 937 4166 scribitur
956 4121 1076 4178 sailaptas.
1113 4119 1222 4172 (Minime
1238 4131 1306 4162 xero.
1344 4118 1426 4160 Meros

259 4192 295 4231 est
316 4202 387 4231 error
407 4202 449 4244 pro
473 4190 628 4232 uoluntatem.
657 4188 716 4241 Os.)
764 4188 804 4235 11.
823 4191 885 4234 Cod.
904 4188 1031 4252 interficet.
1079 4184 1118 4232 ¹2.
1139 4188 1201 4232 'l'res
1223 4186 1298 4231 fernae
1315 4186 1426 4230 uersiculi
1493 4186 1500 4197 ¹

258 4256 302 4300 Gr.
322 4259 398 4301 saeui.
438 4255 478 4302 13.
499 4258 558 4301 cat.
582 4256 733 4304 adiudieato.
769 4259 860 4304 Contu
881 4261 937 4305 alibi
959 4261 990 4302 ab
1008 4273 1051 4314 pro
1069 4256 1111 4305 ad.
1148 4254 1190 4301 tt.
1210 4256 1271 4300 (lod.
1293 4257 1426 4300 eisitotem.

258 4325 299 4370 15.
322 4326 379 4372 Eua.
400 4329 460 4373 susle
478 4329 698 4386 quantaequotiee.
738 4327 778 4378 11.
798 4327 971 4374 Arrbsisanas?
1008 4327 1048 4374 ll.
1068 4327 1120 4371 Duo
1132 4324 1207 4371 terme
1227 4326 1336 4371 versiculi
1349 4327 1426 4370 sarsi.

259 4393 301 4441 18.
320 4397 380 4440 cod.
392 4394 507 4456 sartum,
533 4398 594 4455 quod
612 4398 670 4441 leurs
688 4398 790 4444 tortasse
808 4404 910 4456 poterat.

193 4517 238 4571 16.
258 4516 397 4569 Hactenus
424 4521 540 4587 pertinet
565 4515 661 4568 loltusu
682 4523 811 4571 intimum
832 4522 1029 4591 quaternionis.
1080 4514 1161 4584 Quod
1180 4531 1272 4570 eatena
1292 4517 1428 4588 sublonga

116 4589 231 4654 lolium,
252 4589 279 4643 td
299 4597 416 4663 pertinet
437 4594 469 4642 od
490 4584 697 4664 quaternionem
718 4610 894 4665 sequentem.
921 4598 960 4648 us
980 4590 1088 4665 quidem
1108 4607 1137 4645 ut
1158 4597 1275 4665 priorum
1296 4608 1354 4644 esse
1374 4609 1428 4643 ne·

116 4681 216 4736 quest,
246 4684 332 4736 usque
352 4683 489 4739 quanam.
541 4669 612 4738 Ergo
636 4664 758 4721 delectos
785 4686 825 4723 est
852 4670 914 4722 liele
939 4674 1102 4744 paginarum
1128 4684 1175 4721 sex
1200 4672 1229 4721 lu
1248 4670 1427 4739 quasemiooe

104 4739 212 4809 tax„
232 4738 346 4794 duorum
367 4757 458 4796 antero
479 4741 520 4796 vel
539 4756 667 4816 quattuor
686 4746 716 4797 io
735 4760 872 4817 sequente.
