3210 5280
239 196 278 259 u
504 177 506 182 ’
693 204 713 257 .·
774 195 1010 262 asconius-

238 338 282 417 Ο.
306 334 477 416 Pompeius
498 334 625 409 liuius,
658 335 763 415 Syllae
784 336 944 400 dictatoris
968 357 1008 398 cx
1035 335 1096 398 iilia
1124 357 1242 417 nepos,
1276 336 1394 401 tribuni
1422 341 1542 422 plebis,

241 442 510 493 aroucssrrsruntt
553 429 660 510 cisque
697 431 887 492 adstantibus
921 431 1036 513 vulgus
1072 430 1247 511 imperitum
1281 452 1397 512 eorpus
1428 439 1543 517 nudum

236 527 260 598 †
284 525 456 594 caldatum,
481 523 561 582 sicut
581 521 613 582 io
634 522 717 583 lucto
739 534 806 584 crat
830 524 983 603 positum,
1009 536 1041 584 ut
1064 525 1190 585 vislnera
1215 522 1314 585 videri
1337 538 1483 605 possent,
1508 527 1540 589 in

185 669 186 672 ,
235 620 340 680 lorum
364 615 469 678 ‹iotsilit
489 626 518 674 et
541 614 571 674 in
589 613 716 676 Rostris
738 613 857 694 posuit.
896 615 949 676 lbi
971 635 1031 694 pro
1057 615 1210 678 concione
1232 616 1369 678 Plancus
1390 629 1421 679 et
1439 620 1540 682 Potn-

210 713 343 794 5peius,
367 710 421 792 qui
443 707 705 787 competitoribus
727 707 859 769 Milonis
874 710 1055 783 studebant,
1079 710 1222 770 invidiam
1246 709 1361 771 Miloni
1382 709 1547 776 secernunt

235 807 378 885 Populus
402 808 480 864 dirce
502 806 578 865 Sex.
604 802 720 867 Clodio
743 801 843 863 scriba
868 822 987 881 corpus
1011 805 1049 868 P.
1079 801 1186 866 Clodii
1216 801 1247 862 in
1276 803 1393 864 tristiam
1415 804 1537 880 intulit,

234 898 446 979 oresssaritque
469 897 624 958 subselliis
643 908 673 958 et
687 895 894 958 tribunalibus
907 908 941 956 et
957 896 1068 957 mensis
1090 907 1121 956 et
1137 894 1298 957 codicibus
1321 896 1539 960 librariorum.

234 993 309 1072 Quo
330 992 404 1074 igne
426 1003 454 1051 et
477 990 544 1070 ipsa
568 1010 694 1073 quoque
718 990 802 1051 ouria
823 989 989 1068 flagravit,
1012 988 1129 1050 etitem
1147 988 1264 1051 Porcia
1286 988 1431 1063 basilice,
1456 1012 1538 1073 qssae

234 1098 300 1147 crst
322 1084 351 1146 ei
378 1085 495 1157 inuncta,
520 1084 659 1144 ansbusta
686 1094 746 1143 est.
789 1081 911 1165 Dorsuo
935 1102 1062 1162 quoque
1086 1083 1137 1144 M.
1165 1082 1277 1162 Lepidi
1306 1081 1474 1156 interregis
1496 1085 1537 1159 (is

191 1177 311 1248 ‚unnim
336 1177 535 1247 magistratus
556 1174 674 1235 curulis
703 1185 769 1234 erat
799 1177 937 1248 creatus)
960 1184 990 1234 et
1020 1175 1155 1236 absentis
1189 1172 1321 1236 Milonis
1348 1177 1454 1236 eadem
1484 1177 1536 1237 ills

236 1269 389 1333 Clodiana
427 1270 591 1329 nmltitudo
625 1265 840 1347 oppugnarit,
879 1266 988 1327 deinde
1024 1267 1146 1348 sagittis
1178 1267 1300 1347 repulsa
1335 1279 1393 1329 est.
1452 1270 1535 1329 'l'um

232 1363 334 1425 fasces
357 1383 396 1423 ex
421 1363 502 1421 terto
524 1357 680 1420 Libitinae
702 1370 810 1438 raptos
834 1356 937 1418 attulit
956 1359 994 1417 ad
1009 1360 1133 1420 domum
1150 1357 1306 1439 Scipionis
1327 1371 1358 1420 et
1379 1360 1535 1441 Hypsaei,

161 1454 341 1534 {assideinde
364 1457 402 1515 ad
426 1458 538 1516 bortos
561 1449 623 1553 (ln.
646 1448 812 1531 Pompeii,
846 1447 1007 1511 clamitans
1028 1471 1098 1512 eum
1120 1453 1214 1514 modo
1236 1452 1414 1528 somniem,
1439 1455 1535 1516 modo

232 1546 429 1608 dictatorem.

190 1655 221 1703 tt
315 1638 496 1701 incendium
512 1636 617 1699 nitriae
637 1634 785 1697 maiorem
801 1632 961 1716 aliquanto
975 1633 1218 1718 indignationem
1239 1634 1375 1699 civitatis
1391 1648 1536 1701 moverat

231 1755 324 1817 quam
353 1730 533 1795 interiectio
562 1729 681 1793 Clodii.
738 1729 850 1811 ltaque
874 1728 976 1802 Milo,
1010 1750 1101 1811 quem
1128 1729 1238 1810 opinio
1260 1729 1363 1791 sineret
1384 1730 1480 1793 ivisse
1503 1731 1534 1793 ia

232 1824 445 1889 voluntarium
465 1822 613 1898 exilium,
637 1820 753 1883 invidia
773 1819 1024 1882 adversariorum
1046 1834 1206 1884 recreatus
1228 1835 1321 1884 nocte
1341 1844 1377 1885 ea
1398 1824 1536 1886 redierat

230 1920 387 1991 Romam,
411 1937 471 1999 qua
486 1916 609 1976 incensa
632 1924 697 1975 erat
715 1913 820 1986 cirria,
842 1915 1031 1995 petebatque
1046 1913 1143 1978 nihilo
1167 1914 1302 1976 deterius
1317 1917 1534 1988 consulatuum

230 2023 339 2091 operte
361 2030 487 2092 quoque
510 2006 649 2068 tributim
678 2005 710 2066 in
734 2005 875 2088 singulos
897 2006 990 2067 millia
1013 2007 1125 2069 assium
1151 2010 1291 2071 dederat.
1335 2007 1534 2073 Coacionem

187 2102 259 2172 soei
280 2113 353 2184 post
374 2102 494 2184 aliquot
515 2101 580 2163 dies
598 2097 682 2160 dedit
697 2098 748 2160 M.
766 2096 908 2175 Caelius,
931 2099 1074 2161 tribunus
1095 2101 1214 2181 plebis,
1237 2111 1332 2183 etque
1352 2100 1419 2180 ipse
1440 2101 1532 2162 etiam

228 2217 351 2257 sarisam
374 2195 438 2278 egit
460 2196 498 2255 ad
519 2193 685 2276 populum.
727 2190 891 2253 Dicebant·
911 2203 1060 2277 uterque,
1090 2193 1208 2256 Miloni
1235 2215 1253 2256 a
1285 2191 1400 2257 Clodio
1430 2192 1533 2254 lactas

227 2294 297 2350 esse
319 2286 457 2351 insidias.

321 2446 346 2492 ¹2.
366 2439 589 2503 accsuurrerunt]
612 2439 694 2488 Ptine
724 2434 785 2489 ΔΗ.
804 2435 883 2487 Men.
902 2463 939 2476 -·
957 2447 1138 2488 accurrerunt
1157 2439 1249 2493 ceteri.

304 2514 375 2568 lbld.
396 2512 583 2578 indecentibus]
614 2512 658 2562 Sic
677 2514 784 2580 scripsi.
808 2539 836 2550 —
858 2509 1035 2561 hortantibus
1048 2512 1111 2565 Hot.
1125 2517 1204 2566 Creu.
1217 2512 1530 2566 -obstanstbuesmt·'

227 2593 346 2659 quiores.
366 2613 402 2626 ·-
421 2587 491 2656 „vu
510 2584 687 2637 hortantibus
705 2585 746 2636 sel
765 2584 934 2634 instantibus
953 2584 1100 2656 legerem.”
1130 2588 1276 2640 MANUT.

320 2669 348 2721 5.
366 2662 521 2729 caldatum]
554 2662 600 2712 Sic
628 2674 755 2729 corrupte
781 2659 874 2713 Prius.
901 2658 1009 2713 bereti.
1035 2660 1096 2715 sid.
1121 2663 1189 2716 Lod.
1213 2662 1291 2715 Men.
1320 2690 1357 2706 -ι
1383 2663 1532 2717 calciatum

227 2734 311 2807 lugd.
333 2739 396 2788 lios.
415 2738 498 2788 Creu.
530 2734 719 2802 (‚,Galciatum
738 2732 861 2783 mallem:
901 2732 972 2785 unde
992 2751 1018 2787 et
1036 2737 1254 2789 calciamentum.
1292 2734 1338 2788 Sic
1357 2752 1385 2789 et
1405 2737 1530 2790 Valerius

226 2813 301 2865 Max.
321 2810 367 2863 lib.
390 2813 434 2862 lV.
456 2811 530 2879 [cap.
549 2811 588 2875 6.]
616 2805 648 2856 de
676 2823 766 2859 smose
791 2806 947 2878 cosriugsli:
978 2809 1023 2861 M.
1043 2809 1186 2874 Plautius,
1207 2816 1314 2881 inquit,
1332 2830 1419 2863 iecore
1439 2811 1531 2862 Ores-

226 2889 289 2935 tilla
300 2885 443 2955 jiinerata
462 2892 489 2935 et
508 2890 537 2932 in
556 2900 655 2948 rogum
673 2888 803 2952 imposita
823 2887 898 2932 inter
917 2880 1046 2951 officium
1064 2885 1203 2952 ungisendi
1220 2895 1249 2937 et
1268 2887 1411 2937 oscsslandi
1428 2891 1530 2936 stricto

217 2960 308 3030 ferro
327 2960 463 3023 incubuit,
490 2975 567 3026 quem
586 2961 684 3022 amici,
717 2961 789 3007 sieut
807 2964 885 3021 erat,
914 2965 1043 3025 togatum
1062 2969 1089 3011 et
1108 2962 1254 3011 calciatum
1273 2967 1384 3028 corpori
1402 2967 1530 3027 coniugis

225 3039 376 3085 traiecerunt
395 3050 448 3084 cet.
486 3032 632 3085 Suetonius
660 3046 752 3082 nutent
772 3035 800 3082 in
822 3035 958 3098 Augusto:
979 3033 1047 3084 Post
1064 3038 1153 3086 eibum
1171 3035 1353 3086 meridianum
1371 3041 1414 3085 ita
1433 3044 1465 3085 ut
1483 3053 1531 3085 ve·

224 3115 308 3158 stitus
332 3111 518 3178 calciatusque
545 3113 608 3156 erat
634 3111 719 3156 rectis
740 3103 856 3174 pedibus
877 3106 1030 3178 pasdlisper
1054 3110 1287 3179 conqrsiescebat.''
1319 3108 1473 3181 MANU'l'.)
1492 3137 1529 3150 —

225 3182 307 3233 ealda
326 3187 414 3234 latrem
435 3181 606 3234 itobosreltus
626 3187 739 3233 Annott.
768 3197 793 3250 p.
813 3183 858 3238 68.
886 3207 924 3221 ·-
952 3200 985 3233 ae
1009 3190 1163 3235 suricinium
1189 3185 1450 3255 Mossyni-ugnos
1481 3183 1527 3254 (ad

226 3259 286 3308 Cic.
306 3260 374 3328 iipp.
395 3261 431 3308 lt.
451 3260 493 3321 6.)
521 3271 600 3323 quent
622 3272 731 3306 secutus
756 3268 796 3306 est
823 3254 979 3311 Schutsius.
1009 3285 1043 3296 -
1071 3260 1171 3311 Malim
1195 3260 1332 3309 calcatum
1360 3262 1379 3311 i.
1407 3277 1430 3310 e.
1449 3256 1528 3308 laede

225 3347 370 3384 traciarum
392 3333 525 3382 necdum
551 3331 668 3382 levatum
696 3345 722 3382 et
749 3343 881 3392 unctum,
909 3331 956 3381 sed
976 3333 1066 3384 adime
1084 3349 1229 3385 cruentum
1249 3333 1431 3404 sordibusque
1447 3332 1529 3383 obsu-

225 3421 297 3469 tum,
320 3408 433 3457 oblitum
452 3422 550 3455 censore
569 3413 597 3455 et
615 3406 691 3470 beto,
711 3419 741 3456 ut
760 3407 798 3454 ait
818 3403 918 3455 Cicero
938 3406 963 3471 ᾗ.
981 3409 1026 3464 86.

318 3487 343 3536 5.
362 3479 512 3548 iuvidiam]
533 3485 563 3530 in
581 3479 717 3530 invidiam
736 3479 827 3532 Princ.
889 3483 915 3533 7.
935 3484 1048 3546 mensis]
1068 3498 1152 3533 mens.
1171 3482 1262 3536 Princ-

318 3563 343 3614 8.
365 3555 478 3622 Ιόνοὶα]
496 3563 582 3623 parta
603 3556 693 3606 Psinu.
714 3551 818 3607 Berald.
838 3579 874 3591 -
895 3552 991 3606 Portis
1012 3555 1072 3608 ΔΜ.
1094 3555 1160 3609 Lod.

317 3633 345 3686 9.
364 3631 484 3694 Demeas]
513 3631 600 3684 Princ.
621 3628 682 3681 ΑΜ.
704 3659 733 3670 -
756 3628 866 3677 domum
885 3634 978 3681 ceteri.
1055 3689 1057 3693 .

300 3711 344 3759 10.
365 3702 478 3769 curulis]
498 3702 618 3755 cssrruls's
636 3704 728 3755 Ptine.
749 3699 855 3755 Berald.
890 3711 932 3758 10.
952 3703 1171 3771 eadem1aedem
1190 3701 1251 3757 Ald.
1272 3701 1340 3758 Lod.

301 3783 343 3834 12.
365 3778 503 3829 libitinae
522 3777 632 3848 raptos]
659 3778 743 3850 bugd.
765 3777 828 3828 llot.
848 3775 925 3832 Mau.
944 3781 1025 3831 Creu.
1048 3808 1077 3819 -
1099 3779 1203 3829 libuini
1222 3785 1336 3828 aeratae
1354 3778 1445 3831 Prioc.
1468 3774 1528 3830 tid.

223 3880 261 3894 -
279 3851 423 3904 Libitinae·
435 3862 549 3903 aeratos
568 3851 675 3906 liersld.
698 3853 763 3907 Lod.

299 3933 342 3985 ts.
361 3926 469 3995 hortos]
489 3936 568 3977 ortos
587 3930 677 3980 Princ.
870 3931 930 3996 ⁴15.
950 3927 1086 3996 Pompeii]
1112 3925 1224 3996 Pompei
1243 3927 1334 3978 Princ.
1355 3924 1414 3984 Atd,
1522 3960 1525 3967 ·

301 4007 343 4058 18.
361 3999 446 4053 nihilo
465 4001 600 4068 deterius]
630 4002 704 4054 Mite
723 4001 845 4053 deterius
864 4004 957 4057 Princ.
984 4001 1089 4054 Berald.
1114 4029 1152 4043 —
1179 4004 1231 4053 Dio
1251 4001 1327 4052 Cass.
1348 4000 1407 4053 xi..
1429 3999 1475 4056 (19.
1494 4000 1528 4052 de

223 4074 317 4127 eidem
338 4094 379 4126 re:
401 4081 453 4148 saie
471 4076 568 4150 ἀρχῆς
587 4082 729 4151 ομοίως
748 4077 768 4150 ἢ
786 4075 852 4134 καὶ
870 4078 1018 4152 μᾶλλον
1036 4075 1228 4132 dureuoteiro.
1261 4073 1418 4144 Madvigius
1438 4090 1527 4127 tanuen

222 4149 364 4221 legendum
385 4150 547 4201 arbitratur:
567 4149 637 4200 nilsil
653 4150 812 4204 deterritus.

299 4227 343 4280 19.
364 4227 490 4275 tributim
509 4231 538 4274 in
562 4230 688 4291 singulos
713 4228 800 4277 millia
826 4226 944 4294 assium]
979 4227 1072 4277 Lectio
1100 4223 1230 4276 mendose
1258 4222 1375 4276 uidetur.
1413 4222 1527 4276 Malim:

222 4297 348 4350 tributim
367 4301 479 4366 singula
499 4301 586 4350 millia
610 4305 729 4363 assium,
758 4305 798 4353 sic
824 4316 854 4352 ut
880 4299 913 4352 de
938 4297 1033 4351 eedem
1059 4316 1087 4352 re
1107 4299 1177 4352 inin
1196 4319 1224 4372 p.
1245 4302 1308 4357 inu,
1329 4298 1393 4350 llot.
1413 4295 1528 4368 legiturt

219 4373 372 4444 populoque
390 4374 515 4426 tributim
533 4377 645 4439 singula
665 4378 752 4426 millia
771 4379 846 4425 aeris
860 4373 976 4425 dedisse.

297 4454 342 4502 20.
361 4448 485 4500 dederat.
525 4449 687 4500 Contionem
705 4454 741 4517 et]
781 4446 865 4520 Lngd.
885 4449 963 4502 Mun.
985 4477 1020 4490 -
1039 4446 1157 4499 dederat
1175 4452 1347 4500 contionem:
1378 4454 1407 4496 et
1435 4446 1527 4498 Prioc.

223 4521 284 4574 ΔΜ.
312 4550 350 4564 -
377 4522 492 4574 dederat
511 4530 697 4588 cenationem,
725 4533 753 4575 et
779 4522 883 4576 Beseld.
905 4521 972 4574 Lod.
1000 4550 1036 4566 ι-
1064 4520 1188 4574 dederat.
1226 4523 1390 4574 Coneionem
1408 4525 1528 4571 enimet

223 4596 288 4648 iton.
308 4624 344 4639 -
364 4597 489 4649 dederat.
527 4598 689 4649 Contionem
708 4604 792 4650 etiam
812 4603 837 4647 et'
855 4598 936 4650 Creo.
950 4596 1122 4650 -dederat.
1159 4598 1420 4650 Concionensets'am
1432 4593 1527 4650 Madv.

298 4670 368 4723 lbid.
389 4672 510 4737 Caclius]
532 4673 615 4743 Lugd.
637 4674 712 4726 Man.
731 4702 769 4714 —
786 4672 878 4724 Celius
896 4676 997 4735 ceteri,
1019 4673 1127 4741 ubique.
1484 4684 1487 4689 ’

297 4743 368 4798 lbid.
387 4755 469 4817 atque
495 4749 553 4815 ipse
580 4752 665 4799 stium
688 4764 799 4799 ceruam
827 4751 888 4815 egit
910 4746 951 4798 ad
964 4753 1104 4817 papirium.
1140 4744 1280 4799 Dicebant
1297 4745 1421 4813 uterque]
1456 4746 1525 4796 acci.
