3210 5280
372 184 423 251 IN
445 185 553 253 ΛΒΤ.
577 185 626 250 ῙῙ.
648 186 698 250 tu
720 183 763 251 C.
785 183 988 249 VERREM
1008 185 1101 251 LiB.
1123 185 1154 250 1.
1359 186 1419 248 201

199 323 292 389 Νιιιιι
325 324 365 388 de
393 325 626 391 subsortitione
659 326 725 388 ritu
754 325 900 389 iuniunu
930 323 999 386 iud.
1028 325 1117 386 nihii
1148 325 1239 405 dico]
1282 323 1420 390 Sortitus

119 428 185 480 erat
205 416 323 480 iudices
344 427 476 496 praetor
498 416 621 479 Verres
643 414 672 476 in
694 415 830 493 iudicio,
855 435 920 500 quo
943 415 1137 496 Oppianicus
1159 427 1320 479 amusatus
1342 428 1421 479 csta

119 500 284 583 Cluentio.
322 506 508 571 Reiectione
530 505 675 590 utrinque
696 506 778 569 facta
805 507 995 571 subsortitus
1018 505 1093 588 [est]
1115 507 1148 570 in
1176 518 1284 572 eorum
1315 510 1419 573 iocum

117 605 260 676 Verres,
298 613 332 664 ut
361 623 429 664 mos
460 613 523 676 est,
560 601 651 663 alios.
693 600 850 665 Damnato
874 599 1054 683 Oppianico
1081 622 1150 663 carm
1179 601 1211 664 in
1230 602 1346 673 invidia
1369 618 1420 665 res

117 707 214 771 esset,
239 697 327 779 quod
346 693 478 775 pecarnis
498 713 575 759 reus
597 691 758 756 videretur
779 715 969 775 oppressus,
1001 704 1032 755 et
1059 692 1206 776 princeps
1225 695 1351 759 iiiorusn
1373 695 1445 757 ira-s

118 787 220 851 deum
241 791 403 850 damnatus
425 796 507 850 esset
535 785 660 860 iricius,
690 788 777 870 quod
808 787 965 850 diceretur
996 785 1076 848 aiios
1108 788 1332 867 supposuisse,
1367 785 1422 872 qui

117 902 203 944 reum
233 883 432 956 damnarent,
467 901 532 943 uon
563 899 637 953 cos,
675 893 755 960 qum
787 893 918 961 praetor
947 878 1054 954 isserat
1084 879 1294 955 subsortitus3
1329 880 1422 942 etiam

118 972 240 1037 verres
262 971 350 1055 ipse,
374 983 408 1034 ut
430 973 509 1036 haec
535 971 650 1034 invidia
679 975 832 1035 adversus
856 972 979 1037 iunium
996 994 1070 1034 vera
1095 973 1271 1049 videretur,
1296 971 1421 1035 sustulit

118 1087 198 1151 quos
223 1066 258 1128 in
288 1066 351 1128 suis
376 1066 489 1129 tabulis
518 1067 651 1127 babebat
679 1077 711 1128 et
732 1064 813 1128 aiios
837 1065 869 1128 in
900 1065 993 1129 litura
1022 1065 1148 1147 scripsit
1178 1078 1209 1128 ct
1241 1066 1421 1150 obsignavit

118 1157 211 1223 anisio
234 1180 298 1223 non
320 1159 420 1222 scium
443 1181 521 1234 ιιιο,
545 1156 708 1222 sedetiam
723 1157 845 1220 scribae
860 1157 926 1234 sui,
950 1179 1041 1241 quem
1063 1158 1222 1222 suariorum
1237 1157 1419 1243 participem
1432 1163 1463 1211 ¹⁰

117 1272 243 1315 succuum
267 1264 298 1315 et
323 1253 452 1315 divitem
471 1251 592 1315 fecerat
621 1263 652 1312 et
676 1253 770 1315 anisio
793 1253 967 1323 donaverat
988 1271 1097 1312 aurco.

197 1346 242 1424 (§.
268 1345 360 1423 tes.)
377 1344 553 1409 Eiusmodi
581 1342 849 1407 subsortitionem
877 1344 979 1405 bomo
1014 1346 1257 1405 amentissimus
1281 1361 1421 1404 suorum

120 1457 257 1521 quoque
278 1437 347 1500 iud.
361 1437 445 1516 fore
465 1433 611 1517 putauit]
655 1434 819 1497 Obscurni
835 1435 942 1508 iocus,
960 1435 1033 1509 sed,
1049 1446 1082 1494 ut
1097 1435 1230 1514 opinor,
1247 1434 1299 1494 hic
1312 1454 1420 1496 sensus
1441 1517 1444 1522 .

117 1538 180 1606 ¹est:
205 1527 356 1603 Putavit,
378 1526 498 1608 inquit,
522 1528 644 1590 Verres
666 1529 776 1589 eodem
800 1527 874 1589 ioco
895 1527 1030 1608 supponi
1052 1527 1193 1608 potuisse
1208 1527 1342 1608 iudices,
1368 1525 1421 1610 qui

117 1639 148 1681 se
171 1619 318 1700 corrupti
342 1618 563 1693 absolverent,
588 1621 843 1702 quemadmodum
866 1619 1024 1700 suppositi
1049 1632 1155 1695 erant,
1187 1618 1241 1704 qui
1267 1619 1461 1701 Oppiani-¹5

119 1732 185 1773 curn
208 1713 468 1774 condemnarant.
512 1713 592 1774 Nam
616 1711 660 1791 Q.
684 1710 813 1775 Curtius
836 1711 952 1773 sodalis
975 1712 1059 1786 eius,
1090 1713 1185 1775 iudex
1210 1711 1419 1795 quaestionis,

118 1805 370 1867 subsortiebatiir
401 1804 433 1867 in
461 1804 564 1868 iocum
593 1805 801 1878 reiecturum,
835 1826 915 1887 quos
949 1805 1006 1866 iste
1034 1809 1225 1881 redemerat,
1257 1805 1420 1886 improbos

119 1895 255 1972 iudices,
290 1897 404 1980 quibus
426 1899 465 1958 ad
491 1898 619 1960 venales
644 1897 809 1960 sententias
838 1897 1044 1978 proferendas
1068 1898 1177 1962 ultimo
1200 1897 1249 1959 die
1270 1895 1420 1959 subiectis

118 1999 271 2051 uteretur.
315 1990 421 2054 Facile
436 2002 536 2053 autem
551 2011 612 2072 pro
628 1990 712 2053 veris
727 1989 791 2052 iud.
809 1987 946 2070 improbi
967 1991 1103 2072 supponi
1124 1999 1271 2071 poterant
1292 1990 1419 2053 volente

118 2079 178 2143 boc
199 2080 301 2146 iudice
323 2082 516 2167 quaestionis
539 2082 652 2145 stillis
676 2080 882 2162 patientibus,
907 2083 931 2156 †
953 2083 1066 2165 quibus
1092 2083 1122 2145 iu
1145 2082 1209 2145 iud.
1237 2093 1324 2145 erata
1347 2081 1461 2164 quiam

118 2172 173 2235 nisi
188 2175 275 2238 citati
289 2198 353 2240 non
369 2175 590 2253 considebant,
616 2186 647 2237 et
663 2193 765 2256 grave
777 2193 856 2235 onus
872 2185 939 2237 erat
955 2188 986 2237 et
1000 2175 1250 2251 incommodum,
1267 2174 1417 2238 indicare.

122 2268 124 2273 ’
201 2269 241 2348 Q.
270 2271 420 2333 Curtium
447 2267 593 2332 iudicem
617 2267 836 2349 quaestionis]
879 2267 1024 2349 Apparet
1040 2269 1123 2330 bunc
1136 2280 1212 2350 post
1225 2270 1288 2331 boc
1302 2267 1475 2336 sactumtsrt

119 2379 136 2420 a
156 2356 317 2422 Cicerone
340 2379 408 2420 esse
431 2357 579 2419 reiectum
603 2355 749 2420 convicio
770 2357 898 2443 populi,
923 2360 977 2443 qui
997 2363 1027 2423 in
1049 2383 1169 2437 corona
1194 2363 1313 2423 aderat.

206 2496 234 2544 1.
253 2485 462 2553 subsortitione]
489 2483 556 2536 Lod.
576 2498 603 2536 et
623 2499 698 2554 seqq.
718 2510 753 2525 -
772 2489 919 2538 sortitione
939 2493 1052 2558 priores.
1211 2538 1215 2552 ,

190 2560 263 2618 ibid.
282 2559 355 2626 dico]
379 2558 437 2613 eid.
459 2574 486 2612 et
506 2577 579 2630 seqq.
599 2587 637 2599 -·
655 2558 729 2610 dicet
748 2560 841 2614 Ptine.
859 2587 896 2604 ·-·
914 2561 1003 2614 dicere
1022 2561 1130 2618 Berald.

207 2641 237 2696 ὅ.
254 2653 274 2687 o
293 2635 432 2706 Cluentio]
461 2634 592 2685 odirentio
611 2636 702 2690 Princ.

189 2709 262 2763 ibid.
281 2709 337 2780 est]
356 2726 412 2761 om.
434 2710 524 2762 Prius.
543 2706 651 2763 Berald.

209 2788 236 2843 Is.
255 2792 287 2835 ut
304 2802 364 2835 mos
382 2792 440 2848 est,
458 2785 539 2835 alios.
575 2784 695 2855 Danu]
723 2781 810 2854 Lugii.
830 2785 896 2837 Ηοι.
916 2783 992 2838 Man.
1012 2785 1093 2838 Cren.
1113 2813 1150 2828 -
1169 2785 1421 2837 Atmosestelios

120 2859 210 2912 damn.
229 2860 321 2912 Ptine.
341 2856 448 2912 Berald.
468 2857 528 2911 uid.
548 2885 585 2900 —
605 2861 733 2910 Asuero
752 2859 845 2913 domm
864 2857 933 2911 Lod.

189 2933 262 2988 ibid.
281 2951 342 2985 cum
360 2939 389 2985 in
408 2933 534 3004 invidio]
566 2931 636 2988 Lod.
655 2948 682 2986 et
700 2950 775 3006 seqq.
802 2961 837 2975 -
862 2951 924 2986 eum
941 2934 1050 2986 inuidia
1069 2936 1161 2989 Prius.
1180 2932 1286 2989 Berald.
1305 2962 1341 2977 -
1360 2952 1421 2987 cum

119 3009 238 3062 inuidiae
257 3006 318 3063 Ald.

206 3087 234 3141 9.
251 3084 349 3149 lituro]
379 3077 441 3134 did.
460 3095 488 3133 et
508 3097 635 3150 seqq.-
602 3081 754 3132 -iitiero
775 3082 865 3134 Prius.
887 3079 994 3136 Berald.

190 3164 234 3216 12
254 3156 412 3225 Eiusmodi]
434 3157 526 3208 Prius.
545 3153 652 3208 Berald.
672 3154 733 3207 Atd.
753 3153 820 3208 Lod.
839 3155 951 3230 Zumpt.
969 3181 1006 3196 -
1024 3156 1229 3209 Eiusdemmodi
1247 3154 1332 3229 Lugd.
1355 3157 1420 3211 Hos.

119 3229 191 3287 Man.
212 3234 293 3286 Creo.
311 3246 374 3283 curn
395 3230 510 3301 vulgatis
529 3229 608 3283 editt.
626 3230 778 3285 Ciceronis.

190 3306 261 3360 ibid.
280 3307 516 3373 subsortitionem]
544 3303 606 3360 aid.
628 3321 655 3359 et
674 3323 750 3378 seqq.
769 3331 805 3345 -·
824 3305 859 3358 ob
876 3310 1051 3358 sortitionem
1071 3305 1281 3361 i‘rinc.Beraid.
1299 3323 1420 3358 -sor-

119 3384 241 3434 ttiionem
260 3381 339 3434 codd.
359 3384 542 3434 Ciceronis.

188 3455 260 3510 ibid.
279 3455 495 3525 amentissimus]
521 3451 582 3506 ald.
603 3469 629 3507 et
648 3470 723 3526 seqq.
743 3480 777 3495 -
794 3459 1012 3508 amantissimam
1030 3456 1122 3510 Princ.
1141 3453 1250 3510 Berald.

191 3531 237 3587 dd.
257 3531 372 3596 iudices]
392 3535 436 3580 ius
455 3532 543 3582 Princ.
566 3558 596 3568 -
618 3547 666 3580 eos
684 3527 741 3583 Ald.

190 3609 234 3664 16.
254 3605 481 3658 condemnarent.
518 3604 593 3655 Nam
613 3603 647 3672 Q.
667 3603 797 3669 Curtius,
817 3603 922 3655 sodalis
941 3607 1015 3669 eius,
1034 3602 1130 3674 iudex]
1151 3601 1237 3677 Lugd.
1256 3604 1321 3657 iios.
1341 3604 1418 3659 Man.

118 3677 195 3733 Creo.
214 3709 252 3723 -
270 3680 497 3732 condemnarant.
536 3679 661 3748 Itemque
687 3678 801 3731 Crsrsius
826 3677 930 3730 sodalis
954 3683 1012 3730 eius
1035 3679 1092 3733 iud.
1112 3683 1203 3734 Princ.
1222 3708 1258 3722 -
1277 3679 1419 3734 condemn.

119 3753 240 3826 Namque
259 3755 373 3807 Curtius
390 3753 497 3804 sodalis
515 3757 573 3803 eius
590 3752 674 3803 iudex
694 3751 801 3809 beraid.
820 3751 881 3810 Aid.
900 3781 938 3796 -
955 3753 1182 3808 condemnarunt.
1223 3752 1277 3806 Per
1296 3753 1419 3807 sodalem

120 3831 245 3900 snqu.
267 3830 412 3895 Curtium]
451 3827 539 3879 Index
560 3826 628 3880 Lod.

189 3911 233 3962 17.
253 3905 341 3957 Iocrrm
361 3904 469 3972 reiect]
503 3899 564 3955 ald.
584 3899 669 3972 Lugd.
689 3903 753 3955 iios.
774 3902 850 3956 Μιιι.
873 3902 954 3955 Creu.
974 3931 1010 3945 -
1028 3903 1117 3955 iocum
1135 3920 1191 3953 non
1209 3907 1302 3954 reieci.
1323 3907 1418 3956 ceteri.

188 3976 259 4033 ibid.
279 3979 444 4045 redemerat]
465 3974 533 4030 Lod.
554 3993 581 4031 et
601 3994 725 4048 seqq-
694 3976 888 4030 -ods'merot
906 3979 997 4034 Prius.
1017 4005 1052 4020 -
1071 3976 1418 4031 resurrectionum.

189 4058 234 4111 19.
253 4057 340 4121 veris]
373 4059 464 4104 sserris
482 4053 575 4106 Ptine

188 4127 350 4196 Ibtd.1ud]
372 4127 418 4180 Sic
438 4146 486 4200 per
504 4142 594 4198 comp.
615 4127 707 4180 Ptine.
726 4124 834 4180 berald.
853 4153 890 4170 -
909 4125 1014 4179 iudices
1032 4123 1100 4179 Lod.
1119 4153 1155 4168 -
1172 4124 1308 4179 iudicibus
1325 4131 1419 4179 ceteri.

189 4201 260 4257 ibid.
278 4204 403 4272 volente]
428 4202 537 4253 nolente
556 4202 648 4255 Ptine.

190 4283 236 4335 20.
255 4277 379 4348 qrsibus'
368 4295 397 4328 m
417 4276 474 4329 iud.
492 4280 576 4343 eran]
611 4275 658 4328 Sic
686 4289 815 4348 corrupte
840 4277 931 4329 Princ.
958 4273 1064 4327 Berald.
1091 4271 1218 4327 111.-
1181 4279 1291 4346 -qui
1316 4273 1420 4328 iudices

119 4361 199 4406 moret
218 4351 340 4405 Lod.-
305 4355 406 4422 -qus'
423 4355 486 4403 veri
502 4351 604 4402 iudices
622 4357 704 4401 erant
725 4349 810 4423 Lngd.
830 4351 897 4405 iios.
919 4350 997 4404 Man.
1019 4351 1101 4405 Creta.

189 4434 234 4483 21
254 4427 442 4493 consideboni]
472 4423 648 4497 confidebant
665 4425 773 4480 Berald.
793 4424 851 4481 Aid.

191 4501 264 4556 ibid.
285 4501 418 4568 iradicare]
446 4499 513 4553 Lod.
532 4516 559 4554 et
579 4517 653 4571 seqq.
674 4525 706 4541 -
727 4502 864 4553 iudicaret
884 4502 1061 4570 antiquiores.

189 4584 233 4632 22.
254 4577 287 4646 Q.
309 4577 435 4629 Curtium
454 4575 571 4627 iudicem
590 4577 767 4644 qrsoestr'onis.
809 4580 836 4626 A
833 4577 947 4646 pporet]
987 4573 1072 4646 Lugd.
1099 4574 1164 4625 tior.
1183 4571 1261 4626 Man.
1281 4572 1364 4625 Creu.
1382 4600 1420 4614 -

118 4669 183 4720 quoe
208 4660 316 4703 tortum
340 4651 396 4703 iud.
421 4669 474 4723 quo
499 4658 526 4703 st
551 4658 667 4721 apparet
691 4650 784 4705 Prine
812 4647 918 4703 Berald.
937 4646 1065 4702 Atd-
1028 4649 1129 4718 -.Q
1150 4647 1277 4700 Curtium
1295 4646 1420 4704 irsdieem.

119 4725 176 4794 Quo
195 4736 313 4798 apparet
332 4727 400 4780 Lod.
765 4723 834 4780 ibid.
855 4723 1023 4795 trinepote]
1042 4723 1110 4776 ieme
1130 4731 1238 4793 etpost
1257 4720 1324 4776 ind.
