3210 5280
165 183 229 251 111
580 182 787 253 SCHOLIA
810 185 1065 255 BOBIENSIA

174 285 178 300 ι
243 327 308 404 IV.
336 321 373 403 1.
401 323 598 430 [intellego
624 355 734 429 quam
758 331 797 404 in
823 328 1037 404 absentem¹
1066 351 1149 403 essa
1176 321 1369 426 dicenda]
1408 325 1495 401 Pri·

164 466 262 516 mum
288 440 398 516 homo
425 441 540 516 durus
567 465 610 516 ae
635 445 783 541 priscus
808 442 978 516 invectus
1004 443 1126 517 estin
1153 464 1240 537 eos,
1265 441 1332 540 qui
1360 464 1495 516 mense

163 553 287 653 Aprili
312 554 409 653 apud
433 553 543 627 Baias
569 565 718 653 essent,
745 550 802 655 [et
827 557 933 655 aquis
960 555 1090 630 calidis
1116 548 1347 653 uterentur]

252 669 462 737 Consuetudo
485 681 553 735 erat
576 672 697 749 multia,
727 672 854 737 instante
877 694 995 750 verno,
1030 676 1070 736 ad
1090 692 1265 758 aquarum,
1298 692 1383 757 quae
1418 677 1499 736 sunt

139 764 197 836 sin
218 764 412 849 Campania,
455 766 543 833 velut
564 766 703 831 iornenta
724 765 863 830 salubria
886 766 1073 831 convenire.
1116 766 1222 852 Igitur
1243 765 1349 830 intulit
1371 786 1498 847 perso·

164 880 237 924 nam
259 857 385 934 Clodii.
410 858 499 942 qrrasi
513 857 639 941 priscae
654 856 832 923 severitatis
849 869 880 922 et
896 860 1107 924 continentiae
1128 860 1209 936 viri,
1234 858 1285 931 eui
1299 858 1501 942 displiceant

163 965 196 1018 et
214 951 304 1036 *quae
336 974 401 1018 non
430 955 471 1017 ad
496 953 661 1017 delicatam
690 953 906 1036 voluptatem,
940 956 997 1017 sed
1021 956 1060 1017 ad
1086 951 1271 1018 valetudinis
1294 951 1499 1017 obtinendas

163 1065 271 1113 euram
302 1044 372 1109 lieri
400 1048 546 1124 soleant,
583 1067 681 1132 quum
711 1043 873 1131 eirtipse
896 1046 1035 1111 omnium
1065 1046 1228 1110 libidinum
1260 1044 1499 1128 cupiditatibus

164 1140 301 1205 deditus.
354 1141 399 1204 Et
426 1140 500 1203 hine
521 1139 576 1204 fiet
601 1142 719 1224 gradus
743 1142 784 1203 ad
808 1139 907 1222 ipsius
938 1137 1108 1205 Ciceronis
1132 1138 1326 1204 Puteolanas
1355 1158 1499 1221 posses·

122 1233 287 1310 lusiones,
325 1230 357 1296 in
383 1254 461 1316 quas
489 1235 658 1298 devertere
684 1235 725 1296 ad
757 1233 1019 1298 oblectamentum
1046 1233 1182 1297 solebat.
1228 1231 1383 1298 Remorit
1405 1252 1498 1318 ergo

169 1325 393 1409 impudentiam
409 1326 672 1409 reprehendentis
687 1347 705 1391 a
722 1326 866 1393 moribus
880 1325 963 1404 suis,
988 1345 1028 1391 ne
1043 1326 1096 1390 vel
1109 1325 1267 1410 superbus
1285 1323 1339 1388 rel
1359 1323 1500 1390 nimium

163 1419 336 1485 delicatus³
358 1412 525 1485 habeatur.

239 1539 277 1619 2.
317 1538 434 1644 [Quid
469 1568 550 1618 cum
583 1541 655 1619 boc
681 1543 828 1619 bomine
854 1545 963 1619 nobis
996 1554 1071 1618 tam
1108 1543 1208 1617 tristi
1242 1567 1286 1617 ae
1318 1536 1499 1618 severo?

162 1654 249 1733 Non
275 1665 435 1755 possunt
459 1655 512 1733 hii
537 1681 661 1732 mores
687 1655 789 1730 ferre
815 1655 913 1730 hunc
940 1666 1012 1731 tam
1040 1666 1229 1730 austerum
1256 1664 1397 1730 ettam
1426 1680 1495 1730 ve-

121 1768 370 1843 ssbementem
395 1769 612 1873 magistrum
622 1763 652 1866 ‚]
691 1794 760 1868 per
787 1793 895 1868 quem
921 1766 1130 1843 hominihus
1157 1768 1367 1842 maioribus
1396 1776 1497 1842 natu

163 1880 363 1956 numanis
382 1880 529 1979 quidem
555 1881 718 1980 praediis
747 1875 918 1981 [inpune]
945 1877 1080 1976 tunc⁴,
1107 1894 1218 1978 quum
1235 1878 1377 1953 Romae
1395 1878 1498 1953 nihil

163 1993 306 2095 agitm,
341 1991 453 2067 liceat
487 2017 569 2068 esse
595 1992 869 2093 valetudinique
896 1993 1053 2067 servire.
1117 1987 1402 2090 [Verumtamen
1431 2018 1496 2068 ce·

162 2109 292 2182 teris.
321 2161 330 2181 .
358 2107 409 2180 sit
432 2108 629 2207 ignoscere
670 2160 679 2180 .
709 2160 718 2180 .
746 2103 861 2180 vero⁵
890 2161 899 2180 .
928 2160 937 2179 .
964 2107 1004 2178 in
1028 2104 1094 2178 illo
1120 2104 1204 2178 loco
1230 2103 1332 2177 nullo
1360 2105 1495 2180 modo.

159 2216 259 2320 ¹Quid
277 2217 437 2314 homini,
462 2219 603 2317 inquit,
621 2218 794 2315 Arpinati
813 2243 894 2292 cum
913 2217 1034 2314 Baiis,
1061 2219 1200 2316 agresti
1226 2240 1269 2289 an
1293 2219 1444 2290 rustico
1452 2211 1496 2316 l]

119 2353 152 2409 rt
247 2334 412 2419 Congesta
435 2345 468 2399 et
497 2334 633 2418 eopiosa
659 2335 801 2403 defensio
824 2347 872 2399 est
895 2335 927 2397 in
955 2334 1022 2417 ipsa
1048 2332 1291 2416 propositiones
1313 2344 1348 2398 ut
1373 2355 1494 2399 eorum

162 2429 306 2496 moribus
328 2428 407 2493 nihil
436 2441 586 2512 oporteat
610 2429 846 2512 exprobrari⁶,
877 2429 931 2513 qui
957 2442 1047 2493 certo
1073 2438 1219 2510 tempore
1241 2427 1313 2491 anni
1339 2428 1495 2494 salubres

163 2544 261 2608 aquas
282 2533 412 2604 petant3
443 2522 495 2586 vel
518 2523 592 2606 quia
614 2531 717 2585 aetate
740 2521 886 2605 provecti
910 2521 991 2598 sint,
1024 2542 1105 2607 qnae
1128 2520 1231 2586 ferme
1256 2521 1407 2587 valetudo
1429 2541 1495 2606 pa·

162 2637 234 2685 rum
255 2615 318 2679 lida
340 2626 412 2691 est3
435 2614 487 2679 rel
508 2613 582 2700 quia
603 2613 637 2676 in
658 2612 723 2678 suis
746 2614 884 2697 praediis
900 2619 1123 2692 demorentur,
1148 2618 1234 2700 quod
1257 2624 1305 2679 est
1325 2615 1495 2699 legitimae

161 2707 356 2784 honestati„
392 2707 445 2772 vel
467 2708 542 2790 quia
565 2729 605 2772 eo
628 2718 791 2789 ternpore,
823 2729 888 2793 qno
914 2707 979 2772 siut
1001 2710 1122 2795 Rornae
1146 2708 1250 2774 omnia
1273 2707 1494 2793 quietissima,

118 2827 152 2878 π
164 2825 204 2873 ne
226 2801 302 2889 quis
322 2803 386 2868 hoe
408 2804 449 2865 ad
469 2800 656 2887 fugiendum
677 2800 820 2863 laborem
844 2800 981 2864 civilium
1003 2822 1109 2865 rerum
1125 2802 1231 2866 facere
1248 2804 1413 2866 videatur:
1437 2803 1496 2866 vel

162 2899 251 2983 quod
271 2895 312 2960 sit
334 2893 421 2960 omni
442 2895 539 2960 modo
563 2891 735 2958 valetudini
764 2893 986 2970 serviendum,
1016 2917 1097 2977 quae
1128 2917 1190 2959 non
1213 2894 1313 2958 minus
1335 2895 1416 2977 ipsis
1437 2917 1494 2960 se·

162 2988 350 3066 natoribus,
375 3010 468 3073 quam
490 2988 594 3072 reip.
618 2985 794 3052 necessaria
816 2987 879 3066 sit,
905 3000 939 3055 ut
960 2987 1077 3054 lortius
1099 2986 1225 3073 possint
1246 2988 1339 3054 obire
1361 2988 1492 3067 munia,

162 3102 245 3168 quae
268 3083 410 3167 gerenda
431 3092 519 3147 sunt.

237 3199 275 3281 3.
303 3200 404 3306 [Quo
421 3201 524 3305 loeo]
551 3207 603 3281 ita
622 3204 693 3281 fuit
718 3230 873 3301 caecus,
899 3215 941 3280 ut
966 3204 1073 3280 facile
1100 3216 1319 3306 appareret,
1344 3208 1493 3283 vidisse

118 3340 273 3414 meum,
300 3317 401 3416 quod
426 3317 484 3391 fas
510 3342 586 3392 non
612 3317 765 3393 luisset:

233 3521 259 3570 1.
279 3518 341 3568 cot.
361 3522 439 3568 Tene.
457 3520 601 3583 instigante.
638 3518 664 3567 2.
683 3521 745 3566 Coei.
763 3521 826 3565 sint.
872 3517 897 3568 3.
917 3520 978 3566 Cod.
998 3519 1114 3570 delictas.
1161 3517 1186 3566 1.
1206 3522 1282 3566 Tanr.
1302 3525 1363 3565 tene.
1415 3521 1441 3570 5.
1462 3521 1491 3568 ln

300 3592 391 3638 tunnis
409 3593 533 3648 perierunt
550 3595 662 3650 quattuor
679 3592 776 3636 eirritsr
794 3591 919 3635 voeabula.
965 3592 1015 3634 lam
1036 3591 1110 3635 rerba
1129 3591 1164 3635 sit
1186 3591 1320 3651 ignoscere
1339 3601 1398 3634 sero
1417 3591 1493 3638 babet

302 3663 399 3722 quidem
416 3663 447 3707 el.
467 3660 603 3716 Peyronins
621 3673 645 3717 p.
670 3657 712 3709 15.
732 3662 756 3705 in
775 3661 904 3718 grandiore
927 3661 1062 3716 scriptura,
1081 3673 1164 3706 rernm
1185 3663 1266 3705 endem
1290 3661 1384 3705 ineante
1403 3663 1491 3707 omisit

298 3733 323 3778 ts
341 3734 434 3777 minore
453 3744 477 3790 p.
500 3728 558 3778 115.
596 3728 623 3776 1.
641 3730 703 3776 Cod.
717 3729 872 3790 exprobari,
891 3730 924 3775 sti
945 3730 969 3776 in
981 3728 1051 3776 Orat.
1064 3731 1093 3777 ds
1110 3744 1168 3776 aare
1185 3731 1265 3776 alieno
1283 3729 1384 3774 Milonis
1403 3729 1438 3777 11.
1460 3728 1488 3779 6.

299 3801 452 3863 exprobare.

157 3922 254 3996 polein
272 3929 301 3974 et
319 3920 461 3988 declaret,
489 3928 519 3973 et
545 3920 579 3972 de
605 3938 661 3992 qno
679 3938 711 3974 rs
728 3922 803 3972 sotis
820 3921 957 3989 occipiat,
984 3927 1014 3972 et
1032 3926 1098 3989 preat
1116 3935 1265 3991 sponsores
1283 3925 1335 3969 ant
1346 3915 1490 3991 fidepro-

159 4003 292 4052 missores
315 4001 345 4050 in
369 4016 431 4050 eom
456 3995 659 4065 obligationem
681 4003 848 4066 accepturae
871 4000 928 4046 sit:
965 4003 994 4047 et
1013 3999 1068 4046 nisi
1082 3994 1276 4066 praedixerit,
1305 3999 1490 4064 permittitur

159 4073 339 4146 sponsoribus
356 4081 385 4126 et
397 4070 679 4145 fidepromissorilns
695 4077 775 4123 intra
793 4068 864 4121 diem
891 4069 988 4124 ΧΧΧ.
1011 4069 1213 4141 praeiudicium
1235 4070 1400 4139 postulare,
1432 4088 1490 4140 qno

159 4156 329 4220 quaretur,
359 4166 397 4200 an
422 4166 459 4199 ee
485 4164 518 4201 eo
542 4149 604 4217 lege
629 4145 805 4219 praedictum
827 4150 877 4199 sit.
927 4143 967 4198 Et
985 4149 1011 4198 si
1028 4144 1182 4199 indicatum
1192 4145 1290 4216 juerit
1306 4143 1490 4212 praedictatas

159 4240 308 4291 nonem,
327 4221 493 4278 liberantur.
1434 4218 1439 4233 “

254 4362 280 4414 l.
300 4354 340 4408 Ex
360 4352 498 4407 hocloco
518 4356 656 4426 incipiunt
676 4349 828 4426 fragments
848 4349 981 4424 quaedam
1003 4351 1141 4404 hulusmet
1161 4354 1296 4404 orationis
1316 4364 1331 4402 a
1352 4350 1390 4407 ol.
1415 4352 1490 4427 Psy.

159 4432 240 4483 ronto
260 4447 275 4484 e
295 4429 461 4482 Taurioenst
481 4427 577 4482 codice
597 4426 687 4482 edita:
714 4443 784 4501 qnae
804 4443 818 4480 s
839 4446 883 4480 me
904 4425 1147 4500 praetermittenda
1168 4443 1223 4479 non
1245 4441 1325 4490 sunt,
1352 4430 1440 4480 etiarn
1461 4435 1488 4485 st

159 4503 360 4560 Ambrosianus
389 4509 524 4576 interpres
550 4507 582 4556 ad
609 4519 641 4559 ea
661 4522 717 4557 non
738 4509 774 4556 stt
794 4520 1009 4558 commentatus.
1048 4503 1232 4555 ‘laurinensis
1254 4517 1347 4562 tamen
1369 4500 1487 4557 addita-

159 4596 268 4646 menta,
287 4579 476 4634 distinotionis
496 4584 602 4651 gratis,
628 4585 707 4633 uncis
728 4577 880 4632 includam.

235 4661 281 4718 50.
302 4657 382 4710 Hono
407 4653 501 4707 lorum
528 4655 649 4710 illustrat
676 4655 776 4708 Cicero
803 4652 836 4705 de
865 4655 974 4724 barusp.
1000 4669 1070 4726 resp.
1091 4653 1214 4716 xvsti,
1244 4657 1290 4724 qui
1311 4653 1430 4723 loquens
1451 4652 1487 4709 de

159 4730 258 4790 eodem
277 4733 332 4802 boo
358 4746 455 4806 stupro
474 4727 566 4785 Clodii
592 4736 635 4786 sio
660 4735 715 4785 sit:
748 4737 799 4783 ont
824 4727 899 4800 quod
921 4730 1030 4799 orarios,
1066 4736 1098 4779 nt
1116 4731 1209 4798 opinio
1234 4730 1310 4781 illins
1334 4732 1488 4799 religionis
