3210 5280
251 192 459 262 SCHOLIA
480 194 729 262 coniuncta
751 193 800 262 ΙΝ
823 193 966 262 ottae.
986 193 1081 260 PRO
1103 192 1305 262 MILONE.
1367 193 1429 260 273

120 335 270 420 pets-sudi
299 336 499 412 facilitatem
538 336 732 402 constituens
760 336 791 400 in
821 356 932 401 eorum
959 333 1175 400 misericordis
1203 337 1430 400 &manentum

120 430 232 494 nlntis
247 428 311 494 Cn.
328 429 468 505 Plancii,
490 451 549 513 per
569 450 652 515 quos
671 429 741 512 ipse
753 428 796 493 sit
812 428 946 493 reditum
960 440 1161 494 concentus.
1203 429 1253 493 Ita
1268 429 1430 513 eleganter

120 535 155 587 et
176 544 238 608 pro
259 543 294 587 se
316 522 436 609 gratias
457 522 540 609 agit,
573 535 606 587 et
630 523 706 587 huic
732 543 826 606 pares
853 521 1051 587 humanitatis
1078 534 1207 587 eventus
1228 526 1429 605 depreeatur.

197 640 235 722 3.
262 647 404 720 Mecum
429 670 499 721 ros
525 647 635 722 simul
658 647 718 722 hic
744 646 972 722 miserrimus
991 656 1030 721 ct
1045 649 1204 747 optimas
1222 648 1431 721 obtestatur

119 757 187 861 [P.
216 751 321 858 189]
347 783 507 858 parens,
544 770 582 836 et
613 785 683 860 pro
717 784 790 834 uno
815 758 891 833 filio
918 759 990 832 duo
1015 752 1430 858 petresildeprecamur.

207 876 311 940 Valde
333 877 487 958 copulatis
510 876 666 962 utrimque
687 876 831 962 personis
853 888 885 941 et
907 875 938 939 iu
960 886 1050 959 petre
1070 874 1139 940 sinc
1153 873 1249 940 dubio
1264 873 1431 956 plurimum

120 969 286 1035 constituit
319 968 548 1046 miserationis,
581 982 616 1035 et
645 971 707 1034 sibi
733 973 861 1035 eandem
893 968 953 1032 rim
986 967 1205 1037 sollicitudinis
1239 966 1430 1032 vindicavitt

120 1061 215 1148 qnasi
237 1075 369 1150 uterque
384 1062 449 1130 Cn.
464 1063 598 1129 Plancio
613 1063 775 1148 paternit,
799 1064 880 1128 alter
893 1074 1022 1142 ustura,
1045 1062 1125 1127 alter
1139 1061 1244 1128 officio
1258 1060 1430 1148 grstiosus.

655 1261 906 1337 EXPLICIT.

279 1768 377 1902 uu
407 1796 799 1906 ciceronis
828 1794 1275 1902 ouationem

514 2057 667 2147 PRO
716 2056 1037 2145 MILONE

209 2281 681 2361 COMMENTARIUS
715 2281 1018 2384 ANTIQUUS
1052 2279 1414 2429 INEDIQ...,
1499 2338 1505 2363 .
1545 2280 1591 2317 ψ

534 2654 758 2721 EDITORIS
780 2654 1021 2721 MONITUM.

200 2829 368 2916 Anonymi
380 2833 564 2915 interpretis
586 2854 625 2896 en
652 2834 721 2895 iarn
734 2831 941 2914 proferimus
956 2833 1005 2895 ad
1022 2829 1188 2896 Ciceronis
1202 2827 1432 2894 Milonianam

121 2926 303 3006 copiosos,
336 2925 399 2986 etsi
426 2944 494 2984 non
521 2925 670 3003 integros
696 2922 738 2987 ob
770 2923 1011 2989 Vaticanornm
1033 2922 1211 3004 foliorum
1241 2917 1432 3000 desectum,

122 3014 398 3078 commentarios.
438 3010 597 3091 Profecto
615 3015 875 3076 commentarios
889 3018 922 3077 in
940 3014 1051 3078 'I'nllii
1063 3013 1252 3087 orationes,
1266 3030 1351 3094 qnos
1364 3029 1431 3090 ego
1543 3032 1547 3043 ·

121 3106 252 3185 partim
267 3105 300 3164 in
316 3100 550 3166 Ambrosianis
571 3102 698 3182 partim
721 3121 796 3164 nero
818 3103 851 3164 in
868 3101 1038 3167 Vaticanis
1059 3100 1286 3183 palimpsestis
1307 3099 1431 3179 reperi,

123 3213 231 3257 unum
252 3191 458 3274 eundemque
475 3191 596 3254 haltere
617 3201 813 3268 auctorem,
834 3191 871 3254 id
903 3208 1155 3278 quaquaversus
1182 3199 1285 3273 atque
1306 3187 1432 3251 eviden-

122 3286 247 3346 tissime
269 3279 529 3362 comprobatnm
556 3289 615 3345 est.
664 3278 779 3364 Atqui
802 3303 869 3364 ego
896 3284 980 3347 olim
1004 3297 1209 3364 magnopere
1238 3279 1431 3358 suspicatus

113 3373 277 3453 fueram,
306 3372 533 3454 (quamquam
555 3389 683 3455 semper
703 3366 780 3433 dixi
797 3375 882 3437 milri
901 3373 1021 3448 videri,
1041 3389 1216 3452 nunquam
1240 3365 1432 3447 affirmavi)

121 3460 340 3526 Ambrosiana
373 3462 508 3524 scholia
538 3475 715 3533 auctorem
742 3463 863 3529 lrabere
896 3462 1095 3537 Ascanium,
1129 3459 1227 3521 cuius
1263 3455 1431 3536 opinionis

120 3549 316 3633 probabilia
333 3558 366 3615 et
383 3554 493 3614 malta
511 3567 713 3636 argumenta
737 3558 771 3617 in
790 3551 1063 3636 praefationibus
1082 3547 1237 3615 exhibui.
1257 3563 1347 3628 quae
1360 3562 1432 3606 rens
1461 3577 1465 3589 ·

122 3640 356 3722 compluribus
378 3638 515 3705 eruditis
534 3654 780 3725 persuaserunt.
822 3640 1059 3707 Contradixere
1082 3650 1194 3703 tamen
1218 3637 1304 3714 atti,
1323 3633 1431 3696 nullis

122 3730 236 3794 adnuo
260 3728 417 3813 publice,
439 3730 533 3814 qnod
552 3753 617 3815 ega
642 3735 803 3818 legerim,
824 3735 1031 3818 argumentis
1047 3725 1326 3796 contradictionis
1346 3741 1431 3786 snae

121 3822 318 3901 propositis.
356 3821 424 3902 Age
445 3841 522 3883 vero
545 3823 679 3886 sclsolia
701 3824 749 3888 ad
772 3823 1018 3898 Milonianam,
1040 3841 1129 3906 qaae
1153 3816 1289 3881 Asconii
1310 3831 1430 3874 nomen

123 3914 158 3973 in
180 3909 380 3974 editionibus
402 3931 486 3991 prae
510 3931 544 3973 se
559 3909 702 3991 ferunt,
723 3913 854 3976 iamdiu
879 3916 1003 3976 scimus
1026 3918 1153 3974 extare.
1191 3903 1283 3988 Ergo
1307 3904 1340 3964 si
1363 3903 1430 3963 is'ta

122 3999 313 4064 Asconiana
336 4010 414 4062 sunt
440 4001 535 4074 (nam
563 4011 595 4065 et
626 4005 734 4084 ipsum
764 4002 943 4067 Ascanium
972 4000 1137 4064 Ciceronis
1170 3997 1380 4074 interpretem
1406 4008 1431 4050 a

121 4089 296 4152 nonnuliis
316 4093 504 4172 generatim
517 4094 639 4173 negari
651 4090 773 4172 audio,·
794 4092 837 4157 ab
858 4092 937 4154 aliis
959 4097 1047 4154 certe
1067 4085 1202 4149 sclsolia
1217 4083 1430 4146 Verrinarnm

121 4181 242 4245 diserte
265 4181 408 4244 Ascanio
434 4185 522 4264 eripi
548 4183 661 4258 rideo,
682 4204 892 4269 quamquam
919 4193 952 4247 et
973 4184 1059 4246 liaeo
1084 4181 1118 4241 in
1139 4175 1272 4237 nomine
1295 4167 1432 4235 tscontt

119 4270 274 4352 Poggius
295 4271 445 4334 inventor
465 4271 567 4334 edidit
575 4277 599 4348 ,)
619 4274 651 4333 si
671 4273 779 4344 edita,
801 4276 957 4358 inquam,
979 4268 1027 4334 ad
1046 4266 1276 4334 Milonianam
1296 4257 1431 4323 sclralia

122 4353 270 4421 Asconii
287 4367 381 4436 sunt,
413 4360 571 4422 l'aticani
590 4362 754 4426 enimvero
778 4373 811 4428 et
840 4359 1052 4426 Ambrosiani
1074 4350 1311 4423 commentarii
1331 4350 1430 4412 d500·

119 4448 216 4510 nium
236 4456 412 4512 auctorem
436 4450 567 4537 iactare
587 4462 773 4533 nequeunt:
799 4475 905 4537 neque
931 4455 1018 4516 enim
1039 4448 1211 4533 quispiam
1235 4437 1431 4503 sanusexi·

123 4534 273 4599 stimadit
284 4533 333 4600 dis
345 4535 535 4602 Ascanium
554 4536 601 4601 ad
611 4540 778 4604 Ciceronis
792 4541 1022 4607 Milonianam
1028 4540 1144 4621 fnisse
1158 4538 1431 4599 commentatum·

119 4622 217 4690 Illud
243 4646 379 4708 qaoque
409 4626 548 4710 dignam
573 4628 860 4697 animadversione
890 4641 1006 4695 nostra
1036 4637 1102 4696 est.
1132 4644 1213 4688 rara
1248 4615 1431 4682 admodum

120 4716 294 4794 accidere,
329 4725 366 4778 nt
391 4718 424 4778 in
450 4717 565 4783 eodem
586 4719 743 4805 Tulliani
763 4729 941 4787 contextus
962 4722 1043 4785 loco
1064 4717 1247 4781 Vaticanus
1272 4709 1431 4788 interpres

203 4833 326 4876 mnan·
340 4837 363 4878 is
377 4836 422 4878 cn.
438 4836 483 4878 vn.
498 4836 523 4877 v.
538 4842 565 4899 sm
1041 4861 1044 4866 .
1141 4804 1182 4870 18
