3210 5280
211 164 274 227 320
630 161 836 230 SCHOLIA
860 159 1110 235 BOBlENSIA

210 305 311 386 dixit,
342 307 429 390 qnod
458 305 556 367 multo
579 304 797 368 tolerabilius¹
819 313 885 378 est,
909 323 1002 384 quam
1025 300 1050 362 si
1076 344 1085 364 .
1110 343 1119 363 .
1145 344 1155 364 .
1179 320 1218 364 ne
1240 301 1366 365 modum
1391 343 1403 364 .
1428 341 1439 364 .
1465 342 1477 363 .
1504 297 1539 361 .’

211 415 258 466 est
283 416 437 465 mortuas.
483 402 586 480 Quum
617 398 649 461 id
682 400 796 461 dictum
830 397 869 459 ab
904 395 1081 460 Hortensio
1115 398 1292 472 elevasset,
1330 416 1394 478 pro
1425 392 1539 476 inepto

212 494 349 557 irrisisse
373 493 496 556 'l'ullius
522 493 700 554 videbatur.

287 612 324 691 3.
379 619 557 690 Fuerisne
601 627 703 689 tanta
730 615 970 706 crudelitate,
1009 624 1050 687 ui
1076 613 1239 687 delectos
1266 615 1369 687 viros
1397 615 1540 712 princi·

186 727 300 827 spes³
328 731 488 802 civitatis
516 725 666 800 delerel
693 738 756 800 tua
782 734 974 828 rogatione
1002 722 1240 802 conarere⁵i

295 847 348 910 De
372 850 433 911 hoc
458 858 602 927 tempore
623 847 722 910 locuti
749 868 855 909 sumus
881 849 910 911 in
936 848 1100 919 oratione,
1133 866 1215 928 quae
1241 845 1322 907 Ιιιιιο
1347 844 1540 926 praeeedit:

212 942 255 1004 L.
279 941 423 1003 Vettium
447 939 628 1021 perditum⁶
651 938 806 1003 hominem
832 942 1003 1005 instinctu⁷
1028 939 1148 1001 Vatinii
1154 939 1348 1043 ‘professum
1365 960 1435 1002 esse
1452 940 1540 1020 apud

214 1049 357 1098 senatum
388 1056 422 1096 sc
448 1035 655 1096 indicaturum
688 1034 859 1114 plerosque
887 1032 1100 1098 nobilissimos
1132 1031 1218 1095 viros
1245 1034 1283 1094 de
1314 1030 1538 1094 interficiendo

218 1128 410 1209 Pompeio
403 1127 496 1189 misse
523 1126 792 1200 coniurationem,
818 1128 931 1210 idque⁸
962 1128 1121 1211 negotium
1145 1126 1205 1188 sibi
1234 1127 1415 1197 mandasse;
1450 1125 1538 1184 hune

169 1233 315 1294 tutamen
346 1202 496 1284 Vettium
527 1220 557 1283 in
587 1240 746 1282 carcerem
778 1220 954 1283 coniectum
985 1233 1079 1306 atque
1107 1218 1221 1283 ibidem
1255 1229 1398 1280 necatum
1429 1215 1534 1297 ipsis⁹

214 1315 269 1397 [Ρ.
286 1313 375 1397 114]
400 1314 597 1396 potissimum
612 1312 815 1388 auctoribus,
842 1315 895 1398 qui
911 1337 980 1378 etun
997 1318 1037 1377 ad
1060 1312 1251 1376 mendacium
1268 1308 1535 1374 suborttasllseut.

288 1439 336 1512 X.
367 1432 400 1511 1.
430 1438 472 1510 C.
502 1439 701 1511 Curionem
727 1450 943 1536 perpetuum
972 1439 1116 1511 hostem
1142 1439 1400 1534 inproborum.

298 1559 341 1619 Et
364 1559 447 1617 hunc
471 1557 512 1617 L.
537 1555 666 1618 Vettius
690 1556 866 1619 nominasse
892 1558 974 1619 inter
998 1567 1123 1619 ceteros
1139 1556 1307 1616 videbatur
1331 1550 1431 1615 veluti
1447 1571 1538 1613 ntan-

213 1652 303 1713 datae
315 1651 340 1691 ¹⁰
362 1650 391 1711 in
415 1650 603 1730 Pompeium
627 1650 727 1711 caedis
749 1663 929 1713 auctorem:
953 1649 1006 1731 qui
1022 1661 1124 1711 tamen
1141 1647 1243 1712 Curio
1259 1647 1435 1711 honorilice
1451 1666 1536 1706 nttuc

171 1760 230 1807 ssa
254 1744 362 1807 Tullio
386 1743 584 1816 nouduatur,
608 1764 701 1824 qutun
727 1745 928 1806 vehementer
951 1754 981 1806 et
1004 1763 1116 1823 aspere
1137 1743 1291 1805 laceratus
1308 1740 1348 1802 sit
1363 1743 1402 1801 ab
1418 1742 1536 1802 eodem

212 1837 244 1900 in
267 1837 430 1912 oratione,
456 1848 515 1919 q'ua
539 1847 570 1899 et
591 1836 694 1918 ipsum
715 1848 747 1900 et
770 1838 811 1901 Ρ.
836 1836 987 1900 Clodium
1011 1835 1180 1898 lacessivit.

289 1958 326 2035 2.
346 1961 417 2062 Qui
432 1961 702 2069 duosxnclarios
715 1963 858 2060 patriae
872 1961 1085 2060 proditores
1096 1961 1239 2059 legibus
1254 1959 1537 2031 exterminarat.

300 2080 349 2143 De
373 2081 416 2142 L.
444 2078 586 2145 Aemilio
606 2081 709 2143 Paulo
733 2080 823 2154 dicit,
849 2079 903 2163 qui
926 2079 1123 2142 consulatum
1144 2088 1256 2160 postca
1279 2097 1349 2138 curn
1368 2077 1421 2137 ut.
1440 2077 1536 2137 Mau·-

213 2174 296 2237 cello
323 2173 440 2256 gessit,
466 2184 537 2234 ante
561 2194 672 2234 annum
699 2195 791 2257 quarn
820 2175 933 2234 bellum
961 2171 1054 2233 civile
1080 2169 1227 2252 Pompeii
1249 2181 1279 2232 et
1306 2167 1452 2231 Caesaris
1477 2191 1537 2229 cx·

170 2270 410 2330 inardesceret.
457 2265 520 2328 Hic
545 2265 643 2349 igitur
663 2267 782 2330 Paulus
806 2287 956 2327 accusare
982 2265 1159 2326 instituerat
1181 2266 1218 2324 de
1244 2262 1274 2323 ri
1297 2264 1339 2323 L.
1365 2261 1539 2324 Catilinam

215 2373 263 2434 et,
300 2373 332 2423 ut
356 2360 479 2444 quidam
504 2357 674 2421 memoriae
702 2358 912 2434 tradiderunt,
948 2356 990 2421 C.
1015 2355 1207 2440 Cethegum.
1252 2354 1419 2418 Sedenim
1444 2352 1544 2435 (ἶιιιί-ι

213 2454 276 2515 lina
299 2454 445 2515 deficiens
472 2454 511 2514 ab
540 2473 576 2514 re
606 2473 638 2532 p.
670 2471 704 2512 se
733 2452 772 2511 ad
801 2472 887 2513 arma
917 2451 1114 2529 contulerat,
1150 2449 1313 2532 Cethegus
1342 2467 1475 2532 quoque
1504 2448 1536 2510 in

212 2548 320 2610 eadent
343 2547 635 2628 perseveratione¹¹
658 2556 865 2625 consumptus
887 2556 947 2606 est.

289 2658 357 2744 XI.
387 2665 421 2743 l.
450 2669 686 2770 Spoliaretur
712 2669 891 2741 beneficio
919 2677 957 2741 ei
983 2670 1167 2768 aequitate
1192 2667 1285 2767 legis
1313 2676 1410 2739 tuae.

283 2889 307 2936 l.
328 2891 387 2934 Cod.
406 2888 577 2933 doloredt'lt'tsr.
616 2886 640 2933 2.
660 2889 686 2933 ln
699 2891 775 2943 prims
788 2890 870 2932 lacuna
882 2895 984 2946 quinque
1003 2889 1053 2933 fere
1071 2889 1159 2946 rerba,
1178 2891 1201 2932 s'n
1220 2890 1321 2932 secunda
1337 2892 1383 2931 duo
1397 2893 1534 2936 desiderari

350 2961 466 3004 ridcutttr.
505 2957 529 3002 3.
550 2959 609 3003 Edd.
629 2964 653 3002 et
669 2959 807 3016 principes.
847 2955 871 3001 i.
891 2959 951 3002 Edd.
971 2960 1057 3002 tollere
1075 2963 1099 3002 ei
1117 2957 1210 3002 delere.
1248 2959 1297 3002 lam
1315 2959 1401 3002 tollere
1424 2976 1470 3004 ιιοιι
1486 2967 1535 3006 tarn

352 3030 455 3073 fortusse
480 3030 554 3072 deluit
574 3031 597 3072 itt
619 3029 809 3082 exemplaribus,
837 3028 924 3084 quibus
946 3029 1055 3072 utebatur
1079 3029 1234 3081 scholiastes,
1264 3042 1333 3085 quarn
1352 3029 1430 3073 abeo
1449 3037 1535 3085 sponte

350 3103 467 3143 omissum
493 3099 545 3143 luit.
595 3097 619 3142 5.
648 3097 708 3142 Edd.
734 3100 876 3151 conareris.
926 3095 949 3141 6.
979 3098 1039 3141 Ccd.
1064 3097 1189 3155 perditos.
1240 3093 1263 3143 i.
1294 3099 1354 3145 Cod.
1375 3101 1536 3150 instinctum,

354 3166 378 3214 8.
400 3171 459 3213 Coi.
480 3166 508 3211 t'd
524 3182 611 3226 nsque.
650 3166 673 3212 9.
693 3168 753 3212 Cod.
775 3165 834 3223 spei.
874 3164 915 3212 16.
935 3167 996 3211 Ced.
1016 3168 1053 3211 eet
1071 3166 1212 3214 mundulos.
1262 3166 1301 3211 11.
1322 3170 1361 3212 stc
1378 3171 1433 3212 cod.
1454 3171 1536 3214 Maius

351 3240 375 3283 in
393 3244 505 3282 contestu
524 3239 586 3281 conl.
607 3238 685 3294 dedit:
717 3236 899 3281 coniuratione.
947 3237 1032 3281 Malim
1055 3239 1163 3295 equidem
1182 3250 1350 3295 perseverunt
1374 3241 1473 3283 ratione
1497 3243 1535 3285 rel

346 3321 514 3365 perseuerans
532 3307 713 3350 coniuratione.
745 3305 791 3354 Οι.

307 3433 335 3488 5.
355 3427 396 3480 En
419 3429 630 3480 llortensianum
652 3425 758 3477 dictum
779 3423 850 3498 apud
876 3427 1039 3480 Ciceronem
1066 3429 1155 3498 ipsum
1183 3430 1212 3479 in
1241 3426 1317 3480 Verr.
1344 3425 1393 3482 lib.
1422 3430 1457 3481 V.
1487 3433 1534 3486 18,

211 3509 344 3575 antiquae
362 3509 428 3552 stent
447 3507 520 3553 istae
539 3503 616 3570 leges
635 3511 663 3552 et
682 3510 826 3566 mortuae,
854 3501 1082 3572 quaemadmodum
1101 3510 1133 3552 tu
1153 3499 1310 3574 (Hortensi)
1329 3505 1402 3553 soles
1422 3504 1533 3572 dicere,

212 3598 280 3652 quae
299 3585 408 3629 vetant.
435 3576 569 3630 Ntrtutta.

305 3657 333 3710 6.
354 3653 458 3725 Nempe
487 3669 536 3723 pro
563 3654 667 3714 Sestio
699 3656 739 3705 uti
766 3667 838 3703 nunc
865 3650 951 3703 editio
971 3667 1031 3703 mes
1052 3646 1240 3711 demonstrat:
1274 3669 1357 3723 utque
1378 3651 1449 3706 olim
1470 3669 1536 3709 state

213 3733 354 3782 intentum
376 3729 528 3780 Romanum
549 3691 672 3778 codiceui
694 3731 887 3779 divinaveram.
928 3727 1000 3798 Lege
1019 3728 1183 3781 Ciceronem
1205 3725 1238 3779 sd
1259 3732 1316 3780 Διι.
1336 3726 1374 3781 ΙΙ.
1396 3733 1442 3786 24.

290 3814 333 3861 11.
356 3804 453 3855 Recole
472 3820 523 3896 pro
543 3802 633 3854 Sestio
654 3802 761 3855 ant.
781 3806 808 3860 3.

289 3884 333 3936 12.
353 3880 478 3931 Etiam
470 3897 498 3930 ιιι
526 3881 602 3929 Verr.
630 3891 682 3928 act.
710 3878 733 3929 l.
762 3881 788 3933 7.
817 3880 855 3927 ait
877 3876 991 3929 Cicero·
1019 3877 1049 3929 C.
1077 3877 1179 3943 Curio,
1210 3895 1290 3947 quem
1317 3894 1371 3947 ego
1397 3875 1537 3933 Ιιοιιιὶιιιιιι

212 3951 327 4006 honoris
342 3960 454 4024 potius
475 3971 555 4023 quam
576 3953 757 4002 contumeliae
777 3969 861 4002 ιιιιιιιι
881 3956 1052 4003 nominatum
1072 3953 1149 4005 ιιοΙο.

289 4031 334 4085 16.
289 4029 519 4100 1Deperditae
549 4031 628 4080 huius
655 4031 788 4078 orationis
817 4026 958 4097 complura
985 4026 1137 4100 fragmenta
1168 4024 1202 4078 ab
1228 4026 1281 4079 boc
1300 4030 1360 4098 lpso
1382 4031 1537 4099 interprete

213 4102 361 4156 inlustrata
388 4102 575 4176 superioribus
605 4107 683 4153 annis
705 4101 856 4154 Mediolani
878 4117 927 4171 ego
949 4101 1038 4159 edidi:
1067 4101 1165 4174 quibus
1186 4105 1240 4154 slis
1263 4118 1355 4174 postea
1377 4100 1515 4156 rddidit'
1506 4123 1536 4156 ιιι

212 4177 378 4233 'Carrinensi
399 4180 574 4252 palimpsesto
595 4175 702 4229 detecta
722 4177 757 4228 cl.
779 4179 936 4248 Peyronius.
985 4180 1077 4249 Nuper
1104 4195 1168 4230 vero
1195 4178 1375 4230 haecomnia
1398 4183 1535 4260 orationis

212 4251 366 4328 fragments
386 4258 564 4308 concinnavit
584 4251 717 4321 docteque
736 4250 883 4305 edisseruit
904 4271 928 4305 ι.
949 4251 984 4303 cl.
1005 4251 1120 4305 Carolus
1142 4255 1252 4305 Beierus
1277 4250 1443 4306 Germanus.

293 4337 333 4390 18.
354 4330 423 4384 Cod.
443 4329 474 4384 L.
495 4329 615 4379 Aemilio
634 4327 736 4390 Baldo,
756 4328 802 4380 sed
822 4327 892 4378 bene
913 4325 1026 4380 inferius
1048 4328 1173 4379 Persius:
1202 4344 1285 4398 quare
1305 4344 1332 4379 et
1353 4327 1415 4379 heic
1435 4347 1535 4381 emen-

212 4401 336 4458 darimus
357 4405 462 4467 Paulo,
481 4421 564 4475 quum
585 4407 690 4475 ipsese
711 4407 830 4472 corrigat
852 4418 945 4454 noster
966 4407 1110 4476 interpres.
1149 4402 1250 4456 Recole
1271 4401 1303 4454 de
1325 4402 1409 4454 Paulo
1430 4405 1533 4457 Vatinii

212 4492 373 4533 accusatore
394 4495 489 4552 parato
507 4495 588 4550 supra
610 4477 643 4528 nd
664 4478 753 4549 Caput
774 4477 819 4529 lV.
843 4487 867 4533 t.

279 4559 432 4623 ,24111υο
462 4557 549 4625 legem
577 4554 716 4606 Vatiniana
750 4551 867 4624 appellat
900 4553 953 4606 ltcc
981 4552 1046 4605 loco
1074 4553 1173 4604 Cicero
1202 4551 1238 4604 de
1264 4553 1385 4603 alternis
1412 4554 1535 4604 consiliis

213 4632 381 4684 reiieicttdt's.
420 4633 496 4701 Quae
518 4643 609 4680 autem
630 4632 685 4681 sint
705 4629 817 4679 alterna
838 4628 1018 4680 consiliavit
1040 4646 1068 4679 se
1088 4644 1167 4699 posse
1188 4627 1327 4700 explicate
1345 4634 1383 4679 ait
1398 4632 1534 4681 Antonios

215 4711 382 4775 augustinus
404 4704 439 4757 sd
467 4707 538 4756 benc
564 4703 664 4778 legem.
718 4709 817 4757 verum
843 4720 875 4755 er
894 4719 990 4757 nostro
1012 4708 1161 4780 interprete
1182 4719 1277 4777 petet,
1308 4704 1445 4758 hocloco
1466 4702 1535 4759 rittil
