3210 5280
241 203 282 265 il
777 202 1004 270 asconius

320 343 395 406 Hoc
415 343 515 405 solunt
538 342 588 404 hic
610 345 816 406 annotandum
839 355 905 421 cst,
940 344 1023 405 huuc
1045 364 1112 405 csse
1135 345 1177 406 1..
1202 341 1380 420 Sisennam,
1416 345 1470 428 qui
1491 367 1543 415 ros

236 439 394 502 Romanas
415 435 552 516 scripsit.

314 529 427 607 Quare
449 549 528 591 eum
547 531 637 591 butte
668 529 817 610 populus
849 530 1014 591 Romanus
1049 528 1168 591 videret
1197 538 1227 592 et
1258 550 1338 591 cum
1358 552 1380 592 u
1401 530 1542 593 tribunis

234 615 340 696 plebis
357 616 532 681 doceretur
545 660 724 681 ........
743 621 810 680 nisi
826 639 937 698 poena
957 622 1149 682 accessisset
1165 621 1197 680 in
1213 618 1388 694 divisores,
1403 623 1542 684 extirtct.

209 725 224 774 ε
234 746 524 769 .............
547 708 621 769 ullo
641 707 742 770 modo
764 728 876 787 posse;
909 708 1018 788 legem
1053 709 1141 768 lianc
1172 708 1317 769 Cornelii
1329 709 1543 789 flagitabat,

234 793 350 869 illam,
372 814 525 876 quaeest
548 807 682 859 senatus
701 798 857 858 consulto
867 795 1068 875 ferebatur,
1088 796 1306 876 repudiabat,
1329 797 1429 878 idque
1452 800 1542 879 iure,

235 890 273 944 stt
293 881 517 947 doctissimus
539 884 684 947 duorum
708 886 887 947 consulum
907 885 1160 967 designatorum
1180 886 1390 949 calamitate.

164 1059 225 1119 μω]
510 1038 572 1102 Er
595 1039 760 1104 anunm
783 1039 845 1103 un
868 1040 929 1102 nn
952 1039 1109 1104 naono
1132 1000 1263 1103 ross.

315 1154 358 1220 Ut
378 1158 616 1239 spectaculum
637 1158 728 1221 illud
750 1159 908 1238 [duorum
932 1158 1181 1241 designatorum
1200 1161 1380 1222 consulum
1394 1160 1541 1223 calumi-

191 1258 223 1308 to
235 1245 312 1322 tat]
334 1268 369 1310 re
392 1258 423 1310 et
444 1258 592 1327 tempore
610 1246 744 1312 salubre
766 1268 810 1309 nc
828 1251 1069 1325 necessarium,
1089 1269 1208 1330 genere
1224 1258 1255 1311 et
1270 1250 1427 1329 exemplo
1446 1254 1541 1313 mise·

233 1353 309 1395 rum
331 1356 376 1399 ac
389 1338 588 1418 funestum,
610 1336 801 1400 videremus.

317 1425 358 1487 P.
383 1426 500 1505 Syllam
522 1438 554 1489 et
577 1429 618 1491 P.
642 1427 830 1491 Autronium
852 1425 1023 1510 significat,
1047 1448 1180 1509 quorum
1203 1426 1334 1490 alterum
1355 1428 1398 1489 L.
1422 1426 1540 1503 Cotta,

235 1514 365 1578 alterum
387 1519 430 1580 L.
455 1523 657 1601 Torquatus,
681 1520 754 1604 qui,
778 1542 848 1581 cum
870 1521 947 1582 haec
969 1516 1086 1582 Cicero
1109 1519 1248 1594 dicebat,
1272 1521 1417 1584 consules
1432 1533 1538 1598 eraut,

236 1607 369 1670 ambitus
392 1612 574 1674 damnarant
595 1625 626 1674 ct
649 1612 677 1674 in
701 1634 811 1676 eorsum
834 1615 936 1675 locunt
959 1610 1057 1674 creati
1078 1623 1180 1674 crant.

191 1721 223 1770 ¹5
322 1703 412 1783 Ouid
439 1725 505 1785 ego
539 1725 628 1768 nunc
662 1704 725 1766 tibi
754 1707 959 1787 argumentis
990 1705 1226 1783 respondeam,
1258 1703 1471 1786 possefiert',
1504 1716 1543 1767 ut

236 1795 328 1856 alius
352 1794 480 1876 aliquis
503 1795 673 1857 Cornelius
696 1797 755 1870 sit,
790 1796 851 1877 qui
879 1793 1001 1856 babeat
1028 1796 1245 1870 Philerotem
1278 1796 1370 1876 †res
1398 1796 1541 1875 vulgare

325 2002 351 2056 5.
371 1996 463 2066 Quare
482 2015 542 2049 cum
562 1999 627 2065 cet.]
649 1997 723 2050 llaec
743 1996 930 2069 superioribus
942 1998 1084 2050 Ciceronis
1103 1997 1192 2050 verbis
1211 1995 1426 2069 fragmentorum
1446 1997 1541 2050 edito-

228 2088 277 2124 res
297 2073 368 2124 male
395 2077 433 2124 tta
458 2087 623 2137 annectunt,
655 2075 731 2141 quasi
759 2073 812 2124 alia
838 2089 893 2124 nou
918 2075 1147 2126 intercessissent.
1184 2073 1234 2126 Est
1259 2091 1322 2124 vero
1348 2088 1541 2142 argumentum

232 2145 313 2200 huius
339 2145 485 2229 fragmenti
512 2147 546 2198 ab
572 2146 797 2200 antecedentibus
823 2163 932 2218 prorsus
956 2147 1108 2208 diversum
1140 2146 1186 2200 illa
1206 2150 1292 2219 legem
1313 2149 1345 2198 de
1366 2148 1540 2219 praetoribus

233 2237 377 2296 spectant,
396 2224 449 2274 hoc
469 2220 503 2273 ad
521 2222 608 2294 legem
628 2220 661 2273 de
682 2222 787 2274 ambitu
807 2227 941 2294 pertinen
961 2241 1047 2292 neque
1066 2228 1104 2276 ita
1124 2226 1196 2275 iuter
1215 2239 1243 2275 se
1258 2222 1401 2274 cohaerere
1415 2239 1542 2294 possunt,

232 2311 263 2347 ut
289 2303 379 2369 priora
408 2301 581 2367 sequentium
606 2301 739 2349 rationem
766 2313 793 2350 et
819 2311 929 2349 causam
948 2296 1097 2351 declarent.
1135 2300 1229 2367 ltaque
1248 2296 1381 2369 particula
1400 2315 1487 2368 praere
1507 2295 1541 2349 ad

232 2370 286 2424 alia
305 2374 447 2427 Ciceronis
468 2373 548 2424 rerba
568 2369 706 2425 referenda
726 2388 784 2437 est,
803 2387 871 2441 quae
899 2371 932 2423 ab
952 2377 1073 2428 Asconio
1092 2389 1148 2425 non
1169 2371 1303 2424 illustrata
1324 2388 1397 2424 sunt.

325 2446 397 2503 ibid.
415 2447 496 2513 ltttnc]
529 2447 661 2498 ambittsm
689 2443 774 2518 Lu'gd.
793 2447 859 2500 Hos.
878 2447 958 2503 Mau.
977 2448 1058 2501 Creu.
1096 2447 1221 2501 Ambitus
1249 2451 1315 2517 quin
1344 2445 1540 2518 intelligendus

232 2525 285 2588 sit,
318 2528 361 2576 vis
381 2519 560 2574 dubitandum
579 2537 630 2574 est.
669 2520 722 2576 Sed
748 2527 837 2593 ipsum
863 2539 965 2574 nomen
991 2526 1162 2596 pronominis
1187 2520 1249 2574 loco
1269 2518 1462 2573 intrudendum
1481 2538 1538 2574 nou

232 2611 305 2659 erat;
325 2611 508 2671 praecesserat
527 2601 602 2648 enim
621 2594 692 2649 haud
712 2594 792 2648 dubie
813 2602 884 2649 inter
903 2612 933 2649 ea
947 2598 1042 2664 verba,
1061 2613 1128 2669 quae
1142 2597 1177 2648 ab
1188 2601 1306 2651 Asconio
1319 2594 1543 2653 uonlaudautur.

325 2679 352 2729 tt.
371 2674 515 2724 doceretur
534 2670 550 2703 *
568 2675 634 2738 nist]
656 2674 747 2724 Princ.
768 2700 803 2714 -
821 2670 980 2739 doceretur,
997 2678 1053 2724 nisi
1071 2676 1166 2725 ceteri.

307 2747 378 2801 ibid.
399 2751 506 2797 eattnct
526 2752 541 2782 t
559 2747 628 2818 ullo]
650 2749 739 2800 Ptine.
758 2774 796 2787 -
814 2751 944 2815 extingui
963 2749 1039 2800 trullo
1059 2751 1153 2800 ceteri.

323 2825 351 2882 6.
369 2822 448 2894 idque
467 2826 541 2886 iure,
569 2829 600 2871 ut
626 2822 704 2873 docti
728 2824 832 2888 stemus]
854 2820 1018 2894 Madvigius.
1050 2850 1086 2865 -
1117 2820 1196 2892 idque
1215 2825 1245 2872 its
1263 2819 1344 2870 rebus
1362 2818 1539 2871 doctissimus

237 2897 328 2950 Princ.
360 2925 395 2939 -
424 2895 504 2966 idque
522 2901 570 2947 vir
588 2895 764 2948 doctissimus
781 2894 890 2950 Berald.
912 2896 978 2948 Lod.
1009 2923 1045 2938 -·
1077 2895 1157 2965 idqrse
1175 2902 1222 2948 vir
1240 2900 1266 2946 ie
1284 2894 1457 2945 doctissimus
1477 2894 1538 2948 ΔΜ.

233 2968 320 3042 Lugd.
340 2972 405 3024 Hot.
425 2971 504 3024 Man.
524 2971 605 3023 Creu.
634 2999 671 3013 -
690 2971 764 3041 „itta
784 2971 865 3040 idque
884 2986 938 3023 cet.
958 2986 1026 3043 quae
1046 2971 1092 3023 hic
1115 2971 1161 3039 [ab
1181 2969 1241 3024 uid.
1262 2987 1288 3021 et
1308 2973 1395 3040 seqq]
1417 2973 1538 3023 Asconio

231 3045 348 3117 dantur,
366 3046 508 3099 Ciceronis
528 3064 604 3110 esse.
623 3062 696 3098 recte
716 3048 852 3099 Patricius
873 3045 955 3107 tidit;
985 3045 1065 3103 rerba
1084 3050 1159 3098 enim
1179 3054 1207 3097 et
1226 3044 1320 3095 eadem
1339 3046 1372 3095 de
1392 3062 1422 3094 re
1441 3043 1539 3096 decla-

231 3136 309 3187 rant,
338 3120 406 3173 duos
432 3121 574 3174 Ciceronis
601 3125 676 3173 locos
706 3120 740 3171 ab
766 3122 885 3173 Asconio
911 3125 1040 3192 coniungi
1060 3137 1087 3173 et
1106 3120 1140 3174 sd
1159 3137 1206 3173 eos
1226 3117 1417 3190 intelligendos
1437 3119 1485 3170 ills
1504 3120 1539 3171 de

231 3195 304 3267 Sylla
323 3212 350 3248 et
370 3200 504 3249 Autronio
523 3194 590 3249 dici.
629 3195 778 3268 Corruptae
798 3211 878 3248 voces
898 3213 977 3249 uerno
997 3199 1133 3257 restituit;
1161 3210 1212 3247 nec
1239 3210 1331 3246 tamen
1357 3193 1384 3245 id
1404 3194 1461 3247 beri
1481 3213 1539 3247 nou

231 3287 336 3342 potest,
357 3275 380 3322 si
400 3267 670 3323 animadverterImus
690 3270 771 3322 verba
791 3270 839 3322 illa
858 3270 972 3322 detortam
992 3272 1202 3338 designatorum
1215 3270 1356 3320 consertum
1374 3269 1540 3320 salernitate

230 3344 317 3397 altero
335 3344 413 3409 loco,
433 3344 479 3396 ubl
499 3361 525 3398 et
546 3351 712 3398 sententiam
732 3359 758 3398 et
778 3349 911 3399 orationis
933 3349 1148 3397 concinnitatem
1170 3344 1294 3408 turbant,
1320 3360 1409 3395 errore
1429 3343 1539 3395 descri-

230 3417 322 3472 lsentls
342 3423 456 3491 repetita
476 3436 544 3471 esse.
580 3422 675 3472 Cicero
695 3423 820 3492 scripsit:
839 3420 1020 3491 repudiaberis
1039 3418 1118 3489 idque
1137 3425 1212 3485 iure,
1230 3427 1260 3469 ut
1272 3419 1348 3470 docti
1359 3435 1453 3469 sunuss
1465 3417 1538 3469 ‹luo-

230 3511 293 3546 rum
310 3493 451 3546 eonsrslum
469 3494 679 3562 designatorum
696 3496 877 3556 calamitate;
895 3495 1009 3548 deiude:
1031 3495 1069 3546 Ut
1086 3493 1269 3563 spectaculum
1290 3493 1359 3545 illud
1381 3510 1412 3542 re
1425 3500 1453 3543 et
1465 3500 1540 3544 tem-

227 3586 297 3639 pore
315 3569 425 3619 salubre
444 3587 477 3620 ac
496 3573 679 3620 necessarium
698 3586 754 3623 cet.
793 3570 896 3622 lterum
916 3568 1008 3622 laudat
1028 3569 1149 3621 Cornelii
1169 3569 1272 3638 legem,
1297 3583 1423 3638 recteque
1443 3582 1503 3620 eam
1524 3584 1540 3618 a

230 3641 332 3716 populo
354 3646 476 3697 Romano
495 3643 663 3715 flagitatam,
682 3663 715 3698 ex
733 3660 830 3698 eventu
848 3644 978 3718 adparere
999 3644 1095 3697 dicit.”
1114 3644 1231 3699 MADV.

322 3724 349 3777 8.
369 3735 424 3770 orn.
446 3717 512 3774 Lod.
535 3720 574 3770 Lu
595 3718 621 3773 d.
709 3772 713 3780 ,

323 3796 351 3851 9.
370 3793 485 3845 decorum
504 3736 713 3862 designatorum
731 3793 868 3845 cumulem
886 3793 1053 3860 calantitat.]
1082 3790 1159 3847 Haeo
1187 3791 1268 3847 verba
1295 3789 1457 3844 seclusimus
1476 3806 1539 3843 cum

230 3866 337 3920 Orellio
357 3884 383 3920 et
406 3865 561 3942 Madvigio‚
581 3873 659 3922 cuins
679 3866 724 3922 adi
746 3867 953 3940 praecedentem
973 3867 1191 3921 adnotationem.
1228 3868 1321 3935 Quum
1342 3871 1471 3937 postremi
1492 3883 1539 3916 vo-

231 3942 324 3995 cabuli
346 3947 501 3996 terminatio
520 3942 592 3996 desit
610 3949 639 3996 tn
658 3945 751 3997 Princ.
769 3949 873 4009 (ceteri
893 3944 994 3997 habeut
1013 3939 1209 4016 calamitate),
1246 3946 1369 4014 suspicor
1395 3945 1424 3992 in
1442 3938 1539 3992 codice

231 4014 317 4070 iutsse
336 4023 537 4084 accusativum,
564 4034 592 4071 et
620 4033 750 4089 quattuor
774 4020 843 4073 haec
869 4018 950 4073 rerba
969 4017 1105 4091 adscripta
1124 4034 1184 4071 esse
1202 4032 1217 4068 a
1237 4015 1386 4089 glossatore
1406 4013 1440 4065 sd
1459 4013 1539 4067 indt-

230 4090 364 4159 candum‚
383 4093 461 4162 quale
480 4091 565 4145 fuerit
583 4093 765 4165 spectaculum
785 4093 862 4149 illtsd.

305 4175 349 4224 1ο.
369 4185 470 4235 genere
488 4175 516 4219 et
529 4169 664 4240 exemplo]
687 4166 770 4240 bugd.
793 4170 855 4222 Hot.
878 4168 954 4221 Man.
974 4169 1055 4221 Creu.
1073 4193 1110 4209 -ι
1127 4182 1229 4235 genere
1248 4163 1373 4233 exemplo
1393 4167 1508 4236 priores.

306 4247 350 4299 12.
368 4249 396 4293 et
415 4241 446 4296 P.
466 4244 644 4310 Autronium]
667 4243 745 4298 Man.
765 4243 859 4315 Sigon.
878 4270 916 4285 -
940 4249 968 4293 et
989 4245 1157 4294 Autronium
1176 4242 1268 4294 Prisc.
1288 4238 1396 4303 Berald.
1417 4236 1483 4294 Lod.
1502 4265 1541 4279 -

230 4324 259 4368 et
278 4317 432 4369 Antonium
451 4316 512 4372 ald.
531 4345 569 4360 ·-
587 4327 616 4369 et
635 4317 667 4372 L.
687 4319 857 4369 Autronium
876 4317 964 4388 Lugd.
982 4317 1049 4370 Hos.
1066 4344 1104 4357 -
1122 4313 1201 4368 Cani.
1241 4330 1283 4387 ag.
1305 4313 1367 4372 tili.
1391 4314 1456 4367 Hos.

305 4395 350 4449 16.
370 4390 554 4444 Philerotem.-
566 4394 752 4461 resvulgare]
772 4393 865 4446 Priuc.
884 4392 1028 4466 (volgare)
1048 4388 1107 4443 ald.
1122 4388 1207 4462 bugd.
1254 4405 1345 4441 au.—
1358 4386 1535 4451 Philerotem,

229 4465 464 4534 vulgareBerald.
474 4465 782 4520 Lod-Pliterotemt
800 4476 923 4518 resnota
936 4475 992 4530 est,
1012 4466 1130 4532 vulgare
1143 4469 1221 4520 Creu.
1231 4481 1294 4517 cum
1309 4461 1393 4517 Andr.
1406 4466 1536 4515 Patricio.

230 4569 268 4582 -
287 4544 346 4594 Vox
366 4558 411 4592 res
430 4541 513 4595 habet
538 4547 597 4594 siue
622 4541 706 4595 dubio
728 4541 873 4601 mendum:
912 4541 993 4613 quid,
1018 4545 1040 4592 si
1063 4556 1111 4611 pro
1131 4556 1162 4590 ea
1179 4539 1281 4592 domae
1300 4541 1434 4610 reponas?
1454 4536 1541 4587 audax

229 4613 345 4667 lortasse
366 4615 521 4669 emendatio
541 4622 594 4682 sit,
615 4615 661 4669 sed
683 4633 773 4669 tamen
794 4618 829 4669 sb
848 4621 965 4669 oratoris
984 4618 1119 4668 sententia
1138 4630 1193 4666 uon
1213 4613 1331 4668 aliena.”
1352 4613 1477 4666 SIGON.
1506 4636 1541 4650 -

229 4692 367 4756 „uatum
392 4695 580 4744 coniecturam
613 4707 772 4764 receperunt
806 4697 970 4763 posteriores
1001 4689 1119 4743 editores
1146 4693 1174 4740 iu
1205 4704 1361 4743 contextum
1390 4705 1445 4739 uon
1466 4686 1540 4737 bono

229 4766 362 4836 esemplo.
401 4769 481 4821 Forte
494 4783 544 4840 pro
558 4784 603 4818 res
616 4770 736 4837 vulgare
748 4785 846 4820 nomeu
863 4764 1008 4838 legendum
1027 4769 1104 4817 serui
1121 4764 1243 4833 uulgare
1261 4762 1385 4818 nomeu.’'
1406 4759 1539 4817 Gustv.
