3210 5280
576 232 625 298 itt
648 234 974 301 admonitoriam.
1379 235 1420 299 bb

202 375 341 441 Ficbant
369 373 486 437 interea
525 372 576 436 elii
608 395 649 436 ex
677 375 745 437 aliis
773 373 967 458 interreges,
999 374 1053 457 qui
1084 374 1210 440 comitia
1234 373 1422 452 consularia,

116 482 251 554 propter
283 488 393 532 eorum
424 465 660 530 candidatorum
689 467 839 529 tumultus
871 479 902 531 et
939 469 1067 531 eandem
1096 490 1217 532 inanum
1253 482 1421 542 arroatam,

116 567 235 629 babere
257 581 321 625 non
343 571 504 641 poterant.
546 560 660 643 ltaque
681 559 785 640 primo
798 557 915 621 laetum
939 570 1006 622 erat
1026 572 1150 623 senatus
1171 562 1365 635 consultum,
1388 571 1424 624 ut

118 658 258 721 interrex
280 667 313 717 et
334 653 451 716 tribuni
470 653 571 735 plebis
593 663 623 714 et
650 651 713 717 Co.
732 650 925 731 Pompeius,
948 651 1001 736 qui
1022 672 1084 733 pro
1104 654 1232 717 coosirle
1254 657 1293 717 ad
1315 656 1423 717 urbem

117 760 203 824 erat,
229 749 392 820 viderent,
416 765 456 808 aa
480 744 557 827 qnid
581 743 757 808 detrimenti
779 744 973 825 respublica
996 756 1139 826 caperet,
1169 745 1300 808 dilectus
1322 756 1449 808 aruerat

118 840 293 922 Pompeius
322 850 387 903 tota
421 839 512 902 ltalia
536 839 680 901 haberet.
725 835 787 917 Qui
818 858 887 899 cum
909 858 1029 900 summa
1053 837 1211 901 celeritate
1236 838 1426 920 praesidium

118 944 355 1014 comparasset,
377 932 619 1012 postulaverunt
643 932 726 1011 apud
747 950 816 993 erim
840 929 985 993 familiam
1012 931 1163 1005 Milonis,
1193 931 1267 994 item
1290 932 1426 995 Faustae
1525 976 1529 989 .

120 1029 232 1092 uxoris
264 1027 351 1101 eius,
382 1025 589 1088 exhibendam
618 1025 681 1087 dno
714 1022 956 1099 adolescentuli,
989 1022 1042 1107 qui
1064 1021 1161 1105 Appii
1185 1023 1309 1089 Claudii
1331 1025 1424 1089 arubo

120 1120 379 1202 appellabantur,
412 1117 578 1200 quierant
603 1115 645 1181 C.
667 1115 792 1181 Claudii
813 1117 887 1192 lilii,
912 1115 965 1200 qui
992 1114 1093 1180 irater
1117 1117 1222 1179 linerat
1246 1115 1372 1190 Clodii,
1396 1128 1426 1179 et

119 1217 162 1277 ob
189 1214 223 1276 id
251 1212 297 1274 illi
331 1210 445 1293 patrui·
462 1209 511 1274 sni
536 1219 688 1284 mortem,
725 1210 810 1273 velut
840 1220 969 1273 atrctore
997 1210 1115 1284 fratre,
1146 1210 1426 1290 persequebantur.
1440 1219 1470 1269 to

120 1308 257 1370 Easdem
282 1305 416 1367 Faustae
438 1316 468 1367 et
493 1302 627 1367 Milonis
651 1301 786 1366 familias
806 1301 1046 1384 postulaverunt
1069 1305 1131 1365 duo
1153 1300 1294 1374 Valerii,
1319 1303 1430 1382 Nepos

119 1413 152 1464 et
173 1402 268 1473 Leo,
300 1410 332 1460 et
354 1400 398 1460 L.
420 1395 600 1460 Herennius
621 1396 752 1459 Balbus.
796 1397 837 1459 P.
865 1393 972 1459 Clodii
997 1416 1125 1479 quoque
1149 1393 1296 1458 familiam
1322 1405 1354 1458 et
1373 1413 1430 1457 oo·

121 1491 230 1555 mitum
253 1489 320 1554 eius
342 1490 644 1581 postulavitNeodem
667 1499 809 1570 tempore
832 1486 976 1561 Caelius3
1000 1488 1148 1550 latmliam
1169 1485 1311 1567 Hypsaei
1332 1499 1363 1549 et
1385 1487 1430 1566 Q.
1462 1565 1467 1575 1

122 1583 270 1662 Pompeii
284 1581 457 1664 postulavit
477 1622 802 1646 ..........
846 1581 1017 1643 Aiiuerunt
1032 1580 1150 1646 Miloni
1166 1583 1208 1660 Q.
1226 1578 1429 1654 Hortensius,

120 1677 176 1740 M.
199 1675 343 1749 Cicero,
376 1675 428 1737 M.
452 1673 650 1747 Marcellus,
683 1675 736 1737 M.
759 1672 917 1749 Calidius,
955 1674 1008 1736 M.
1038 1672 1140 1749 Cato,
1173 1674 1309 1738 Faustus
1331 1671 1430 1750 Sylla.
1443 1681 1473 1732 tt

122 1768 234 1830 Verba
264 1787 365 1848 pauca
393 1769 436 1846 Q.
465 1765 656 1830 Hortensius
685 1765 784 1830 dinitz
818 1766 937 1829 liberos
964 1785 1133 1840 essaeos,
1165 1764 1220 1848 qui
1248 1786 1309 1846 pro
1331 1761 1432 1827 servis

121 1862 384 1944 posterlarcnturr
421 1881 491 1922 nam
518 1870 592 1941 post
613 1870 769 1921 recentem
795 1860 919 1920 caedem
942 1856 1161 1923 manumiserat
1188 1878 1243 1921 eos
1267 1847 1503 1920 titinnabulo

121 1955 185 2017 lroa
206 1953 321 2025 titulo,
345 1953 432 2035 quod
453 1963 547 2034 caput
569 1973 658 2014 sittim
681 1948 740 2012 ulti
755 1960 869 2014 essent.
913 1952 1004 2015 Haec
1020 1953 1194 2034 agebantur
1210 1971 1314 2013 mense
1335 1947 1433 2010 inter·

122 2043 233 2107 celari.
279 2045 360 2108 Post
382 2043 461 2106 diem
484 2044 676 2128 trigesimum
702 2042 791 2119 sere,
830 2064 922 2125 quam
952 2055 1019 2106 erat
1048 2043 1180 2108 Clodius
1209 2043 1349 2119 occisus,
1388 2041 1432 2121 Q.

120 2312 181 2377 ipse
200 2311 287 2360 etiam
306 2323 420 2357 eausam
439 2310 525 2357 etiarn
543 2305 583 2357 ad
597 2306 727 2376 populum
745 2305 882 2359 dicebant.
920 2308 1040 2377 Uterque
1059 2308 1151 2361 Prluc.
1182 2336 1220 2352 -
1251 2311 1311 2359 aeci
1335 2305 1352 2343 θ
1377 2313 1435 2377 ipss

124 2389 210 2435 etiam
229 2398 346 2433 causam
367 2379 385 2412 ἦ
403 2385 487 2432 etiarn
506 2380 546 2432 ad
560 2383 699 2451 populum.
724 2380 852 2432 dicebant
878 2387 987 2451 utriprsa
1005 2380 1067 2437 ald.
1089 2384 1165 2436 Man.
1183 2409 1221 2424 -
1240 2385 1356 2433 Acritas
1377 2387 1436 2453 ipse

123 2463 212 2509 stiam
230 2473 363 2520 crassam,
381 2460 466 2513 etiarn
485 2455 525 2505 ad
540 2458 670 2525 populum
688 2455 824 2508 dicebant.
844 2464 955 2525 uterptse
969 2454 1076 2509 Beralcl.
1096 2485 1133 2500 -
1154 2457 1268 2508 desitus
1279 2461 1337 2526 ipse
1350 2461 1436 2509 etiam

123 2548 257 2595 want,
284 2536 371 2581 sliam
389 2529 427 2580 ad
442 2531 572 2600 populum
590 2529 698 2580 dicebat
712 2537 829 2600 ,aerque
848 2528 916 2584 Lod.
945 2559 981 2572 -
1009 2536 1116 2583 accitus
1133 2534 1191 2600 ipse
1210 2537 1304 2584 stiam.
1322 2548 1435 2583 canuam

124 2611 211 2658 dmin
230 2604 270 2656 ad
284 2607 416 2674 populans
434 2604 561 2656 dicebam
580 2610 688 2673 utrique
707 2604 792 2675 Lugd.
818 2633 853 2648 -·
874 2614 901 2656 st
919 2606 1057 2657 Manilius
1076 2606 1216 2658 Gauianus
1233 2611 1292 2657 eius
1310 2606 1436 2675 rotagae

123 2686 265 2750 ipsiusprse
283 2695 397 2730 eausam
416 2684 504 2730 estam
521 2679 561 2729 ad
575 2679 705 2749 papirium
719 2679 887 2748 probabant.
906 2678 1033 2732 dicebant
1052 2685 1160 2750 utrique
1173 2682 1237 2733 Hot.
1251 2681 1331 2734 Creu.
1351 2685 1440 2733 iuter·

125 2755 268 2828 potatione
287 2753 432 2824 desumpta
452 2771 485 2807 ex
504 2769 563 2824 pag.
583 2753 647 2808 146.
661 2753 694 2805 H.
713 2782 748 2795 -
766 2753 866 2822 „utini
886 2759 1004 2827 ineptius
1024 2753 1138 2807 duorum
1160 2755 1333 2808 tribunorum
1353 2771 1436 2806 oom-

126 2832 344 2892 memoratione,
374 2832 449 2896 quasi
478 2844 546 2879 unus
571 2833 734 2881 concionem
761 2828 824 2878 dare
843 2847 898 2880 uon
919 2833 1048 2902 potuerit.
1087 2830 1175 2881 locas
1194 2836 1234 2883 sia
1253 2827 1437 2883 restituendus

126 2921 185 2959 ests
204 2907 332 2957 ridetur:
365 2902 530 2954 Contionem
548 2910 634 2954 etiam
648 2910 714 2972 post
734 2903 842 2972 aliquot
860 2904 920 2957 dies
937 2903 1015 2956 dedit
1027 2905 1071 2957 M.
1085 2904 1194 2957 Coelius
1206 2913 1243 2956 tr.
1253 2905 1341 2975 plebis
1353 2917 1437 2973 atque

124 2985 183 3048 ipse
202 2982 289 3029 etiam
307 2994 421 3028 canuam
439 2982 499 3044 egit
520 2975 559 3027 ad
572 2978 711 3047 poplitum.
749 2976 872 3029 Dicebat
897 2987 1008 3048 uterque
1039 2979 1110 3032 cet.'’
1141 2979 1256 3032 ΜΛΝ.
1285 3008 1323 3023 -·
1350 2981 1436 3035 Cuius

124 3052 350 3107 emendacionem
376 3055 414 3103 its
440 3056 611 3121 recepimus,
642 3067 673 3104 ut
697 3051 830 3122 pluralem
850 3053 993 3120 dicebant,
1013 3069 1094 3125 quem
1114 3068 1207 3107 tenent
1226 3057 1435 3126 antiquissimas

125 3126 278 3193 editiones,
299 3125 461 3179 mutandum
480 3141 543 3193 aute
562 3133 674 3196 uterque
693 3144 750 3177 noa
768 3126 938 3182 duceremus.

222 3283 249 3331 1.
269 3278 316 3343 ,a
335 3307 351 3317 .
369 3271 485 3343 aa...]
504 3277 569 3343 ,aa
588 3304 606 3315 .
625 3271 722 3324 aaa
739 3254 846 3327 nerim
868 3275 935 3328 aaa.
954 3274 1041 3347 nuga.

221 3353 249 3404 2.
268 3347 383 3399 eandem
402 3366 513 3398 manain
534 3347 688 3419 armatam]
707 3348 814 3403 Berald.
832 3350 919 3423 Lugd.
938 3351 1080 3404 -eadem
1098 3368 1197 3405 manus
1214 3357 1327 3403 armata
1346 3350 1438 3405 Ptine.

128 3453 165 3469 ..
184 3421 295 3475 easdem
315 3439 417 3473 ιιιαηιω
435 3430 564 3474 armatas
582 3426 678 3475 ceteri.

222 3502 251 3557 5.
273 3497 456 3566 respublica]
486 3501 553 3567 reip.
574 3499 667 3550 Prius.
799 3499 824 3554 5.
844 3495 972 3566 dilectas]
995 3500 1086 3555 Prina.
1104 3528 1141 3544 -
1159 3499 1393 3556 amicuerunt.

224 3578 249 3630 7.
270 3577 336 3623 dem
356 3571 487 3638 Faustae]
509 3571 679 3640 Facutaeque
697 3569 805 3624 Berald.
825 3571 892 3623 Lod.
912 3589 967 3637 om.
986 3577 1061 3627 tren.

223 3649 252 3703 8.
272 3644 465 3713 exhibendam]
486 3644 668 3697 adhibendam
687 3645 773 3717 and.
799 3653 826 3706 8.
846 3649 931 3717 Appii
950 3646 1073 3716 Claudii]
1094 3649 1179 3720 Appii
1198 3648 1289 3702 Clodii
1306 3647 1374 3702 Lod.

222 3725 251 3778 9.
271 3720 303 3772 C.
323 3720 448 3789 Clarsdii]
470 3721 500 3772 C.
521 3720 612 3772 Clodii
629 3720 737 3775 Botald.
757 3719 825 3774 Lod.

204 3793 277 3848 Ibit.
290 3791 362 3865 filis]
383 3811 438 3846 orn.
461 3799 549 3848 trine.

206 3877 252 3926 10.
267 3868 513 3939 persequebantur]
546 3868 783 3940 prosequebantnr
806 3871 899 3925 Palae.
925 3873 1014 3944 prima
1039 3867 1142 3944 syllaba
1169 3888 1217 3943 per
1244 3869 1439 3946 compendium

129 3948 184 4000 seri
205 3959 242 3995 ta.

186 3962 252 4075 pfl.
273 4017 382 4086 Nepos]
402 4015 488 4089 Lugd.
507 4017 572 4070 Hor.
597 4016 677 4073 Man.
698 4017 779 4072 Creo.
796 4047 834 4062 -
852 4027 965 4090 nepotes
984 4019 1076 4073 Petne.
1095 4016 1204 4072 Bersld.
1219 4017 1277 4074 Md.
1290 4017 1357 4073 Lod.
1376 4036 1440 4075 com

128 4093 241 4148 Graevii
262 4093 366 4144 codice.

205 4172 251 4224 12.
263 4163 413 4236 familiam
433 4173 460 4217 et
479 4168 620 4233 comitum]
634 4163 783 4235 familiam
802 4171 931 4218 comitum
951 4163 1058 4221 Berald.

205 4245 251 4299 15.
271 4242 393 4307 Caelius]
439 4239 524 4312 Lugii.
563 4241 640 4295 Man.
670 4267 699 4280 -
728 4242 845 4293 certam
864 4244 954 4296 Petne.
973 4239 1082 4295 Berald.
1102 4239 1162 4296 dld.
1189 4237 1256 4293 Lod.
1284 4269 1322 4285 -
1349 4241 1441 4295 Celius

128 4317 193 4370 llot.
219 4317 302 4368 Creo.

209 4393 255 4447 lli·
265 4388 415 4458 jamillarn
435 4389 472 4443 11.
493 4397 521 4441 rt
541 4388 574 4458 Q.
595 4387 689 4458 Pomp.
704 4389 861 4460 postulanti
881 4390 909 4458 *]
948 4391 995 4444 Sia
1019 4404 1115 4441 manoe
1139 4389 1233 4443 Ptine.
1254 4387 1361 4443 Berald.
1382 4388 1442 4447 did.

129 4460 199 4516 Lod.
220 4465 298 4518 Mau.
327 4491 361 4506 -
389 4463 533 4530 lanuliaas
561 4464 690 4536 Hypsaei
713 4472 739 4516 st
759 4464 793 4534 Q
813 4465 926 4516 Metelli
944 4464 1081 4515 Manilius
1100 4464 1240 4515 Cassianus
1259 4469 1315 4515 eius
1334 4465 1443 4535 soltga

131 4543 248 4603 (omisso
269 4535 351 4589 verbo
368 4537 538 4612 postulavit)
567 4541 630 4592 lior.
655 4538 737 4594 Cren.
766 4543 977 4612 interpolatione
1003 4542 1164 4600 vanissima,
1197 4554 1280 4609 quom
1305 4539 1442 4610 quodnam

131 4629 234 4665 nomen
256 4610 404 4678 exciderit,
424 4613 504 4684 plane
524 4619 559 4667 sit
580 4616 734 4676 incertum,
752 4624 823 4685 quot
845 4618 951 4666 monuit
971 4617 1025 4665 tam
1047 4611 1211 4685 Madvigius.

212 4690 257 4744 16.
277 4685 371 4750 dinis,
397 4687 509 4758 liberos]
555 4687 659 4740 Berald.
680 4686 748 4742 Lod.
768 4717 803 4730 -
822 4689 948 4759 dixitque
967 4688 1068 4738 liberos
1087 4687 1179 4743 Ptine.
1199 4716 1232 4731 -
1252 4686 1347 4756 disis,
1375 4708 1443 4761 quas

133 4769 214 4826 sunt,
235 4761 338 4812 liberos
357 4758 417 4815 atri.
438 4762 524 4835 Lugd.
545 4760 609 4816 flor.
631 4763 709 4817 Mau.
728 4765 807 4817 Creu.
