3210 5280
216 219 256 282 ll
759 215 989 284 asconms

214 357 247 421 in
270 355 374 421 Sicilia
405 378 474 421 cnm
497 355 636 442 enrritatu
658 379 716 422 suo
741 358 907 422 transierat
935 361 975 422 ad
996 379 1071 436 nos,
1096 358 1253 424 civitatem
1275 361 1396 425 Romae
1420 365 1524 425 datam

214 452 370 535 aedesque
392 462 424 512 et
444 452 605 531 peccuniam
629 473 668 514 ex
691 453 827 516 aerario.
873 453 1043 516 Videamus
1064 465 1186 530 tameo,
1217 476 1256 517 an
1283 475 1347 518 non
1368 454 1442 519 ideo
1464 456 1523 519 Ci-

217 565 293 607 cero
315 544 396 606 dieat
420 545 498 618 sibi,
523 549 608 628 qrrod
640 556 728 609 autea
757 547 851 621 nulli,
877 550 1002 611 domum
1030 548 1161 630 pecunia
1189 547 1315 630 publica
1335 568 1379 611 ex
1399 550 1524 611 aerario

215 637 424 711 aedificatam,
448 638 519 721 qrria
535 638 597 700 illis
612 650 665 700 arrt
686 638 774 702 loeus
796 640 920 721 publice
943 644 1033 703 datns
1048 640 1107 715 sit,
1131 653 1184 704 aut
1205 644 1335 716 domtus,
1356 662 1438 723 quae
1460 663 1525 703 uon

188 729 319 792 sineret
340 753 467 805 eorum,
491 745 626 815 propter
646 734 719 797 illos
741 732 869 814 publico
884 747 1011 815 srrrnptu
1025 735 1204 809 aedilicium
1228 735 1378 800 Ciceroni
1399 737 1521 807 domus,

214 845 295 908 arrae
323 824 427 886 luerat
448 825 565 905 ipsius,
590 838 621 889 et
643 826 744 888 diruta
767 839 862 908 atque
884 826 1005 889 incensa
1023 841 1091 890 erat
1114 840 1145 891 et
1170 841 1369 902 consecrata,
1394 827 1525 908 publico

214 929 337 998 sumptu
360 918 520 981 aedificata
541 919 601 984 sit:
635 922 721 1006 qaod
748 940 864 983 uorum
896 932 926 982 et
950 920 1024 983 huie
1044 921 1148 1004 primo
1170 934 1202 984 et
1223 923 1324 983 adhuc
1347 922 1440 984 etiarn
1463 918 1525 983 soli

214 1009 361 1095 contigit.

141 1175 203 1235 [ns]
468 1158 613 1227 cinca
635 1160 822 1227 VERS.A
852 1163 1008 1229 uovts.
1042 1163 1248 1229 DCCCXX.

170 1306 201 1354 ca
294 1283 338 1362 (§.
362 1282 429 1363 58.)
465 1285 631 1347 Ostnltos
653 1283 831 1364 Camillos,
860 1284 994 1361 Ourios,
1023 1283 1215 1366 Fabricios,
1237 1285 1427 1358 Calatinos,
1448 1283 1527 1346 Sci-

209 1376 345 1455 piones,
355 1375 544 1439 Marcellos
554 1421 562 1452 ,
573 1373 768 1436 Maximos!
783 1394 804 1436 o
818 1382 981 1436 amentem
993 1375 1160 1436 Paulum!
1173 1377 1336 1437 rusticum
1350 1374 1526 1436 Marium!

212 1465 341 1528 nullius
363 1466 503 1528 consilii
513 1472 626 1544 patres
640 1463 760 1525 norum
775 1461 950 1524 amborum
965 1464 1161 1538 consulum,
1175 1466 1238 1546 qai
1250 1465 1523 1543 triumpharunt!

293 1555 441 1618 Diximus
465 1556 546 1616 hano
568 1553 741 1616 orationem
765 1573 832 1615 esse
854 1552 965 1615 dictam
989 1552 1051 1617 Cn.
1075 1553 1230 1634 Pompeio
1247 1555 1372 1638 Magno
1396 1554 1443 1616 ll.
1468 1554 1524 1616 M.

212 1645 333 1713 Crasso
355 1648 402 1711 11.
426 1668 510 1710 coss.
528 1645 674 1726 Pompeii
696 1656 785 1726 pater
804 1644 889 1707 bello
913 1644 1023 1708 Italico
1048 1648 1084 1708 de
1108 1645 1307 1721 Picentibus,
1332 1647 1384 1710 M.
1409 1644 1523 1712 Crassi

168 1751 301 1823 tspater
323 1740 365 1804 P.
389 1738 524 1805 Crassus
546 1751 616 1801 aute
639 1738 754 1800 bellurn
778 1737 921 1801 Italicum
945 1743 982 1801 de
1006 1739 1155 1821 Hispanis
1178 1739 1392 1821 triumphavit.

509 1885 652 1952 ClRCA
676 1887 810 1950 VERS.
834 1886 867 1949 A
888 1886 1043 1950 novts.
1068 1885 1209 1951 DCLX.

293 2010 337 2089 (§.
361 2009 430 2088 62.)
449 2009 573 2072 Eadem
590 2008 777 2089 cupiditate
791 2009 840 2069 su‘r
852 2027 983 2069 summo
1002 2009 1136 2088 ingenio
1151 2009 1339 2088 praeditas,
1361 2010 1394 2073 0.
1410 2011 1521 2081 Cotta,

208 2100 311 2165 nollo
331 2110 424 2163 certo
445 2103 552 2170 hoste,
566 2098 747 2179 flagravit.
786 2095 912 2159 Eorum
925 2105 1040 2160 neuter
1053 2099 1289 2179 triumphavit,
1310 2099 1405 2183 quod
1416 2101 1522 2163 alteri

208 2192 308 2254 illam
328 2192 488 2253 honorem
509 2188 665 2270 collega,
685 2186 788 2248 alteri
805 2207 894 2248 mors
915 2186 1053 2249 ademit.

165 2300 198 2348 to
292 2279 400 2344 Credo
423 2299 482 2341 vos
504 2296 676 2361 qrracrere,
699 2275 815 2358 etquis
836 2277 888 2339 hic
903 2276 1020 2351 Cotta,
1044 2287 1075 2338 et
1097 2277 1166 2362 quis
1188 2277 1241 2340 ille
1264 2278 1387 2364 collega
1405 2277 1517 2344 Crassi

206 2374 314 2438 suerit.
360 2372 434 2436 Fuit
461 2383 562 2434 autern
593 2369 634 2434 C.
663 2367 758 2433 Cotta
782 2382 893 2434 orator
917 2370 970 2433 ille
991 2391 1121 2452 compar
1145 2374 1186 2435 P.
1211 2372 1358 2454 Sulpicii,
1393 2373 1446 2456 qui
1471 2385 1518 2435 est

206 2467 238 2532 in
261 2468 395 2551 dialogis
417 2464 583 2531 Ciceronis
610 2466 648 2526 de
671 2464 811 2527 Oratore
832 2462 973 2544 scriptis,
1004 2463 1076 2548 qui,
1105 2487 1173 2526 curu
1196 2467 1341 2528 decretus
1364 2465 1410 2528 illi
1431 2477 1517 2528 esset

207 2561 404 2640 triumphus,
429 2571 573 2622 mortuus
595 2568 643 2619 est
665 2569 735 2619 ante
758 2556 837 2619 diem
854 2556 1023 2639 triumphi,
1048 2578 1117 2618 cum
1133 2557 1262 2620 cicatrix
1281 2558 1418 2620 vulneris
1433 2558 1515 2633 eius,

207 2656 293 2737 qrrod
315 2667 386 2716 ante
415 2654 521 2734 plures
544 2671 642 2713 annos
673 2649 705 2712 iu
729 2649 855 2730 proelio
885 2661 1066 2730 acceperat,
1102 2651 1237 2713 rescissa
1263 2664 1345 2714 esset
1373 2662 1517 2732 repente.

164 2763 195 2812 ts
210 2745 330 2810 Crasso
353 2759 455 2808 autern
478 2746 601 2827 collega
624 2743 683 2805 luit
706 2743 748 2822 Q.
771 2742 924 2806 Scaevola
946 2741 1111 2823 pontifex,
1142 2743 1197 2826 qui
1226 2764 1296 2806 euru
1319 2743 1516 2806 auitnadvcr-

118 2841 124 2851 '
210 2850 313 2914 teret,
338 2837 478 2912 Crasso,
503 2849 636 2919 propter
658 2856 805 2898 suuunam
826 2835 892 2897 eius
914 2836 944 2898 in
966 2858 1002 2899 re
1023 2836 1148 2918 publica
1169 2839 1392 2919 potentiamne
1413 2836 1518 2921 digni-

298 3050 324 3099 1.
346 3039 459 3107 Romae]
480 3056 536 3092 orn.
558 3035 642 3108 Lugd.
667 3038 742 3090 Man.
868 3102 873 3113 Ι

299 3123 326 3173 2.
347 3125 460 3179 tamen,
479 3133 517 3164 an
535 3115 601 3180 non]
623 3122 716 3163 tamen
734 3128 789 3162 non
806 3111 899 3163 Prine.
922 3139 952 3151 -
975 3112 1068 3162 tamen
1087 3128 1151 3163 num
1172 3115 1264 3164 ceteri.

300 3197 326 3250 5.
345 3208 455 3253 eorum,
480 3190 613 3260 propter]
646 3187 755 3240 Berold.
776 3184 843 3238 Lod.
861 3215 898 3227 -
918 3203 1011 3237 eorum
1030 3205 1083 3257 qua
1100 3195 1217 3255 propter
1237 3188 1329 3240 Prlne.
1361 3217 1392 3228 -
1422 3204 1517 3239 eornm

206 3284 287 3338 quam
303 3274 420 3336 propter
442 3265 502 3316 Alc.
523 3290 557 3302 -
577 3280 669 3313 eorum
688 3279 772 3328 neque
788 3269 905 3330 propter
925 3261 1010 3333 Lugd.
1031 3263 1092 3314 Hor.
1116 3264 1190 3314 ulan.
1211 3262 1292 3314 Creu.

281 3340 351 3396 Ibid.
372 3338 540 3410 aedificata]
560 3335 690 3409 edificate
712 3339 801 3391 Priac.
826 3366 855 3376 -
878 3334 1047 3408 aedificatae
1068 3335 1124 3388 ΑΜ.

280 3417 353 3469 lbld.
374 3416 511 3480 Ciceroni]
534 3416 618 3483 Lngd.
642 3413 706 3465 llot.
727 3415 803 3465 illan.
823 3412 904 3464 Creo.
920 3440 950 3450 -
971 3412 1112 3462 Cicerom's
1131 3411 1222 3463 Prior.
1242 3408 1346 3464 Bertld.
1368 3409 1429 3465 ald.
1450 3409 1518 3465 Lod.

296 3494 324 3548 6.
343 3492 417 3556 erat]
439 3496 520 3539 erant
540 3489 631 3541 Prion.
652 3516 687 3528 -
708 3503 766 3538 orn.
790 3484 853 3539 lod.

299 3573 325 3622 7.
344 3572 372 3616 et
391 3562 491 3630 adhuc]
513 3560 598 3633 Lngd.
618 3564 681 3615 llot.
704 3563 780 3614 Mau.
800 3565 880 3616 Creo.
899 3585 932 3600 -
951 3568 1002 3612 aut
1020 3558 1108 3612 adim
1129 3563 1216 3614 Princ.
1236 3561 1345 3614 Berald.
1366 3557 1426 3613 ΑΜ.
1447 3558 1516 3612 Lod.

297 3648 324 3701 8.
344 3641 481 3708 contigit]
502 3642 642 3704 contingit
663 3636 740 3690 Man.

296 3719 323 3772 9.
344 3732 399 3768 om.
421 3716 487 3766 Lod.
509 3714 593 3785 Lngd.
615 3715 677 3765 llot.
702 3715 779 3764 Man.
872 3716 916 3765 to.
936 3710 1044 3778 Curios]
1066 3711 1163 3762 Furios
1181 3711 1271 3767 Princ.
1290 3707 1400 3763 Berald.

279 3797 324 3846 11.
344 3789 508 3855 Marcellos]
530 3787 698 3839 Marcellum
720 3789 810 3839 l'rioc.

281 3863 350 3919 lbld.
370 3883 386 3916 o
410 3863 562 3932 amentem]
595 3860 699 3915 Berald.
727 3860 793 3913 lod.
822 3859 886 3912 not.
912 3860 992 3914 Creo.
1024 3890 1054 3902 -
1084 3877 1116 3913 so
1142 3867 1332 3912 ornamentum
1358 3860 1449 3913 Ptine.
1481 3889 1513 3900 -

204 3950 340 3993 amentem
360 3944 474 4008 (omissa
495 3934 698 4005 interiectione)
719 3935 778 3991 sld.
800 3935 882 4006 Logd.
905 3936 981 3988 Man.

279 4013 350 4069 lbtd.
370 4012 517 4086 rusticum]
537 4018 656 4063 roscium
676 4014 766 4065 Prioo.
874 4015 916 4067 12.
934 4013 1043 4078 patres]
1061 4017 1172 4080 patrem
1193 4007 1260 4062 Lod.

281 4096 324 4147 12.
343 4089 498 4158 amborum]
518 4085 626 4142 Berald.
647 4085 715 4138 Lod.
734 4115 771 4128 -
789 4102 907 4136 avorum
926 4086 1018 4138 Ptine.
1039 4113 1074 4125 -
1095 4102 1151 4136 om.
1171 4083 1231 4138 ΑΜ.
1252 4082 1338 4156 Logd.
1358 4088 1422 4139 llot.
1438 4082 1516 4136 Man.

203 4164 285 4219 Creo.
876 4163 919 4217 tlt.
939 4160 1072 4230 Pompeii]
1093 4160 1205 4228 Pompei
1226 4161 1317 4212 Prioc.
1342 4161 1400 4211 sid.

277 4242 322 4299 16.
343 4255 399 4291 orn.
420 4236 487 4290 Lod.
508 4233 592 4307 Logd.
612 4235 676 4288 Hor.
698 4235 776 4289 Man.
870 4239 912 4292 17.
934 4235 977 4302 C.]
1000 4254 1056 4290 om.
1076 4239 1167 4289 Prioc.
1186 4233 1292 4288 Berald.
1316 4235 1383 4288 Lort.

201 4309 205 4316 ’
280 4322 322 4372 19.
343 4313 433 4382 mors]
455 4329 545 4362 mores
564 4312 654 4364 Princ.
871 4315 916 4366 20.
936 4312 1078 4380 qruaerere]
1098 4327 1211 4380 querere
1236 4313 1328 4367 Ptine.

278 4395 323 4447 20.
343 4393 404 4460 quis
423 4387 476 4454 laic]
497 4392 543 4457 qui
561 4384 604 4436 hic
624 4384 702 4440 Man.
871 4390 916 4440 21.
938 4385 980 4456 ll]
1009 4403 1063 4440 om.
1084 4388 1163 4440 Man.

277 4474 322 4522 21.
343 4464 467 4533 Sulpicii]
488 4462 600 4527 Sulpico·
621 4461 714 4513 Ptine.

279 4547 325 4596 22.
345 4543 475 4607 scriptis,
489 4541 534 4606 φα·
547 4535 622 4604 cnm]
644 4533 728 4606 Logd.
740 4536 805 4588 Hot.
817 4534 893 4588 Man.
905 4537 984 4589 Creu.
996 4564 1032 4576 -
1042 4542 1168 4606 seriptis,
1181 4556 1242 4590 cum
1255 4536 1389 4612 (ornam)
1401 4544 1516 4609 priores.

282 4621 327 4672 25.
346 4621 417 4665 esset
438 4619 557 4681 repente.
595 4611 698 4662 Crasso
717 4613 821 4677 autem]
855 4611 939 4682 Lugd.
954 4611 1017 4664 llor.
1038 4612 1115 4664 ulau.
1129 4613 1210 4666 Creu.
1226 4623 1357 4666 -esset,
1396 4615 1517 4686 [tepente

203 4699 296 4746 autem
315 4690 419 4743 Crasse
439 4688 531 4740 Princ.
553 4683 659 4740 Berald.
681 4683 740 4738 Alci.
762 4686 828 4738 Lod.
875 4690 921 4744 25.
940 4687 991 4757 Q.]
1011 4688 1142 4755 Quintius
1161 4687 1228 4741 Lod.

279 4763 351 4819 lbid.
371 4762 519 4830 Scaevola]
538 4761 654 4816 Scevola
672 4759 766 4814 Prluc.
