3210 5280
180 215 220 277 se
387 182 391 203 '
718 216 941 285 sscoulus

264 355 376 421 Italico
398 358 481 421 bello
501 366 636 434 exorto,
659 380 728 421 curn
752 360 795 422 ob
814 358 909 422 sociis
931 368 1075 442 negatam
1097 357 1254 421 civitatem
1280 357 1425 424 nobilitas
1446 361 1479 424 in

181 447 296 511 invidia
317 464 415 523 esset,
445 449 488 530 Q.
510 451 646 527 Varius,
676 450 958 532 tribunusplebis,
983 451 1083 535 legem
1108 449 1195 526 tulit,
1221 464 1255 513 ut
1275 467 1480 534 quaereretur

182 543 220 602 de
241 540 298 617 iis,
332 563 465 625 quorum
494 565 555 626 ope
581 543 755 607 consiliove
782 543 860 607 socii
886 556 995 607 contra
1020 543 1170 624 populum
1194 544 1369 609 Romanum
1392 571 1480 613 arma

182 634 398 715 sumpsissent.
443 640 526 700 'l'um
548 636 590 717 Q.
607 636 746 716 Caepio,
769 649 860 700 vetus
874 637 1016 700 inimicus
1032 635 1158 712 Scauri,
1182 657 1310 717 sperans
1324 640 1481 707 invenisse

159 742 217 792 tsc
238 729 434 793 occasionem
456 731 653 812 opprimendi
676 733 743 796 eius
771 733 853 815 egit,
889 742 921 794 ut
951 731 994 809 Q.
1019 730 1155 804 Varius,
1192 729 1479 813 tribunusplebis,

173 819 256 881 ¹lrelli
278 821 427 884 concitati
449 823 576 886 crimine
601 828 708 889 adesse
730 828 812 908 apud
838 847 872 888 se
900 827 1050 887 Scaurum
1074 823 1199 886 iuberet
1222 843 1302 887 anno
1328 827 1480 891 LXXII.

184 911 243 973 llle
265 935 324 993 per
344 915 496 980 viatorem
523 919 710 994 accersitus,
734 943 803 983 cum
821 920 880 982 iarn
904 938 944 980 ex
965 919 1078 982 morbo
1099 917 1178 979 male
1199 918 1394 995 solveretur,
1419 921 1484 983 dis·

184 1007 385 1071 suadentibus
407 1009 530 1083 amieis,
564 1033 603 1074 ne
624 1034 658 1076 se
683 1012 715 1076 iu
746 1013 799 1075 illa
822 1010 998 1076 valetudine
1029 1022 1059 1072 et
1088 1023 1188 1074 aetate
1213 1009 1349 1074 invidiae
1370 1012 1484 1093 populi

185 1097 356 1177 obiiceret,
392 1102 517 1167 innixus
547 1106 745 1172 nobilissimis
769 1107 933 1170 iuvenibus
962 1106 1116 1184 processit
1144 1103 1177 1166 in
1206 1103 1332 1180 iorum,
1370 1104 1483 1168 deinde

144 1204 315 1272 toaccepto
347 1198 558 1278 respondendi
589 1201 664 1264 loco
694 1200 792 1263 dixit:
823 1247 838 1274 „
848 1199 889 1280 Q·
920 1198 1038 1259 Varius
1069 1196 1226 1278 Hispanus
1252 1197 1305 1259 M.
1332 1198 1482 1260 Scaurum

184 1283 355 1375 principem
375 1302 501 1354 senatus
521 1292 626 1355 socios
645 1293 677 1354 in
699 1313 785 1357 arma
805 1293 847 1356 ait
867 1309 1077 1365 convocasse3
1101 1290 1153 1353 M.
1176 1289 1314 1352 Scaurus
1334 1289 1485 1370 princeps

185 1391 310 1441 senatus
331 1393 445 1465 negat3
467 1383 555 1446 testis
574 1406 666 1450 nemo
689 1399 753 1450 est:
777 1384 839 1448 utri
855 1406 934 1457 vos,
959 1383 1115 1465 Quirites,
1140 1381 1287 1447 convenit
1309 1379 1485 1444 credere?”

186 1469 257 1624 (Qua
284 1492 365 1536 voce
394 1475 437 1536 ita
463 1477 598 1540 omnium
623 1478 826 1543 commutavit
854 1477 991 1554 animos,
1026 1488 1060 1538 ut
1086 1477 1124 1538 ab
1150 1475 1220 1558 ipso
1243 1473 1334 1538 etiam
1357 1472 1484 1538 tribuno

207 1576 406 1630 anniteretur.

145 1690 176 1736 is
269 1665 355 1730 Dicit
377 1668 487 1732 iterum
510 1675 548 1735 de
569 1685 659 1756 patre
683 1676 736 1739 M.
760 1673 888 1738 Scauri:

270 1760 330 1837 (l.)
361 1762 438 1824 Non
459 1767 547 1827 enirn
573 1775 704 1830 tantam
733 1769 920 1830 admiratus
942 1789 1016 1833 sum
1036 1787 1100 1848 ego
1122 1765 1221 1827 iilam
1242 1768 1368 1845 viram,
1397 1768 1485 1828 sicat

188 1870 317 1926 omnes,
347 1851 406 1915 sed
431 1858 533 1916 etiarn
558 1860 741 1937 praecipue
769 1858 883 1920 dilexi.
933 1860 1061 1919 Primus
1089 1856 1176 1918 enim
1202 1877 1253 1918 me
1274 1854 1486 1936 flagrantem

187 1938 298 2003 studio
320 1941 430 2004 laudis
451 1946 486 2004 in
505 1964 597 2023 spem
618 1948 769 2026 impulit,
803 1967 900 2027 posse
921 1945 1096 2012 Virtutem,
1127 1947 1195 2007 sine
1215 1945 1384 2024 praesidio
1406 1945 1487 2006 For·

118 2039 309 2105 [sssltunae,
331 2050 399 2111 quo
420 2033 655 2111 contendisset,
679 2035 795 2100 labore
817 2045 849 2098 et
874 2037 1065 2098 constantia
1089 2035 1264 2114 pervenire.

145 2140 178 2188 ro
272 2120 381 2182 Possit
409 2123 521 2204 aliquis
551 2146 721 2207 quaerere,
756 2147 813 2188 cur
845 2126 908 2187 hoc
939 2125 1051 2187 dixerit
1082 2123 1217 2198 Cicero,
1252 2144 1319 2184 curu
1350 2124 1488 2184 Scaurus

187 2211 336 2292 patricius
358 2214 470 2277 suerit:
494 2238 574 2298 quae
597 2219 721 2301 generis
743 2218 867 2281 claritas
889 2218 980 2281 etiam
1001 2218 1118 2279 inertes
1140 2216 1277 2279 homines
1296 2216 1335 2276 ad
1348 2235 1487 2278 summos

187 2304 326 2369 honores
347 2309 510 2388 provexit.
554 2312 675 2374 Verum
704 2313 840 2374 Scaurus
862 2312 903 2373 ita
926 2311 985 2373 iuis
1013 2309 1182 2391 patricius,
1213 2319 1247 2370 ut
1269 2308 1369 2369 tribus
1390 2328 1487 2388 supra

189 2419 259 2460 eum
289 2403 442 2464 aetatibus
470 2403 601 2466 iacuerit
630 2406 740 2468 domus
763 2407 829 2469 eius
850 2406 990 2469 fortuna.
1034 2407 1115 2466 Nam
1147 2424 1246 2484 neque
1273 2413 1363 2482 pater
1385 2408 1487 2480 ne'que

189 2512 265 2555 avus
295 2514 396 2578 neque
430 2497 522 2559 etiam
546 2520 686 2579 proavus
718 2501 885 2579 (utputo,
920 2508 1052 2581 propter
1084 2509 1193 2559 tenues
1219 2514 1296 2575 opes
1321 2505 1352 2554 et
1373 2493 1487 2553 nullam

145 2609 178 2658 25
190 2584 273 2647 vitae
294 2585 488 2668 industriam)
510 2593 649 2655 honores
671 2592 774 2675 adepti
799 2604 880 2654 strat.
938 2592 1049 2674 Itaque
1073 2593 1193 2652 Scauro
1223 2607 1321 2668 acque
1344 2606 1380 2645 ac
1402 2605 1488 2648 novo

188 2677 307 2740 homini
328 2679 532 2743 laborandum
552 2683 624 2746 suit.

273 2771 334 2850 (5.)
354 2776 409 2862 Si,
429 2775 645 2840 mehercule!
663 2774 806 2853 iudices,
820 2797 882 2856 pro
896 2777 932 2839 t..
947 2775 1081 2840 Tubulo
1093 2773 1254 2853 dicerem,
1268 2793 1365 2854 quera
1384 2794 1489 2834 anam

189 2884 233 2928 ex
264 2866 357 2927 omui
376 2867 539 2928 memoria
560 2865 855 2931 sceleratissimum
875 2876 906 2929 et
930 2865 1195 2927 audacissimum
1215 2862 1328 2942 fuisse
1354 2863 1489 2941 accepi·

1305 3013 1490 3027 ffl

187 3119 290 3182 tincas,
308 3131 338 3169 nt
358 3114 425 3168 illud
444 3123 565 3170 uexatus
583 3135 601 3168 a
620 3117 653 3186 Q.
675 3118 766 3170 Vario
785 3116 848 3169 trib.
864 3115 905 3186 pi.
926 3124 969 3166 est
988 3121 1024 3167 sit
1044 3118 1201 3179 Ciceronis,
1223 3112 1288 3165 illud
1307 3129 1398 3165 autem
1424 3112 1489 3163 Non

189 3192 273 3243 multo
292 3200 359 3243 ante
377 3191 478 3243 Italico
496 3191 566 3242 bello
585 3199 685 3244 exorto
706 3197 740 3244 sit
760 3191 902 3246 Asconii.”
921 3189 1065 3244 Putate.

282 3271 308 3326 5.
327 3272 372 3336 iis]
393 3266 478 3337 Lugd.
498 3267 563 3319 llot.
583 3269 658 3320 Man.
678 3267 758 3321 Cren.
781 3296 811 3309 -
833 3264 876 3315 isis
896 3269 986 3320 Princ.
1006 3263 1112 3317 Berald.
1133 3262 1192 3316 tid.
1212 3261 1281 3315 Lod.

263 3341 335 3396 ibid.
356 3346 416 3412 ope]
439 3344 528 3395 Prisc.
549 3341 655 3394 Berald.
678 3339 737 3394 ild.
758 3342 825 3393 Lod.
843 3368 881 3381 -
898 3357 983 3409 opera
1003 3338 1087 3410 Lugd.
1107 3339 1169 3390 ilos.
1189 3339 1265 3390 Man.
1285 3339 1366 3392 Creu.

264 3416 336 3470 ibid.
357 3417 517 3482 consiliove]
537 3417 651 3466 consilio
670 3425 701 3467 ut
720 3420 809 3469 Ptine.
828 3444 867 3458 ·-
885 3416 1048 3483 consilioque
1067 3411 1175 3467 Berald.

280 3497 308 3550 11.
328 3491 438 3558 Scauri]
458 3492 554 3542 Marci
572 3491 671 3541 Scauri
690 3489 755 3543 Lod.
852 3494 876 3546 5.
895 3493 1033 3540 iuvenisse
1052 3493 1093 3555 se]
1113 3505 1142 3537 se
1161 3492 1297 3538 invenisse
1317 3484 1385 3540 Lod.

283 3571 309 3625 5.
329 3567 510 3632 occasionem]
542 3562 628 3636 Lugd.
654 3565 718 3618 Hor.
744 3565 823 3618 Man.
842 3564 921 3615 Creu.
942 3591 978 3605 -··
997 3566 1183 3633 quaestionem
1202 3565 1385 3631 antiquiores;
1418 3559 1490 3632 quod

189 3642 305 3698 fortasse
323 3638 388 3692 lerri
409 3643 510 3711 possit,
528 3643 551 3690 ei
571 3643 771 3710 interpreteris:
799 3643 986 3708 quaestionem
1004 3643 1030 3688 ei
1048 3636 1225 3707 opprimendo
1244 3635 1379 3687 idoneam.

282 3722 307 3774 7.
327 3716 487 3782 accersitus]
508 3718 657 3764 arcessitus
676 3717 804 3774 Beierus,
824 3711 935 3764 laudans
955 3717 1160 3764 annotationem
1181 3709 1214 3761 ad
1234 3715 1314 3782 epist.
1337 3713 1380 3767 16.
1397 3707 1447 3763 lib.
1464 3714 1490 3763 1.

191 3791 224 3845 sd
243 3797 300 3846 Art.
319 3795 437 3842 orationi
458 3794 485 3842 in
506 3790 537 3843 P.
557 3787 683 3840 (indiam
705 3791 881 3859 praemissam
903 3788 926 3853 ᾗ.
949 3789 991 3842 tlt.

282 3872 309 3924 8.
327 3865 498 3931 valetudine]
512 3862 665 3913 ualitudine
676 3864 766 3915 Ptine.
779 3859 836 3916 Ald.
898 3864 924 3916 9.
945 3861 1087 3928 obiiceret]
1108 3859 1227 3910 obiceret
1245 3860 1336 3911 Prior.
1357 3855 1416 3911 illd.

277 3945 305 3999 9.
325 3942 448 4006 innixus]
470 3937 531 3992 ΑΗ.
551 3956 581 3989 es
600 3954 673 4008 seqq.
693 3965 727 3977 -
748 3941 873 3988 inimicus
891 3937 980 3988 Princ.
1001 3932 1107 3988 Berald.

263 4023 308 4073 11.
327 4016 505 4080 convocasse]
537 4013 628 4064 Petne.
658 4010 764 4065 Bernld.
791 4010 849 4062 sid.
882 4008 948 4062 Lod.
976 4038 1012 4054 ·-
1042 4013 1194 4060 concitasse
1222 4005 1306 4078 Lugd.
1327 4007 1392 4059 Hor.
1414 4006 1491 4059 Man.

190 4089 271 4144 Creu.
291 4088 480 4142 emendatione
499 4091 614 4139 minime
632 4091 803 4151 necessaria,
823 4089 873 4138 essi
894 4101 954 4136 vere
967 4086 1091 4137 Beierus:
1111 4125 1125 4153 „
1138 4082 1206 4136 illud
1225 4082 1404 4156 (concitasse)
1423 4098 1494 4153 pro.

189 4170 280 4240 prium
300 4179 340 4215 css
360 4163 553 4215 seditiosorum
572 4178 599 4213 er
619 4167 639 4215 i.
658 4180 684 4231 q.
703 4160 896 4214 sollicitasse.”

264 4245 307 4295 17.
324 4235 483 4308 praecipue]
502 4240 630 4306 precipue
648 4236 741 4289 Prior.
856 4240 900 4294 ts.
920 4236 1005 4302 spem]
1026 4238 1113 4303 specie
1133 4234 1224 4286 Prisc.

264 4322 308 4374 18.
327 4313 482 4377 Virtutem]
503 4315 610 4363 uirtute
629 4307 736 4362 Berald.
758 4306 824 4362 Lod.

265 4392 309 4446 19.
328 4386 524 4452 contendisset]
544 4383 629 4455 Lugd.
650 4384 713 4436 llot.
733 4384 810 4437 Man.
829 4384 912 4440 Creu.
931 4411 966 4426 -·
985 4380 1184 4433 contendissem
1201 4384 1305 4451 priores
1326 4392 1353 4431 et
1373 4377 1443 4431 Mai.

264 4461 335 4517 lbld.
353 4461 459 4528 labore]
478 4461 623 4529 laboreque
636 4456 741 4511 Berald.
755 4458 821 4512 Lod.
853 4466 898 4513 20.
917 4457 1020 4522 Possit]
1048 4455 1144 4506 Posset
1164 4452 1271 4508 Berald.

265 4547 310 4596 21.
329 4538 458 4602 claritas]
476 4539 584 4586 caritas
604 4534 694 4586 Prluc.
856 4538 899 4587 22.
918 4534 1049 4597 Scaurus]
1072 4531 1115 4583 tt.
1136 4531 1258 4580 Scaurus
1280 4523 1347 4578 Lod.

266 4621 310 4675 23.
331 4615 401 4679 curn]
423 4628 483 4661 erem
502 4610 593 4661 Ptine.
854 4612 897 4665 25.
917 4608 1033 4671 Scauro]
1052 4605 1096 4657 M.
1116 4606 1222 4656 Scauro
1241 4600 1308 4656 Lod.

266 4695 310 4747 27.
330 4686 448 4751 Tubulo]
468 4681 528 4741 rid.
549 4700 575 4737 er
595 4699 672 4758 seqq.
695 4714 725 4724 -
746 4680 847 4735 tribulo
868 4685 958 4736 Ptine.
985 4677 1093 4733 Berald.

268 4770 310 4822 28.
329 4765 377 4831 ec]
398 4758 465 4813 Lod.
485 4777 512 4815 ct
532 4781 606 4835 seqq.
625 4788 661 4802 -
680 4767 707 4809 et
729 4763 818 4814 l’rinc.
838 4754 946 4810 Berald.
968 4752 1027 4808 Altl.
