3210 5280
296 875 393 979 Al)
423 881 868 990 ORATlONEM
895 888 1288 1000 CICERONIS

528 1141 681 1230 uuo
729 1146 1052 1234 iunceo

221 1304 690 1446 COMMENTARle
723 1369 1028 1472 ANTIQUUS
1063 1370 1359 1453 INEDITUS.

685 1583 885 1596 -ψ

625 1740 811 1815 ANGELI
836 1742 947 1817 ΜΑΙΙ

527 1896 779 1988 pneumam
802 1898 1042 1964 nonaum.

137 2045 328 2153 Orationis
347 2111 410 2171 pro
432 2091 561 2153 Flacco
578 2092 738 2173 pagellas
759 2091 843 2154 duas
862 2092 1003 2156 ineditas
1016 2115 1034 2158 e
1048 2092 1299 2161 Mediolanensi
1312 2102 1435 2182 palim-

130 2203 240 2270 psesto
269 2200 347 2255 ante
376 2192 436 2251 hos
466 2209 570 2250 annos
598 2191 766 2270 evulgavi.
822 2189 862 2251 ld
873 2191 1114 2273 fragmentum
1147 2196 1310 2259 lacunam
1339 2201 1436 2265 illam

130 2283 256 2362 partim
278 2277 461 2359 explebat„
476 2299 579 2360 qnam
604 2287 680 2360 post
705 2288 812 2358 capnt
836 2283 1001 2343 orationis
1022 2283 1205 2345 secundum
1226 2285 1436 2362 offendimus.

130 2369 231 2431 Nunc
255 2371 287 2430 in
309 2368 473 2429 Vaticano
495 2370 658 2446 rescripto
680 2369 756 2430 item
779 2369 897 2432 codice
914 2372 1064 2451 priscam
1081 2381 1112 2434 et
1133 2376 1345 2455 incognitam
1363 2399 1437 2441 ora-

129 2461 229 2520 tionis
241 2460 340 2518 huius
352 2459 656 2537 interpretationem
673 2456 884 2537 deprehendi,
899 2478 977 2519 cum
996 2460 1131 2541 aliquot
1152 2465 1254 2524 etiam
1268 2465 1434 2531 Ciceronis

128 2548 328 2626 particulis,
350 2567 437 2630 quae
462 2545 509 2607 ad
526 2546 737 2627 praedictam
760 2546 923 2607 lacunam
947 2549 1127 2626 pertinent,
1148 2570 1304 2635 quaeque
1329 2557 1432 2620 incre-

128 2645 274 2701 mentum
296 2635 386 2697 illud
404 2635 655 2699 Mediolanense
673 2635 723 2696 sic
747 2636 943 2708 cumulant,
971 2644 1138 2700 attamen
1158 2638 1271 2703 adhuc
1296 2644 1432 2727 aliquid

128 2726 177 2788 ad
203 2723 415 2787 sarciendam
447 2726 609 2787 orationis
639 2725 771 2785 hiatum
803 2723 1014 2788 desideretur.
1052 2723 1158 2809 Atque
1188 2730 1244 2791 hic
1275 2732 1435 2796 Vaticani

129 2814 257 2877 codicis
278 2817 373 2894 prior
388 2812 531 2892 fructus
551 2814 724 2876 estsalter
744 2823 877 2890 autem,
898 2813 992 2896 quod
1012 2813 1076 2876 illa
1097 2821 1264 2895 posterior
1285 2822 1432 2902 lacuna,

128 2924 232 2988 quam
246 2903 388 2967 editores
400 2913 476 2984 post
490 2913 597 2982 caput
612 2912 771 2964 octavam
785 2911 937 2965 statuunt
946 2943 955 2976 ‚
965 2923 1054 2965 nunc
1063 2903 1191 2984 fictitia
1205 2916 1431 2993 coarguitur:

127 2993 401 3077 quandoquidem
430 2996 464 3054 in
492 2993 726 3074 antiquissimo
755 3000 788 3053 et
807 2990 1028 3068 fidelissimo,
1059 3003 1097 3054 ut
1123 2996 1253 3061 credere
1276 3019 1344 3077 par
1365 3014 1429 3083 est,

127 3085 245 3148 codice
263 3087 428 3147 Vaticano
442 3093 519 3166 post
534 3075 692 3143 octavum
713 3083 918 3144 continenter
939 3084 972 3143 in
990 3082 1105 3146 eadem
1125 3090 1256 3166 pagina
1274 3090 1431 3155 scribitur

126 3195 250 3237 nonum
274 3183 391 3254 caput.
434 3175 546 3253 Quare
564 3173 633 3231 iam
664 3179 829 3248 superest,
856 3179 894 3231 ut
917 3194 934 3237 e
953 3170 1089 3248 futuris
1122 3174 1322 3240 editionibus
1340 3181 1432 3259 falsi

126 3264 221 3325 istius
237 3263 423 3326 detrimenti
435 3262 574 3345 querela
595 3257 728 3321 tandem
749 3260 965 3323 excludatur.
1005 3264 1205 3326 Persimilem
1223 3288 1314 3328 nunc
1328 3290 1430 3334 emen-

126 3353 296 3414 dationem
323 3355 432 3433 primo
462 3354 563 3414 etiam
592 3351 624 3411 in
656 3347 785 3410 Verrem
811 3348 898 3412 libro
922 3353 1002 3414 licet
1030 3350 1202 3429 adhibere,·
1233 3376 1334 3437 quern
1356 3368 1430 3438 post

126 3441 223 3504 verba
245 3444 310 3503 sine
333 3463 426 3504 caiisa
449 3439 700 3503 subsortiebatus
727 3439 886 3501 mutilum
914 3442 1084 3522 explicere
1113 3442 1255 3505 editores
1285 3445 1429 3508 aiebant.

123 3532 211 3599 Ecce
237 3545 350 3599 autem
378 3537 410 3596 in
436 3535 508 3595 alio
534 3533 719 3594 l'aticanae
741 3527 964 3594 bibliothecae
987 3533 1225 3613 palimpsesto,
1254 3538 1429 3617 quadratis

123 3632 156 3686 et
175 3628 369 3706 pervetustis
391 3625 618 3705 speciosisque
643 3620 760 3679 litteris
782 3629 944 3691 exarato,
965 3630 1068 3702 atque
1092 3642 1114 3682 a
1135 3643 1300 3686 menuae
1324 3625 1429 3708 edito,

121 3722 198 3789 post
220 3713 398 3794 praedicta
417 3710 513 3777 verba
535 3708 693 3772 scribitur
706 3709 755 3786 (p.
773 3709 863 3787 410.)
878 3710 907 3771 in
925 3709 966 3773 C.
985 3711 1120 3772 Verrem
1137 3713 1267 3792 explicit
1282 3717 1427 3781 feliciter.

125 3807 350 3886 Quamobrem
370 3809 436 3869 nisi
454 3798 683 3888 antiquissimi
702 3820 838 3881 quoque
857 3802 993 3865 codices
1013 3801 1172 3866 laborare
1193 3806 1340 3869 hiatibus
1363 3831 1428 3873 cre-

123 3898 222 3960 dendi
241 3908 340 3974 sunt,·
374 3899 525 3979 sequitur
549 3893 665 3955 athas
694 3891 838 3952 lacunas
865 3891 979 3953 nullas
1012 3912 1078 3954 esse
1104 3903 1270 3974 putemus.
1312 3896 1427 3981 Neque

122 3997 232 4051 rame„
254 3986 387 4063 infit-im
412 4007 472 4060 eo,
491 3985 597 4047 vereri
616 3999 677 4042 nos
696 3999 792 4059 posse
810 4001 849 4042 ne
873 3978 968 4061 valde
990 3983 1138 4064 antiquis
1163 4005 1299 4066 quoque
1321 4007 1427 4050 exem·

119 4074 274 4156 pluribus
308 4076 502 4138 detrimenta
537 4070 700 4134 interdum
730 4069 925 4131 acciderint·
976 4073 1077 4135 htt'NO
1112 4073 1206 4153 ‘llffld
1229 4074 1426 4153 Xfl'ffl'fw

120 4166 237 4227 seculo
272 4165 391 4228 Christi
423 4162 598 4224 undecimo
628 4160 865 4238 imperfectum
899 4181 933 4224 se
963 4160 1083 4223 habere
1110 4161 1250 4225 Dionem
1275 4162 1366 4226 dixit
1394 4167 1425 4228 ia

118 4253 276 4319 Antonini
289 4257 341 4317 l'ii
346 4255 570 4332 fratrumque
586 4247 737 4309 divorum
752 4250 847 4310 rebus
862 4254 975 4329 gestis.
1016 4249 1121 4328 Mitto
1138 4249 1233 4331 quod
1251 4251 1426 4334 Polybium

119 4348 253 4409 nonnisi
271 4344 430 4405 mutilum
458 4339 522 4402 sibi
550 4338 597 4399 ad
621 4356 740 4397 manus
757 4339 872 4415 fuisse
901 4342 1016 4401 testati
1044 4349 1119 4400 sunt
1145 4340 1263 4402 seculo
1297 4342 1424 4404 decimo

39 4489 42 4494 .
120 4434 292 4513 eclogarii
305 4432 375 4505 illi,
398 4450 483 4513 quos
504 4426 810 4506 Porphyrogenitus
832 4426 880 4487 ad
898 4426 1090 4488 delibandos
1103 4430 1233 4507 priscos
1247 4429 1425 4492 historicos

121 4520 309 4584 incumbere
336 4522 440 4581 iussit.
480 4517 599 4579 Nonne
622 4515 707 4574 haee
733 4517 825 4593 ipsa,
847 4525 882 4577 ut
909 4519 1049 4595 propius
1079 4516 1217 4579 adrem
1244 4518 1422 4590 accedam

120 4609 284 4673 Tulliana
303 4629 367 4688 pro
388 4609 517 4669 Flacco
539 4607 653 4667 oratio
676 4614 799 4687 quarto
824 4609 894 4666 iam
912 4608 987 4667 aevi
1010 4607 1185 4666 christiani
1203 4609 1346 4671 saeculo
1369 4611 1422 4668 im·
