3210 5280
574 233 621 294 lN
652 231 969 296 SCAURlANAM.
1385 237 1421 297 tt

204 367 386 442 Domitius,
411 369 464 452 qui
480 371 589 431 consul
615 370 673 432 init
695 393 763 434 ctuu
788 370 922 447 Cassio,
946 393 1015 433 cum
1037 386 1118 434 esset
1139 375 1282 436 tribunus
1305 375 1421 456 plebis,

121 455 219 519 iratus
243 461 385 532 Scauro,
410 464 496 543 quod
517 483 585 523 etun
607 463 637 523 in
653 485 805 546 augurum
825 464 991 547 collegium
1015 487 1075 528 uon
1092 478 1318 547 cooptaverat,
1343 467 1423 529 diem

121 550 150 610 ei
178 549 258 612 dixit
289 554 370 632 apud
401 554 551 633 populum
581 565 611 616 et
640 556 764 616 multam
793 555 966 639 irrogavit,
1002 561 1086 641 quod
1114 559 1179 620 eius
1208 580 1307 640 opera
1335 582 1425 623 sacra

122 643 215 703 mttlta
232 644 342 723 populi
359 645 493 708 Romani
516 646 669 708 deminuta
686 669 753 710 esse
767 649 897 711 diceret.
941 650 1071 713 Crimini
1086 652 1179 713 dabat
1193 673 1281 713 saera
1301 653 1423 734 publica

120 734 234 814 populi
256 736 392 798 Romani
413 740 502 798 deum
524 737 714 811 Penatium,
728 761 809 822 quae
825 743 947 804 Lauinii
970 743 1099 819 fierent,
1123 765 1221 824 opera
1241 745 1306 806 eius
1326 745 1449 806 minusi

121 840 206 888 recte
227 840 377 912 casteque
397 830 479 893 fieri.
523 833 598 911 Quo
627 831 753 893 erimine
783 837 946 897 absolutus
968 849 1015 898 est
1036 840 1172 899 Scaurus
1196 838 1337 920 quidem,
1368 841 1424 900 sed

119 918 180 992 ita,
204 930 240 982 ut
260 943 277 981 a
299 922 399 984 tribus
415 923 557 986 tribubus
572 926 787 1000 damnaretur,
811 949 829 988 a
850 930 1002 992 XXXII.
1022 930 1259 1006 absolveretur,
1282 943 1313 994 et
1331 930 1363 992 in
1378 932 1423 992 eis

120 1034 221 1095 pauca
241 1025 358 1096 puncta
381 1016 464 1080 inter
487 1019 712 1082 damnationem
734 1031 765 1081 ut
790 1019 1018 1086 absolutionem
1038 1021 1236 1085 interessent.

680 1165 862 1230 lBIDEM.

201 1283 263 1360 (2.)
286 1282 370 1346 lietu
395 1296 443 1348 est
455 1284 579 1364 fuctus
600 1308 622 1348 a
648 1288 687 1365 0.
708 1288 849 1350 Servilio
871 1290 1034 1369 Caepione
1054 1290 1129 1371 lege
1148 1290 1309 1363 Servitia,
1341 1309 1420 1350 oum
1433 1315 1463 1360 ιο

121 1371 251 1434 iudicia
271 1394 371 1453 penes
395 1384 576 1454 equestrem
599 1375 746 1439 ordinem
767 1387 868 1439 essent
888 1387 920 1440 et
942 1379 975 1441 Ρ.
996 1379 1120 1441 Rutilio
1142 1379 1301 1440 duranuto
1322 1397 1495 1455 nemausa]
1545 1443 1550 1459 ,

117 1470 187 1522 ium
209 1464 368 1525 innocens
391 1462 570 1539 videretur,
592 1475 714 1528 utnon
736 1468 862 1529 timeret
883 1467 957 1528 illu.

199 1549 426 1629 Q.'Servilitts
449 1551 569 1633 Caepio
594 1555 744 1616 Scaurum
771 1556 812 1617 ob
841 1555 1006 1638 legationis
1034 1555 1189 1617 Asiaticae
1219 1554 1364 1618 invidiam
1388 1566 1420 1617 et

117 1643 270 1703 adversus
299 1644 389 1723 leges
416 1645 616 1724 pecuniarum
643 1657 801 1726 captarum
836 1668 922 1708 reum
950 1647 1026 1709 fecit
1059 1651 1299 1728 repetundarum
1328 1649 1417 1731 lege,

118 1755 207 1816 quam
231 1735 304 1796 tulit
327 1736 481 1798 Servilius
504 1737 646 1799 Glaucia.
690 1740 827 1800 Scaurus
856 1750 938 1801 tanta
967 1740 1028 1804 suit
1057 1742 1245 1804 coutinentia
1274 1741 1365 1804 animi
1388 1751 1462 1808 etis

117 1827 347 1909 magnitudine,
377 1840 411 1890 ut
436 1828 629 1908 Caepionem
656 1841 883 1894 coutrareum·
907 1833 1052 1896 detulerit
1074 1846 1104 1896 et
1129 1833 1276 1896 breviore
1302 1833 1350 1912 die
1371 1832 1420 1893 in·

118 1919 294 2000 quisitiouis
317 1933 443 2002 accepta
466 1923 624 1999 effecerit,
657 1938 690 1986 ut
712 1925 765 1987 ille
791 1924 879 2006 prior
904 1946 1025 1988 causam
1048 1927 1183 2001 diceret,
1215 1926 1267 1988 M.
1291 1918 1419 2009 quoque

115 2013 274 2090 Drusum,
298 2014 455 2078 tribunum
478 2017 598 2097 plebis,
622 2021 805 2082 cohortatus
826 2017 883 2094 sit,
908 2032 942 2082 ut
962 2019 1073 2082 iudicia
1095 2029 1314 2083 commutaret.

676 2166 857 2229 IBlDEM.

196 2283 260 2361 (3.)
291 2281 337 2347 db
364 2285 478 2347 eodem
506 2288 607 2348 etiam
628 2287 702 2366 lege
723 2285 825 2347 Varia
846 2297 959 2349 eustos
980 2287 1039 2349 ille
1057 2289 1109 2350 rei
1126 2285 1285 2367 publicae
1305 2282 1461 2365 prodi-20

117 2377 213 2436 tionis
233 2377 335 2438 estin
358 2377 482 2438 crimen
504 2385 660 2439 vocatus:
680 2384 817 2438 cautus
840 2395 863 2436 u
880 2377 918 2454 Q.
937 2375 1057 2456 Vario,
1078 2376 1210 2439 tribuno
1230 2373 1355 2455 plebis,
1370 2382 1416 2435 est

116 2483 180 2523 non
200 2463 310 2523 multo
331 2472 419 2525 unte.

208 2611 235 2658 1.
254 2601 409 2668 Domitius]
430 2604 519 2655 Ptine.
540 2603 645 2657 Betald.
665 2628 699 2644 -
719 2603 769 2656 Cn.
790 2603 932 2655 Domitius
950 2602 1010 2656 ald.
1032 2617 1059 2656 et
1078 2620 1152 2675 seqq.

189 2674 264 2730 lbid.
286 2677 395 2743 Cassio]
417 2676 448 2728 C.
469 2678 564 2729 Cassio
583 2677 660 2731 Man.

207 2758 236 2810 3.
256 2751 343 2821 apssd]
362 2752 454 2804 Princ.
475 2749 580 2804 Betald.
601 2750 662 2803 atd.
681 2779 718 2792 —
736 2751 775 2801 ad
791 2750 858 2804 Lod.
879 2766 905 2804 et
925 2769 1000 2822 seqq.

208 2830 236 2882 d.
256 2825 409 2891 deminuta]
431 2826 494 2876 itot.
514 2826 594 2877 Creu.
613 2826 702 2880 licien.
720 2854 756 2866 —
775 2823 910 2876 diminuta
928 2828 1018 2879 Ptine.
1040 2826 1140 2878 Ceteri.

208 2903 236 2956 5.
257 2899 379 2968 Lavinis]
398 2901 488 2950 lavini
506 2902 597 2952 Ptine.
618 2899 677 2952 Ald.
714 2898 784 2971 (cir.
804 2900 890 2952 laser.
911 2915 984 2951 meas
1003 2900 1119 2952 Latinas
1140 2899 1173 2952 N.
1191 2903 1273 2956 2275.
1293 2899 1359 2963 On.)

191 2973 386 3046 Ibidjs'erent]
401 2977 480 3045 lugd.
491 2976 554 3027 Hot.
563 2974 639 3026 Man.
649 2977 728 3026 Creu.
739 2972 894 3043 -suerunt
905 2976 994 3026 Ptine.
1002 2973 1062 3027 ald.
1072 2973 1138 3028 Lod.
1146 2974 1306 3043 -stserant
1314 2973 1418 3026 Betald.

207 3051 236 3104 6.
257 3059 330 3099 reete
350 3053 486 3119 casteque]
508 3057 579 3099 recte
599 3056 674 3100 caste
694 3049 758 3099 Hot.
779 3051 858 3101 Creu.
934 3054 958 3105 7.
978 3048 1080 3119 tribus]
1100 3066 1156 3100 ont.
1179 3052 1259 3102 Creu.

208 3129 236 3179 7.
258 3124 397 3194 nme]
418 3123 484 3176 Lod.
505 3141 531 3176 et
551 3141 625 3193 seqq.
643 3152 681 3164 —
699 3122 855 3177 XXXVII.
874 3138 986 3192 uterque
1006 3122 1068 3176 cod.
1090 3123 1185 3175 Ambe.
1201 3124 1291 3175 Ptine.
1311 3120 1419 3176 Berald.

119 3196 178 3250 ald.
197 3215 266 3266 quos
287 3213 395 3250 secutus
416 3214 457 3250 est
476 3199 552 3261 Mai,
573 3202 701 3268 quoniam
722 3213 796 3249 extra
815 3198 965 3250 solemnem
984 3214 1126 3248 numerum
1146 3199 1207 3252 τῶν
1226 3197 1344 3250 XXXV.
1364 3196 1419 3246 ali-

118 3288 195 3342 quem
216 3279 354 3343 praeterea
375 3272 475 3325 tribum
496 3277 617 3325 extitisse
637 3272 807 3343 exploratum
827 3278 873 3325 sit.
910 3275 1001 3340 „Sane
1021 3271 1124 3342 aliquot
1151 3276 1229 3322 annis
1249 3285 1311 3340 post
1328 3287 1419 3324 uovo-

117 3365 174 3397 tuut
194 3352 296 3399 ciuium
316 3355 380 3397 octo
403 3346 446 3418 (ut
464 3346 561 3399 scribit
582 3346 676 3398 Vellei.
698 3349 755 3400 l'at.
775 3347 810 3400 ll.
832 3353 884 3410 20,
903 3345 941 3418 2.)
975 3346 1061 3398 tribus
1088 3361 1164 3398 etant
1190 3344 1305 3397 additae.
1343 3344 1420 3398 Nuu-

117 3436 195 3490 qutn
215 3437 308 3474 tamen
328 3422 378 3473 xi.
399 3420 485 3474 tribus
506 3421 588 3474 tuisse
608 3436 713 3472 certum
734 3438 784 3475 est.
822 3425 916 3491 ltaque
935 3421 968 3475 V
983 3419 1115 3474 detraxi.''
1141 3418 1308 3474 stelenus,

207 3502 233 3553 8.
250 3499 367 3566 ptsneta]
386 3504 502 3563 psentia.
515 3503 622 3565 puncta
642 3497 735 3549 Ptine.
1206 3507 1208 3511 '

203 3573 235 3625 9.
255 3569 410 3637 IBIDEM]
450 3570 527 3622 Hauc
552 3588 646 3623 vocem
672 3587 736 3621 cum
762 3571 936 3640 sequentibus
956 3568 1050 3622 eadem
1071 3573 1260 3622 enuntiatione
1289 3567 1420 3639 comple-

119 3659 230 3695 ctuntur
250 3646 340 3697 Ptine.
358 3641 465 3697 Besald.
486 3644 547 3696 tid.
568 3643 633 3696 ted.
654 3673 690 3685 —
710 3662 765 3697 om.
785 3644 869 3715 bugd.

190 3726 234 3772 10.
252 3726 296 3768 est
307 3717 423 3786 jactus]
434 3716 540 3786 saetses
557 3728 599 3770 est
620 3720 712 3787 Sigon.
762 3729 805 3776 10.
820 3723 965 3788 Caepione]
981 3719 1097 3789 Cepione
1110 3719 1202 3772 Ptine.
1216 3731 1242 3770 et
1256 3719 1297 3769 sic
1312 3717 1420 3785 ubique.

189 3796 234 3848 13.
254 3791 289 3842 ob
307 3792 471 3863 legationis]
491 3793 673 3861 obligationis
693 3796 781 3847 Ptine.
800 3792 908 3845 Betald.

189 3865 259 3920 ibid.
284 3869 436 3934 Asiaticae]
455 3873 571 3919 asiatiee
592 3872 680 3921 Ptine.
781 3871 824 3924 15.
844 3865 989 3931 Servitute]
1011 3867 1041 3918 C.
1062 3867 1197 3917 Servilius
1218 3862 1285 3916 Led.

189 3945 235 3997 15.
254 3940 381 4007 Glaucia]
401 3941 520 3993 Classdia
539 3942 676 3994 Graecam
696 3942 787 3993 Ptine.
815 3939 921 3993 Betald.
943 3937 1002 3991 aid.
1023 3942 1091 3991 Mai.

190 4019 233 4070 16.
253 4021 427 4066 continentia
455 4023 541 4067 animi
567 4024 595 4067 et
624 4014 827 4081 magnitudine]
869 4017 1030 4067 constantia
1058 4021 1087 4064 et
1114 4012 1305 4079 magnitudine
1334 4019 1421 4063 animi

119 4087 190 4159 lugd
213 4089 278 4142 uos.
295 4091 369 4142 blan.
384 4092 502 4143 Cramer
518 4110 558 4161 sq.
577 4115 612 4130 -·
631 4091 793 4159 Abantiqua
807 4092 924 4143 lectione
941 4106 996 4140 non
1014 4103 1071 4140 etat
1088 4086 1294 4139 discedendum.
1320 4087 1420 4138 Cossis·-

118 4169 210 4214 nents'a
230 4169 317 4214 aninti
335 4162 437 4216 dicitur
457 4169 539 4217 etiam
560 4166 656 4218 Curtio
676 4164 727 4214 lll.
752 4169 794 4217 12.
814 4168 1012 4215 continentiam
1037 4178 1064 4214 et
1089 4167 1175 4212 aniani
1200 4162 1420 4227 magnitudinem

117 4242 204 4309 iungit
223 4237 325 4290 Caesar
344 4240 376 4291 Β.
397 4239 433 4291 G.
457 4240 516 4296 Vll.
535 4245 579 4298 52.
598 4243 781 4307 (continentia
798 4247 826 4289 et
844 4244 931 4290 ammi
942 4236 1135 4306 magnitudine
1150 4238 1218 4290 bisi.
1231 4255 1264 4288 ex
1277 4236 1422 4302 Ambrae,

118 4328 145 4364 st
163 4327 240 4386 puto.
276 4312 376 4366 Placet.
397 4312 464 4380 On.)

188 4384 260 4439 ibid.
282 4395 383 4438 eontra
402 4389 491 4458 reum]
510 4393 682 4439 contrarium
702 4387 793 4438 Ptine.
812 4385 921 4438 Berald.
939 4383 1004 4440 Ald.
1023 4383 1091 4438 Lod.
1111 4387 1180 4438 Mai.

189 4464 232 4517 19.
252 4459 315 4514 ttae
335 4479 394 4514 voc.
415 4479 477 4514 cum
497 4461 673 4533 sequentibus
694 4464 808 4538 iungunt¹
827 4462 920 4514 Prino.
940 4457 1120 4518 beraldd'd.
1138 4457 1419 4529 Lud.-out.1.ugd.

187 4541 233 4590 20.
251 4540 349 4602 etiam]
370 4553 424 4588 om.
446 4537 510 4590 Lod.
781 4539 825 4590 20.
846 4539 950 4602 cssstos]
970 4542 1062 4586 casim
1082 4536 1173 4588 Priuc.

187 4606 258 4662 lbld.
282 4615 323 4660 rei
337 4609 477 4679 publicae]
498 4612 575 4680 reiip.
597 4612 687 4662 Ptine.
708 4636 742 4648 -
764 4625 819 4661 ont.
838 4609 945 4662 Berald.

187 4688 231 4737 21.
249 4688 303 4753 est]
325 4700 388 4737 ante
409 4700 500 4757 praep.
521 4704 539 4735 a
559 4689 724 4755 transposuit
744 4685 887 4753 Sigonius:
907 4682 986 4735 nobis
1007 4697 1121 4753 utroque
1142 4684 1203 4733 loeo
1223 4680 1362 4751 displicet.
1383 4709 1420 4722 —

118 4756 205 4825 ,lllud
224 4776 281 4813 non
299 4760 387 4814 multu
406 4769 471 4812 ante
491 4758 652 4825 videndum,
678 4773 711 4810 su
731 4777 787 4814 nou
806 4757 840 4811 sd
859 4761 972 4814 Asconii
993 4761 1084 4829 potius
1104 4760 1333 4810 commentarium
1354 4774 1420 4828 pet-
