3210 5280
380 201 431 267 IN
453 199 561 269 Act.
583 201 632 267 11.
654 201 704 268 tu
727 199 768 267 C.
791 199 1162 267 vomuntur.
1363 201 1423 266 tat

201 343 247 419 (ς.
269 339 339 422 99.)
361 345 563 424 Onnestores
590 363 659 408 sese
689 339 897 424 aspectare]
938 340 1012 404 Bini
1043 350 1227 424 quaestores
1258 339 1289 403 in
1319 338 1423 404 Sicilia

116 433 287 518 quotannis
308 435 433 498 inerant
455 433 586 517 singulis
611 433 828 516 praetoribus,
853 431 1079 512 Lilybaetaotis
1102 446 1132 496 et
1153 437 1381 516 Syracusanus.
1433 429 1481 490 ¹⁷¹1

202 530 306 592 Onterl
329 548 405 610 ma
392 531 441 591 vis
465 548 571 612 quam
593 527 716 632 causa]
740 529 859 603 Omen,
880 528 1071 609 auspicium3
1094 549 1221 607 causa,
1244 529 1419 591 excusatio.

114 622 221 687 Omen
244 633 345 683 autern
369 620 439 683 ideo
462 618 557 694 dixit,
581 619 653 703 quia
679 618 745 683 eius
767 621 944 702 exemplum
966 621 1070 684 attulit
1091 622 1231 700 Verres,
1255 621 1309 706 qui
1329 643 1426 704 pecu·
1506 688 1507 692 ,

117 714 238 778 uiarum
261 715 501 794 repetundarum
524 714 701 775 damnatus
706 725 767 777 est.
1434 715 1449 764 t

108 859 111 863 .
199 807 324 887 Faece]
367 805 515 868 Residuis
536 806 697 870 sordibus.

200 901 364 980 Nomina]
401 900 502 963 Tituli
523 912 555 964 rt
576 904 678 983 capita
700 899 875 964 criminum.

201 995 247 1071 (§.
272 994 359 1066 100.)
382 992 484 1076 Quod
501 997 611 1058 minus
630 994 825 1073 Dolabella]
868 994 906 1059 In
933 994 996 1057 hoc
1017 990 1118 1075 capite
1142 992 1279 1057 ostendit
1302 993 1425 1057 lalsita·

117 1097 178 1150 tem
199 1085 358 1148 rationum
377 1085 511 1161 Verris,
543 1106 606 1148 non
632 1089 819 1152 convenisse
846 1089 980 1151 sittntnas
1007 1087 1194 1151 Dolabellae
1226 1108 1295 1149 curn
1327 1086 1425 1168 ipsius

119 1178 266 1244 summis:
303 1179 334 1242 in
365 1200 427 1264 qua
458 1199 494 1243 re
526 1180 594 1242 vult
619 1179 704 1243 credi
736 1201 801 1245 non
833 1182 1052 1257 Dolabellam,
1084 1184 1141 1244 sed
1165 1183 1302 1244 Verrem
1329 1177 1468 1243 suissed

120 1271 296 1337 mentitum.

201 1368 298 1431 Hinc
330 1367 414 1431 illae
443 1356 734 1432 eatrtfflrtiinart'ae
761 1364 940 1447 pecuniae]
994 1365 1130 1430 Sordida
1164 1365 1253 1428 lucra
1284 1375 1316 1428 ct
1341 1345 1427 1428 lttrta

121 1457 297 1543 significan
328 1477 397 1519 narn
422 1478 478 1519 eae
498 1470 586 1533 srtnt,
611 1477 690 1540 qnae
713 1478 814 1541 neque
840 1460 877 1519 de
900 1458 1071 1534 reditibus,
1094 1479 1195 1542 neque
1217 1461 1255 1521 de
1278 1479 1426 1533 annonis,

120 1560 224 1636 neque
247 1553 285 1615 de
305 1551 406 1635 aliqua
429 1550 567 1634 legitima
589 1551 773 1628 occasione,
796 1564 849 1614 aut
863 1551 1041 1616 donationis
1060 1562 1112 1614 aut
1131 1550 1312 1615 hereditatis
1334 1550 1424 1615 verbi

121 1643 243 1729 gralia,
266 1643 412 1708 videntur
434 1644 586 1707 adiectae.
1439 1647 1491 1696 15ι

202 1737 300 1802 Huc
323 1740 412 1800 ratio
437 1759 515 1801 cum
544 1738 584 1817 Q.
609 1745 641 1800 et
663 1738 717 1800 On.
739 1738 914 1800 Postumiis
935 1737 1069 1818 Curtiis]
1111 1736 1157 1800 Hi
1179 1749 1271 1814 sunt,
1295 1736 1348 1822 qui
1371 1760 1428 1802 ex-

121 1840 169 1893 tra
191 1827 367 1894 ordinarias
388 1829 538 1909 pecunias
561 1825 896 1903 Verris'tractabant,
921 1829 1049 1910 quaein
1075 1830 1191 1892 tabulis
1214 1830 1327 1894 Verris
1351 1854 1428 1894 non·
1509 1862 1514 1867 ·

121 1943 213 2006 quam
236 1923 371 2004 scriptae
391 1931 482 1998 sunt,
505 1941 545 1984 ne
559 1942 593 1984 se
612 1918 680 2003 ipse
700 1922 869 2002 proderet,
893 1941 931 1983 ne
951 1923 1100 2004 pecunias
1124 1934 1223 1986 tantas
1245 1924 1307 1987 suis
1328 1925 1429 1988 literis

122 2012 289 2078 indicaret.

204 2110 301 2173 Hitic
320 2103 503 2172 sestertitlm
520 2105 558 2168 X
559 2106 634 2170 llll.
652 2104 687 2168 P.
709 2105 832 2186 Tadio]
875 2106 919 2169 Et
936 2103 988 2168 hic
1002 2107 1321 2172 extraordinariarutn
1336 2108 1423 2172 Ver·
1438 2125 1471 2174 tt

123 2201 166 2265 rie
186 2200 390 2285 pecuniarum
412 2211 583 2282 susceptor
609 2197 786 2262 ostenditur
809 2200 1007 2262 Graecorum
1028 2198 1222 2264 testimonio.

779 2408 1013 2441 ἡ·

217 2561 245 2614 1.
264 2557 431 2628 Quaestores
454 2575 514 2609 sese
539 2559 715 2629 exspectare]
754 2559 802 2613 sic
821 2560 929 2629 scripsi.
958 2583 995 2597 -
1021 2555 1141 2625 Queatar
1158 2573 1217 2608 esse
1235 2573 1265 2607 se
1283 2565 1430 2627 expectare

124 2634 217 2690 irinc.
237 2661 273 2675 -
292 2633 431 2702 Quaestor
448 2650 507 2686 esse
525 2638 554 2684 in
572 2640 673 2684 senatu
691 2641 839 2700 expectare
855 2630 1018 2686 Berald.-
1036 2631 1218 2700 Quaesturam
1236 2648 1266 2682 se
1285 2637 1314 2682 ln
1332 2640 1432 2683 senatu

126 2716 275 2780 expectare
287 2707 349 2760 Ati.
363 2707 430 2762 Lod.
443 2724 507 2761 cum
520 2707 635 2780 volgatis
649 2705 712 2761 edd.
725 2709 877 2760 Ciceronis.
895 2734 933 2749 -
952 2706 1121 2777 Quaestum
1140 2704 1431 2779 qttoqttebnqd.b1an.

127 2810 162 2826 ·-
178 2783 365 2853 Quaestarem
388 2800 418 2834 se
442 2791 591 2854 expectare
610 2785 674 2836 llot.
694 2787 841 2836 Cren.-
869 2781 1004 2836 Pluralem
1023 2790 1182 2852 quaestores
1200 2780 1332 2835 Pseudo·
1340 2785 1431 2835 Asco-

125 2861 202 2911 nlarn
223 2862 253 2910 in
271 2874 321 2910 eno
340 2856 436 2910 codice
455 2863 605 2931 repperisse
625 2875 669 2932 ex
676 2863 734 2909 eius
754 2860 978 2929 interpretatione
1000 2853 1145 2910 manifesto
1165 2871 1286 2929 apparet.
1326 2856 1432 2908 leome-

127 2935 181 2987 rlta
200 2936 285 3004 igitur
304 2947 318 2983 a
337 2933 468 3025 Zumptio
487 2907 694 3005 reprehenditur
714 2931 879 2997 Lambinus,
897 2939 991 3002 <quent
1005 2947 1078 2985 recte
1096 2937 1181 2985 secuti
1200 2947 1263 2984 suot
1283 2930 1431 2986 Schuteius

128 3021 157 3061 et
177 3006 298 3062 Orellins
305 3012 327 3072 ,)
347 3011 423 3078 qnasi
443 3023 540 3061 contra
559 3010 681 3060 omniunt
699 3004 833 3058 librorum
856 3003 936 3059 lidetn
957 3014 1119 3077 quaestores
1137 3010 1308 3059 correxisset.

220 3087 249 3136 2.
267 3087 416 3153 quotannis
433 3080 562 3149 fuerant]
592 3079 698 3136 Berald.
706 3078 787 3137 Lod.
812 3109 851 3124 -
875 3085 968 3134 Annis
982 3080 1084 3149 fuerat
1103 3084 1193 3137 Prior.
1212 3081 1274 3135 Ald.
1292 3106 1329 3122 -·
1347 3087 1432 3152 quot-

127 3161 209 3208 annis
227 3165 311 3208 eraut
329 3157 414 3230 bugd.
433 3157 499 3212 blot.
517 3157 594 3212 Man.
613 3156 695 3212 Creta.

219 3235 248 3290 6.
266 3230 391 3283 Omen·
412 3250 565 3285 -omen-
584 3235 711 3300 -amen]
738 3230 864 3283 Omne·
881 3249 1036 3284 --onme
1054 3248 1170 3284 -omne
1188 3232 1309 3285 l’rinc.¹

220 3309 248 3363 5.
267 3312 314 3375 qui
333 3312 512 3378 peettnlarum
538 3306 750 3378 repetundarum
774 3305 883 3376 damn]
911 3308 975 3360 llot.
995 3307 1077 3360 Creu.
1105 3335 1140 3350 -
1165 3312 1231 3378 quia
1252 3310 1432 3379 pecuniarum

127 3376 746 3453 ἅνω.Ριῖιιο.ΒιιιΙι1.ΔΙι1.1.οι1.--ᾳιιί
759 3387 940 3453 pecuniarum
959 3381 1050 3434 damn.
1070 3382 1157 3455 Lngd.
1177 3384 1254 3436 Man.

220 3456 248 3512 6
266 3455 367 3526 Faece]
400 3457 478 3514 Man.
500 3485 531 3498 -
545 3455 634 3529 sacas
653 3457 749 3511 Prloc.
769 3484 807 3500 -
818 3455 887 3528 jere
905 3455 1013 3513 Berrld.
1031 3454 1095 3512 Ald.
1116 3453 1184 3509 Lod.
1203 3455 1343 3530 bugd.-
1307 3453 1432 3510 -Ecee

128 3528 192 3584 llos.
211 3530 292 3583 Creo.
312 3530 411 3584 Graes.

200 3602 272 3658 lbid.
292 3604 430 3674 sardibus]
451 3603 535 3678 Luqd.
554 3606 619 3659 llot.
638 3604 715 3659 Man.
736 3605 817 3660 Crem
836 3634 875 3650 -
891 3606 1031 3660 caloribus
1049 3611 1228 3678 antiquiores.

221 3685 249 3738 8.
271 3679 432 3750 Dolabella]
461 3682 522 3734 Ata.
543 3696 635 3751 etseq
656 3718 664 3734 .
684 3709 718 3723 -
738 3680 915 3734 Dolabellam
934 3684 1023 3737 Princ.
1043 3681 1151 3736 berald.

203 3751 275 3808 tttd.
294 3754 428 3824 ostendit]
448 3756 538 3809 Ptine.
557 3698 665 3808 lietalb.
686 3753 747 3810 Ald.
768 3754 835 3809 Lod.
852 3784 891 3799 —
908 3764 939 3808 ut
958 3758 1088 3810 ostendat
1107 3760 1200 3811 ceteri.

220 3833 249 3887 9.
268 3829 385 3896 Verris,
405 3833 472 3898 nan]
501 3833 592 3885 Prior.
614 3829 720 3883 uentu.
742 3828 803 3885 ald.
824 3829 891 3883 Lod.
913 3860 945 3873 -
967 3832 1086 3901 Verris,
1106 3833 1190 3897 dicit,
1210 3848 1265 3883 non
1283 3835 1378 3886 ceteri.

204 3909 248 3962 12.
267 3903 345 3976 illae]
377 3903 435 3957 nid.
456 3921 482 3957 et
501 3922 577 3976 seqq.
596 3905 698 3957 -ille
717 3907 808 3960 Prior.
826 3905 935 3962 iterati.

204 3982 249 4036 13.
269 3983 328 4047 eae]
356 3979 432 4032 Man.
452 3981 516 4034 llot.
535 3983 674 4033 Creo.-
691 3986 857 4052 aequiores.

203 4051 274 4106 tbtd
295 4052 441 4121 reditibus]
469 4052 555 4125 bugd.
573 4082 612 4097 -
630 4071 678 4105 rea
697 4056 802 4107 tutibus
821 4055 912 4111 Princ.
932 4083 971 4099 -
989 4055 1143 4108 reddltibus
1162 4061 1257 4112 ceteri.

204 4127 248 4186 11.
268 4135 410 4182 occasione
428 4133 490 4196 aut]
512 4131 557 4183 Sic
575 4133 740 4200 scripsi.-
702 4135 867 4182 -casione
886 4139 937 4183 aut
954 4130 1046 4185 Princ.
1064 4161 1102 4176 -
1119 4136 1241 4199 cessim
1258 4139 1309 4184 aul
1326 4130 1435 4186 Brrald.

131 4199 193 4258 bld.
211 4202 334 4255 1.οά.-
301 4209 510 4256 -accessione
528 4212 559 4255 ut
579 4203 662 4273 lugd.
683 4206 747 4258 tior.
769 4205 845 4258 Man.
866 4208 946 4261 Creo.

204 4280 249 4335 1.6
269 4276 432 4351 Postumiis]
455 4283 545 4334 Princ
565 4278 729 4333 Berald.-
748 4279 918 4333 Postlatmils
925 4264 997 4334 lid.
1016 4295 1043 4335 et
1062 4297 1126 4352 seqq

202 4356 246 4412 18.
265 4370 300 4403 ne
315 4358 387 4423 pec]
421 4353 731 4411 uerecundum.
759 4354 889 4409 1.αὼ-
919 4356 1283 4425 conuenere-rna
1302 4373 1337 4407 ne
1353 4372 1434 4426 pec,

130 4425 224 4481 maltro
245 4442 336 4480 tannen
356 4448 409 4481 neu
425 4448 493 4500 pecu
495 4435 566 4484 nias.

202 4508 247 4559 2ο
267 4503 352 4573 Hinc]
380 4511 410 4556 in
429 4508 521 4558 Princ.

203 4575 275 4629 ibid.
294 4575 351 4653 bie]
370 4597 427 4632 om.
447 4577 531 4650 bugd
553 4579 631 4634 Mun.

201 4657 247 4706 21.
266 4663 409 4726 susceptor
427 4653 594 4724 ostenditur]
616 4656 707 4708 Princ.
721 4653 831 4709 Berald.
846 4654 908 4709 Ald.
922 4653 990 4711 Lod.
1003 4684 1038 4701 -
1057 4665 1200 4727 susceptor
1217 4652 1262 4709 ltic
1280 4651 1436 4708 ostenditur

132 4724 214 4799 lugd.
234 4726 366 4801 Man.-
335 4738 530 4802 -suseeptor
553 4747 611 4784 esse
630 4729 788 4784 ostenditur
807 4731 871 4786 list.
891 4731 973 4786 Creu.
