3210 5280
225 213 286 279 2⁰8
660 213 1094 283 esterno-Asconius

287 348 379 424 'Usa
400 355 537 436 venisse]
581 356 776 441 (lentigisse.
1140 408 1144 413 ,

308 452 353 528 (§.
378 452 444 529 ll.)
466 456 589 518 Statim
610 453 731 515 domae
752 461 784 514 et
803 451 851 514 ad
868 448 993 531 arbem]
1039 446 1212 512 Praeturae
1233 446 1293 511 ius.
1318 449 1429 515 Omnis
1449 451 1530 514 enirn

227 542 446 626 magistratus,
471 543 526 627 qui
554 543 781 604 intramuranus
806 562 868 604 non
904 553 952 605 est
981 562 1038 605 uec
1067 543 1220 615 urbanus,
1253 539 1372 606 etiamsi
1398 546 1531 608 admini-

224 644 342 698 strator
369 636 435 699 eius
464 638 585 700 Romae
614 647 680 708 est,
712 633 759 695 ad
778 633 891 699 arbe'm
911 634 1036 698 dicitur.
1080 633 1254 698 Salentinae
1278 635 1310 698 Ii
1329 639 1462 720 utrique
1484 637 1533 700 od

200 725 341 790 turbem
361 731 578 810 imperatores
598 736 704 791 erant.

295 815 502 880 Maximam
524 840 591 880 uno
613 837 701 878 anno
721 819 903 896 pecaniam
914 814 1042 894 facere
1062 816 1185 897 posset]
1229 811 1298 878 Cur
1322 835 1389 876 ano
1413 814 1530 876 anno?

167 909 275 981 prJA„
308 910 380 991 quia
408 930 470 972 non
499 910 657 971 divinabat
687 909 787 972 Arrio
817 906 877 970 sibi
908 928 971 970 nou
998 927 1185 972 successuro
1212 926 1272 989 per
1301 904 1470 968 triennium
1494 925 1528 967 se

223 1000 347 1081 [luisse]
369 1001 401 1063 in
423 1002 527 1064 Sicilia
547 999 717 1064 futurum?

305 1101 349 1172 (§.
375 1096 442 1173 18.)
466 1097 547 1159 Cam
568 1094 689 1158 videret
709 1093 743 1155 in
756 1092 845 1172 foro
866 1092 1065 1174 latrocinia]
1108 1093 1207 1158 Furta
1228 1091 1261 1156 in
1282 1093 1359 1155 aede
1383 1087 1527 1154 Castoris

181 1203 260 1252 itae
279 1208 341 1270 pro
365 1188 507 1252 Rostris.

306 1280 344 1342 ln
365 1290 489 1364 quarto
509 1287 591 1341 acta
615 1274 855 1358 improbitatis]
897 1272 1036 1352 Fabula,
1059 1277 1128 1341 sire
1143 1277 1282 1362 tragica,
1305 1276 1373 1339 sire
1387 1273 1525 1351 comica,

222 1371 361 1457 quinque
387 1383 473 1433 actus
500 1371 617 1433 babere
642 1373 747 1431 debet.
803 1368 894 1450 Ergo
924 1381 956 1431 et
987 1371 1064 1432 mire
1086 1371 1262 1445 transtulit,
1294 1380 1324 1430 et
1347 1367 1522 1452 significat,

109 1486 112 1495 ’
222 1464 503 1528 administrationes
524 1463 555 1524 in
585 1483 620 1524 rc
641 1461 767 1544 publica
787 1459 902 1523 Verris
934 1460 1063 1527 infames
1092 1476 1248 1549 tamquam
1277 1463 1420 1526 scenicos
1440 1472 1528 1522 aetus

221 1559 403 1639 spectaculo
425 1554 568 1618 omnibus
591 1553 701 1616 fuisse.

180 1670 211 1718 ss
304 1648 384 1712 Non
405 1648 517 1711 solam
540 1665 667 1730 genera
684 1648 851 1728 furandi,
872 1650 1052 1715 sedetiam
1078 1654 1231 1737 nomino]
1275 1655 1405 1742 Species
1429 1675 1538 1739 nego·.

221 1740 337 1806 tiorum
359 1742 384 1815 †
406 1739 564 1802 hominum
588 1737 676 1823 qnasi
697 1737 887 1820 significant.

304 1838 350 1914 (§.
374 1833 442 1910 19.)
466 1835 558 1914 Quas
583 1852 648 1909 ego
673 1836 774 1895 istum
795 1833 953 1897 initalia
979 1837 1149 1916 scripsisse
1172 1839 1332 1924 arbitror]
1375 1843 1474 1923 Quasi
1494 1843 1526 1906 in

221 1926 295 1990 nari
315 1925 454 1989 seribere
477 1947 540 1989 non
562 1925 713 2008 petiuerit.
769 1924 831 1987 S'cd
859 1925 922 1986 hoo
950 1942 989 1986 eo
1019 1925 1112 2001 dicit,
1150 1929 1222 2010 quia
1243 1947 1369 1997 constat
1389 1931 1527 2000 Veriem

221 2021 349 2106 negotia
370 2019 496 2083 Siciliae
518 2031 607 2083 extra
630 2017 767 2082 Siciliam
790 2016 947 2079 didicisse.

128 2148 131 2157 ·
177 2134 209 2185 ιο
302 2115 347 2193 (§.
370 2115 438 2192 21.)
459 2113 642 2179 Sacerdote
661 2108 831 2193 praetore]
888 2108 951 2171 Hie
979 2120 1011 2172 et
1037 2113 1189 2193 temporis
1217 2117 1391 2183 admonitio
1420 2132 1468 2184 est
1496 2132 1528 2185 ei

218 2218 435 2290 argumentum
457 2203 630 2268 calumniae
652 2198 789 2277 Verris,
812 2203 849 2265 de
878 2223 940 2284 qua
965 2205 1120 2269 Sacerdos
1143 2207 1218 2272 nihil
1244 2224 1355 2275 eontra
1377 2216 1524 2279 heredem

215 2301 371 2364 statuerit.
416 2299 419 2303 ’

303 2388 613 2475 Quadruplatores]
657 2386 892 2461 Accusatores,
928 2388 996 2452 sire
1018 2388 1174 2452 delatores
1195 2390 1356 2457 criminum
1377 2398 1526 2480 publico·

216 2504 286 2546 rum
308 2488 366 2546 sub
393 2503 494 2564 poena
517 2479 701 2564 quadrupli,
724 2477 791 2541 sire
813 2482 899 2563 quod
923 2479 983 2562 ipsi
1006 2504 1046 2545 ex
1073 2485 1289 2549 damnatorum
1311 2489 1421 2569 bonis,
1446 2514 1526 2576 quoe

175 2603 206 2652 2⁵
218 2587 457 2650 accusaverant,
481 2587 623 2659 quartam
649 2584 769 2655 partem
793 2576 1081 2656 consequebantur.

301 2669 351 2737 id
370 2668 497 2746 arbem]
540 2668 606 2731 Iam
622 2686 718 2747 supra
734 2662 888 2740 diximus,
913 2668 987 2750 quid
1003 2669 1125 2731 intersit
1140 2671 1188 2734 ad
1208 2673 1321 2738 arbem
1336 2684 1368 2737 et
1383 2678 1417 2741 in
1432 2679 1525 2741 urbe.

299 2764 345 2840 (§.
370 2760 438 2838 22.)
461 2760 513 2842 is,
534 2758 751 2842 qaiEryeum
770 2766 916 2822 montem
937 2760 1119 2843 obtinebat]
1162 2763 1387 2845 Lilybaetaous
1402 2769 1530 2832 scilicet

239 2941 243 2952 ¹
309 2965 336 3014 2.
356 2955 510 3009 Praeturae
530 2952 585 3022 ius]
624 2949 720 3020 ,Haec
743 2946 824 3000 rerba
846 2954 981 3022 pertinere
1003 2952 1073 3006 mibi
1093 2953 1219 3008 videntur
1241 2955 1275 3009 ad
1298 2963 1340 3011 ius
1356 2934 1526 3015 ‘sortiend'ae

215 3038 382 3111 provinciae.
421 3027 531 3100 Aliquid
550 3025 666 3080 fortasse
688 3028 821 3076 Asconius
845 3022 879 3103 ad
898 3029 1037 3098 superiora
1061 3031 1233 3085 notaverat.’'
1259 3033 1392 3088 GARAT.

307 3108 503 3171 niatronae]
543 3103 648 3172 ,cartu
668 3099 760 3152 XXX.
781 3116 807 3150 n.
830 3100 855 3155 i.
886 3099 987 3153 Confer
1009 3102 1121 3157 Horam.
1148 3103 1181 3154 ad
1203 3107 1224 3158 1.
1243 3107 1305 3160 Act.
1332 3112 1376 3165 15.
1406 3110 1443 3176 [i.
1462 3109 1526 3182 d5.]

214 3185 267 3240 llic
284 3183 386 3236 domae
408 3188 466 3245 est,
485 3194 540 3231 non
558 3193 622 3229 vero
641 3171 715 3243 quod
736 3177 774 3226 ait
797 3171 836 3225 ibi
855 3177 885 3224 in
906 3175 989 3244 urbe,
1007 3194 1057 3249 pro
1076 3194 1110 3231 eo
1128 3183 1218 3252 accipi
1240 3197 1348 3254 potest,
1367 3184 1441 3255 qnod
1462 3186 1526 3241 lcii

215 3258 310 3315 dieunt
330 3251 611 3309 incontinentibus?
644 3247 776 3304 GARAT.

286 3331 359 3387 ibid.
378 3331 415 3398 11]
442 3331 481 3380 Hi
500 3329 578 3380 Man.

307 3413 333 3464 6.
348 3404 452 3476 facere
467 3403 579 3475 posset]
605 3395 666 3453 ild.
686 3410 712 3449 et
731 3413 807 3467 eeqq.
825 3424 861 3439 -
870 3395 906 3468 s.
924 3394 951 3463 f.
971 3398 1063 3453 Ptine.
1081 3426 1119 3443 -·
1137 3418 1160 3454 e.
1180 3400 1291 3459 Berald.

308 3490 335 3539 7.
354 3484 418 3552 quta
436 3497 492 3529 non
511 3473 669 3540 divinabat]
691 3472 782 3525 Ptine.
802 3472 866 3525 Ber.
879 3500 913 3514 ·-
924 3478 988 3541 quia
1001 3473 1150 3528 divinabat
1165 3475 1225 3530 tid.
1239 3494 1265 3531 et
1279 3496 1353 3550 seqq.
1367 3498 1525 3554 perperam.

286 3553 358 3610 lbld.
381 3557 468 3607 Arrio
489 3551 542 3603 sibi
558 3566 613 3601 non
633 3549 803 3613 successuro]
833 3549 921 3598 Arrio
940 3547 993 3599 sibi
1009 3565 1169 3603 emcesearo
1189 3550 1257 3626 (om.
1276 3560 1344 3624 non)
1363 3555 1473 3610 Bereld.
1489 3587 1527 3602 -

213 3632 331 3684 Arriam
349 3628 404 3681 sibi
422 3645 477 3680 nore
495 3640 682 3678 autecessorum
701 3619 769 3674 Lod.

286 3703 358 3760 ibid.
377 3705 421 3774 se]
443 3699 504 3755 tid.
523 3714 550 3753 et
570 3716 644 3770 seqq.
664 3703 744 3747 -te
764 3696 854 3749 Princ-
875 3695 983 3750 Berald.

308 3789 334 3840 8.
346 3777 460 3849 sedere]
488 3792 545 3828 om.
565 3773 633 3827 Lod.
1035 3779 1039 3788 “

285 3845 331 3912 la.
349 3849 510 3925 significat]
536 3851 581 3903 Sic
601 3848 710 3919 scripsi.
727 3871 765 3888 -
782 3841 949 3916 significare
967 3848 1060 3901 Prine.
1076 3875 1115 3890 -
1132 3846 1315 3922 significatur
1334 3857 1431 3907 ceteri.

288 3934 333 3988 13.
353 3926 526 4000 republica]
546 3923 596 3976 Ilo.
616 3923 665 3974 Po.
687 3917 747 3974 ΑΗ.
1254 3949 1256 3953 -

286 4008 332 4062 15.
351 4004 419 4055 Non
437 4001 537 4067 solum]
558 4016 613 4049 non
633 3995 714 4048 modo
734 3991 812 4048 editt.
832 3995 986 4048 Ciceronir.

285 4081 330 4137 16.
350 4077 487 4129 bominum
505 4078 584 4146 qnasi
601 4067 779 4147 significant]
817 4068 864 4122 Sic
888 4084 1017 4143 corrupte
1046 4072 1138 4125 Princ.
1164 4071 1273 4126 Berald.
1301 4072 1360 4128 eid.
1388 4074 1459 4132 Lod.
1487 4106 1518 4122 -

212 4151 401 4223 bominumque
418 4147 566 4222 signifieat
590 4145 677 4219 Lugd.
696 4145 760 4196 iios.
781 4143 858 4197 Man.
878 4144 960 4197 Cren.

284 4235 330 4285 2t.
350 4227 382 4279 de
411 4246 464 4298 qua
492 4222 639 4289 Sacerdos]
683 4219 822 4288 ,Seneca
851 4223 966 4290 opinor,
997 4217 1097 4272 nullus.
1145 4218 1345 4293 corrigendam
1379 4240 1521 4297 potarem,

212 4300 331 4372 Quando
350 4302 487 4354 Sacerdos
505 4297 578 4350 nibil
594 4303 693 4349 contro
711 4293 837 4355 heredem
855 4294 1016 4354 enarraret·
1045 4294 1133 4349 HOT.

283 4381 329 4436 26.
348 4377 409 4429 Iam
426 4392 512 4444 supra
531 4373 664 4437 diximum]
686 4367 727 4421 Ad
745 4371 806 4422 Act.
825 4367 848 4422 I.
868 4370 892 4434 b.
911 4369 956 4425 lib.

284 4449 356 4504 ibid.
376 4457 411 4504 in
424 4451 502 4517 arbe]
523 4448 582 4501 Aid.
605 4462 632 4500 et
652 4461 726 4514 seqq.
745 4470 781 4484 -
801 4449 831 4494 in
850 4444 942 4494 orbem
963 4443 1053 4495 Ptine.
1074 4441 1181 4497 Berald.
1244 4466 1249 4473 ·

283 4531 330 4582 27.
350 4525 458 4596 1s‚qui
479 4523 602 4594 Erycum
622 4527 740 4571 montem
758 4517 910 4585 obtinebat]
941 4519 988 4570 sic
1008 4521 1105 4588 scripsi
1127 4534 1188 4571 curn
1208 4518 1345 4592 Zumptio.
1365 4549 1400 4564 -
1420 4527 1457 4574 iis
1473 4528 1520 4594 qai

208 4599 352 4652 kariacum
369 4610 487 4653 montem
507 4597 668 4649 obtinebant
688 4594 781 4646 Prine.
801 4592 907 4646 Bereld.
926 4621 964 4635 -
982 4597 1019 4644 iis
1036 4598 1082 4663 qui
1100 4592 1252 4665 Erycinam
1272 4595 1446 4670 (Hericinum
1462 4598 1522 4651 uid.

209 4674 333 4745 Erycum
352 4673 433 4748 bod.)
453 4680 572 4725 montem
592 4669 752 4724 obtinebant
770 4666 856 4741 Lagd.
875 4669 940 4725 blot.
958 4668 1037 4722 Man.
1055 4668 1138 4725 Creo.
1164 4697 1203 4712 -
1228 4675 1269 4736 ie,
1297 4677 1344 4742 qut
1361 4671 1519 4744 Etyeinaae

209 4758 330 4802 montem
348 4749 493 4806 obtinebat
512 4746 588 4800 Man.
