3210 5280
193 224 234 299 59
733 219 960 287 ASCONIUS
1046 262 1049 267 ·

193 361 329 427 omnium
350 381 414 423 non
435 359 614 423 admiserat.
658 361 757 437 ltem,
789 382 859 422 cum
879 371 1001 424 aenatus
1021 360 1053 421 in
1072 359 1198 442 porticu
1224 359 1371 441 Pompeii
1401 362 1502 424 habc-

169 467 299 530 retur,
329 464 363 515 ut
383 453 553 533 Pompeius
574 465 683 535 posset
702 453 869 529 interesse,
902 475 995 515 unum
1019 465 1081 514 tum
1103 454 1209 515 excuti
1230 453 1335 534 prius,
1358 476 1450 538 quam
1471 455 1502 517 in

191 561 331 610 senatum
352 546 503 619 intraret,
527 545 670 609 iusserat.
714 548 784 610 Hae
807 556 879 609 sunt
900 545 1110 626 suspiciones,
1136 567 1213 631 quas
1235 547 1311 609 dicit
1331 569 1365 611 se
1380 548 1499 612 Cicero

192 653 426 722 pertimescere.

168 742 181 790 5
276 736 326 812 (§.
351 733 424 808 tt.)
470 730 561 809 Quid
584 735 672 794 enim
691 735 799 795 minus
821 733 885 794 ilio
911 731 1069 812 dignam,
1091 752 1195 814 paam
1216 752 1359 813 cogere,
1383 742 1421 794 ut
1443 753 1501 795 vos

172 822 269 899 seam
291 824 533 897 condemnetis,
564 822 598 884 in
628 842 726 905 quem
753 822 1013 886 animadvertere
1038 825 1127 903 ipse,
1157 833 1189 885 et
1216 843 1307 884 more
1331 824 1504 883 maiarum

191 926 224 982 et
244 936 306 979 suo
329 917 423 994 iure,
444 911 578 992 posset?
600 911 660 974 sed
676 913 847 992 praesidio
867 933 934 977 esse
954 925 985 973 et
1009 925 1142 973 caetera.

276 1007 362 1068 Idem
387 1005 430 1065 Τ.
451 1000 615 1064 Munatius
638 1003 794 1076 Plancus,
820 1013 851 1064 ut
874 1023 968 1084 saepe
990 1004 1143 1078 diximus,
1168 1016 1241 1084 post
1262 1005 1364 1067 audita
1390 1017 1421 1066 et
1440 1008 1500 1068 nh-

192 1100 312 1184 signata
334 1093 458 1158 testium
480 1096 578 1156 verba
601 1093 809 1178 dimissusque
833 1094 955 1158 interim
972 1097 1109 1172 iudices,
1136 1111 1248 1160 vocata
1271 1098 1423 1161 concione
1441 1121 1500 1162 co·

149 1193 335 1257 ¹⁰bortatus
359 1197 427 1249 erat
454 1187 627 1268 populum,
663 1199 697 1248 ut
736 1187 830 1251 clusis
866 1190 1005 1253 tabernis
1037 1204 1169 1271 postero
1203 1193 1251 1252 die
1280 1196 1319 1252 ad
1352 1190 1499 1255 iudicium

190 1290 330 1358 adesset,
352 1302 410 1344 nec
431 1291 591 1362 pateretur
614 1281 695 1342 elabi
719 1281 887 1345 Milonem.
1124 1286 1125 1290 ’

273 1383 325 1456 (1.
348 1374 422 1454 87.)
462 1373 700 1438 incidebantur
719 1375 788 1435 inm
808 1374 903 1436 domi
920 1376 1033 1457 leges,
1058 1396 1147 1458 puae
1168 1396 1228 1438 nos
1251 1379 1351 1439 servis
1375 1380 1499 1439 nostris

190 1470 472 1642 addlgigiriiicasse
493 1552 552 1615 iam
575 1563 653 1633 puto
675 1573 750 1626 nos,
773 1551 869 1615 inisse
890 1551 972 1615 inter
993 1555 1082 1636 leges
1105 1553 1146 1616 P.
1166 1550 1290 1628 Clodii,
1314 1576 1391 1639 quas
1406 1556 1496 1621 ferre

148 1667 179 1716 ιε
189 1659 415 1738 proposuerat,
440 1668 506 1710 eam
523 1666 669 1731 quoque,
693 1664 752 1729 qua
769 1645 924 1722 libertini,
950 1646 1081 1729 quinon
1099 1645 1159 1708 nisi
1169 1644 1200 1708 in
1218 1645 1342 1709 urbanis
1354 1651 1499 1713 tribubus

189 1745 372 1828 suffragium
394 1741 556 1815 serebant,
582 1749 709 1820 possent
732 1738 761 1799 in
780 1738 906 1801 rusticis
924 1761 1051 1824 quoque
1067 1738 1228 1814 tribubus,
1252 1760 1331 1824 quae
1343 1744 1500 1825 propriae

188 1843 399 1925 ingenuorum
421 1843 513 1908 sunt,
540 1831 640 1895 serre.

268 1934 315 2010 (§.
335 1929 411 2007 88.)
453 1927 614 2000 Senatus,
636 1922 754 1998 credo,
774 1934 965 2004 praetorem
988 1946 1066 1990 eum
1089 1927 1414 2009 circumscripsisset.
1445 1927 1499 1992 Ne

190 2044 269 2086 cum
292 2020 421 2085 solebat
444 2015 578 2102 quidem
599 2013 636 2075 id
645 2013 791 2092 facere,
817 2017 851 2076 in
880 2018 1013 2095 privato
1034 2014 1149 2080 endam
1170 2017 1235 2078 troc
1265 2016 1403 2099 aliquid
1417 2037 1498 2098 pro·

117 2112 437 2283 [ssagsecerstpg-nffim
464 2193 496 2257 id
523 2205 664 2274 tempus,
702 2212 767 2276 quo
797 2192 839 2256 P.
864 2190 1015 2270 Clodius,
1053 2214 1123 2256 cum
1147 2195 1249 2256 adhuc
1270 2205 1420 2279 quaestor
1442 2193 1499 2254 de·

187 2293 329 2379 signatus
351 2300 453 2365 esset,
485 2283 697 2369 deprehensus
720 2295 784 2359 est,
808 2306 877 2347 cum
900 2285 1047 2348 intrasset
1066 2307 1126 2360 co,
1149 2287 1203 2349 ubi
1223 2286 1409 2350 sacrificinm
1432 2305 1496 2368 pro

280 2432 306 2480 1.
326 2423 460 2492 Pompeis]
477 2425 587 2490 pompei
605 2420 696 2473 Princ.

280 2505 307 2554 2.
327 2500 395 2565 tum]
416 2505 510 2548 tamen
530 2494 597 2547 Lod.
1090 2526 1096 2537 ·
1405 2521 1409 2529 ·

281 2578 308 2632 5.
327 2573 462 2637 senatum]
482 2568 566 2642 Lugd.
580 2569 645 2620 Hor.
658 2568 736 2624 Man.
750 2567 831 2622 Creu.
850 2597 887 2611 -
905 2577 1005 2621 senatu
1023 2571 1113 2623 Princ.
1126 2565 1233 2623 Berald.
1248 2567 1305 2621 tid.
1320 2563 1386 2620 Lod.

263 2647 333 2700 ibid.
353 2654 420 2701 intr.
440 2643 575 2714 iusserat]
591 2644 655 2696 Hor.
673 2644 753 2695 Cren.
774 2671 811 2685 -
834 2647 902 2699 intr.
918 2650 1078 2715 pruisquam
1097 2650 1217 2695 truserat
1237 2645 1329 2696 Princ.
1364 2671 1394 2682 -
1425 2644 1496 2694 intr.

188 2729 329 2777 iusserant
349 2719 456 2776 Berald.
472 2717 531 2772 Ald.
551 2717 617 2771 Lod.
638 2716 722 2789 bugd.
742 2718 819 2771 Man.

281 2803 379 2854 5-7.
410 2798 461 2848 i'ro
480 2794 524 2846 his
543 2791 629 2861 Lugd.
652 2794 717 2846 tior.
737 2792 814 2847 Man.
844 2793 924 2846 Creu.
947 2808 999 2848 cer.
1024 2791 1184 2844 ediderunt:
1214 2791 1321 2843 Contra
1340 2787 1500 2841 hesternam

187 2878 344 2926 concionem
362 2872 450 2923 illam.
842 2871 867 2925 5.
887 2872 977 2919 minus
995 2869 1054 2935 iiio]
1075 2869 1124 2919 iiio
1137 2871 1226 2917 mimus
1242 2865 1320 2918 editt.
1332 2866 1392 2917 cic.

280 2951 307 3005 5.
327 2954 358 2997 ut
373 2947 437 3012 vos]
459 2960 514 2996 om.
534 2944 625 2996 Princ.
647 2940 754 2997 Berald.
769 2941 829 2996 Ald.

274 3027 306 3092 Ι7.
324 3020 374 3072 sed
385 3018 530 3092 praesidio
545 3019 615 3084 esse]
635 3017 682 3069 Sic
697 3015 834 3071 edidimus
845 3015 1075 3089 quemadmodum
1085 3015 1185 3088 legitur
1195 3014 1265 3089 apud
1277 3015 1451 3068 Ciceronem.
1461 3041 1499 3054 -

187 3103 216 3148 et
232 3095 374 3166 praesidio
393 3103 465 3145 esset
484 3094 576 3147 Prisc.
597 3091 657 3146 alt.
677 3119 710 3133 -
729 3091 872 3163 praesidio
891 3102 962 3144 esset
982 3098 1052 3156 (om.
1073 3091 1113 3164 et)
1132 3090 1239 3146 Berald.
1258 3119 1295 3131 -
1313 3098 1342 3140 et
1358 3087 1499 3158 praesidio

186 3188 245 3222 esse
265 3172 331 3223 Lod.
544 3178 553 3195 ·
833 3176 860 3228 8.
880 3167 955 3219 idem
975 3167 1021 3236 T.]
1041 3166 1134 3218 Titius
1150 3163 1258 3221 Berald.

279 3253 305 3305 3.
327 3250 359 3295 ut
374 3260 455 3314 saepe
473 3241 606 3309 dtaetmrss]
628 3239 690 3293 vid.
702 3259 728 3313 p.
744 3244 806 3301 119.
821 3261 846 3315 p.
863 3248 924 3300 150.
944 3243 1008 3296 Ηοι.

262 3329 306 3376 1ο.
325 3320 419 3384 cistris]
442 3318 533 3371 Priuci
549 3314 656 3368 Berald.
676 3314 734 3370 did.
754 3343 791 3358 -
809 3318 913 3368 clausis
929 3316 995 3371 Lod.
1009 3333 1035 3371 et
1049 3333 1123 3388 seqq.

262 3402 306 3451 11.
325 3393 407 3459 elabi]
429 3391 486 3442 tate·
504 3392 595 3444 Princ.
615 3389 722 3443 Berald.

262 3475 305 3526 12.
324 3469 418 3535 teges,
438 3468 520 3536 quae]
540 3467 666 3534 legesque
686 3468 778 3519 Princ.
796 3491 831 3508 -
850 3484 941 3517 novae
959 3466 1036 3534 teges
1050 3483 1120 3535 quae
1136 3463 1205 3518 Lod.

262 3540 412 3609 ibidum]
434 3558 485 3592 nos
505 3546 562 3592 iana
582 3543 673 3592 Princ.
690 3539 799 3593 Berald.
820 3539 880 3594 ald.
899 3539 967 3594 Lod.

195 3628 197 3635 '
263 3615 332 3670 ibid.
351 3621 442 3668 servis
462 3619 579 3683 nostris]
601 3615 691 3668 Ptine.
712 3613 817 3670 Berald.
839 3614 899 3670 ald.
923 3613 991 3668 Lod.
1022 3641 1058 3655 -
1077 3619 1182 3665 nostris
1205 3618 1296 3664 servis
1317 3612 1402 3684 Lugd.
1431 3617 1496 3668 iiat.

187 3693 265 3747 Man.
293 3693 374 3746 cren.
394 3706 456 3743 cnm
476 3689 555 3743 edtrr.
575 3691 729 3744 Ciceronis.
768 3688 821 3742 Sed
846 3690 926 3762 longa
955 3687 1145 3762 praeferendus
1170 3686 1275 3741 uidetur
1304 3686 1385 3752 ordo,
1414 3707 1496 3759 qoem

187 3782 281 3821 tenens
309 3770 516 3836 antiquissimae
541 3768 653 3820 Asconii
688 3764 822 3818 edtstones
855 3781 883 3818 er
909 3765 1101 3837 palimpsesrus
1128 3763 1322 3827 Tsarinensis,
1354 3781 1437 3835 qoam
1458 3768 1496 3816 sis

187 3857 314 3896 accentus
334 3844 488 3893 necessario
506 3838 586 3893 cadas
607 3845 635 3891 tn
653 3854 712 3892 voc.
732 3844 838 3903 servis,
857 3843 960 3892 nonin
980 3855 1142 3913 pronomen.

264 3921 307 3973 15.
325 3933 382 3967 nan
399 3920 454 3966 nisi
469 3919 498 3966 iu
517 3915 632 3966 zardanis
649 3914 785 3982 tribubus]
805 3913 852 3969 Sic
862 3919 969 3987 scripsi.
984 3943 1017 3956 -
1028 3932 1084 3965 non
1093 3914 1157 3984 ptus
1166 3930 1247 3982 quam
1260 3911 1392 3962 in'tribus
1406 3914 1496 3968 Prius.

186 3990 298 4047 Berald.
311 3989 441 4045 stated.
461 4018 497 4031 -
516 4007 571 4041 aron
588 3990 650 4056 pius
665 4007 745 4058 pisam
763 3995 793 4040 in
812 3991 925 4040 uerbenis
943 3988 1069 4040 tribubus
1088 3993 1188 4052 ceteri,
1209 4003 1304 4060 parum
1318 3986 1413 4041 latine.

263 4066 306 4122 16.
322 4066 465 4136 propriae]
487 4067 551 4118 Hor.
572 4065 654 4115 Creu.
675 4069 841 4135 -proprie
861 4069 975 4136 priores.

262 4147 306 4199 18.
324 4141 596 4210 circumscripsisset]
626 4138 715 4210 Lugd.
740 4139 806 4191 Hor.
825 4139 903 4193 Man.
928 4141 1010 4192 Creu.
1049 4167 1083 4180 -
1112 4140 1375 4188 circumscriasIsse:
1403 4135 1495 4187 Princ.

186 4213 294 4272 Berald.
318 4212 379 4268 ald.
399 4212 467 4264 Lod.
824 4217 866 4270 19.
886 4214 959 4284 erem]
980 4222 1039 4265 tum
1058 4215 1149 4266 Ptine.
1167 4210 1272 4264 Berald.

262 4291 305 4346 19.
327 4287 445 4358 quidem]
465 4303 521 4339 arn.
540 4289 632 4342 Ptine.
652 4286 759 4342 Berald.
782 4287 841 4342 did.
863 4290 930 4340 Lod.

258 4371 304 4420 20.
321 4359 496 4434 profecerat]
517 4379 570 4414 om.
590 4365 679 4415 runc.
700 4368 808 4435 (spatio
831 4361 947 4433 reticio)
967 4360 1073 4415 Berald.

262 4444 306 4494 21.
326 4436 453 4503 Clodius,
474 4454 534 4486 cum
550 4435 647 4504 adiisse]
669 4436 755 4505 Lngd.
775 4438 1032 4493 annumeres.
1053 4464 1088 4478 -
1114 4434 1239 4488 Clodium
1256 4470 1264 4486 .
1282 4470 1289 4486 .
1307 4469 1336 4488 ..
1356 4467 1385 4485 ..
1407 4430 1497 4505 adduae

187 4518 279 4569 Princ.
301 4511 359 4564 did.
380 4540 416 4552 -
435 4510 549 4565 Clodius
568 4511 656 4563 adbuc
676 4509 781 4568 Berald.
803 4509 870 4566 Lod.

260 4585 331 4641 lbid.
349 4589 489 4656 qrmestor]
510 4595 623 4655 quaestor
641 4590 732 4640 runc.

261 4667 303 4715 22.
324 4670 412 4726 esset,
434 4659 687 4732 deprehensarum,
707 4679 768 4712 crem
774 4665 909 4712 intrasset
917 4662 960 4727 eo]
974 4667 1047 4710 esset
1059 4693 1261 4713 ...........
1269 4663 1311 4707 est
1324 4660 1502 4706 cumintras·

186 4746 229 4789 set
249 4755 280 4788 ea
303 4737 392 4788 Ptine.
412 4735 467 4789 aid.
489 4762 522 4776 -
543 4744 629 4799 esset,
651 4753 684 4787 uc
701 4754 761 4787 cum
778 4740 913 4787 intrasset
928 4753 960 4786 eo
977 4731 1083 4787 Berald.
1104 4731 1169 4785 Lod.
1198 4761 1234 4774 -
1263 4739 1350 4795 esset,
1368 4735 1491 4781 intravit

186 4830 217 4862 ea
237 4815 331 4864 cereri.
352 4836 388 4850 —
407 4811 559 4876 Lacunam,
586 4825 654 4879 qnae
674 4827 714 4864 ear
734 4815 763 4862 tn
779 4809 844 4864 edis.
863 4814 1006 4888 principe,
1030 4807 1195 4882 cipiestrnns
1215 4804 1362 4872 vocabalo,
1381 4821 1436 4874 quo
1458 4802 1491 4856 de
