3210 5280
458 160 508 226 IN
531 162 673 228 ORAT.
696 162 792 229 etto
814 162 989 228 SESTIO.
1321 162 1382 228 305

151 303 197 365 Ea
221 299 341 365 scilicet
363 300 432 378 die,
455 325 517 388 quta
540 313 717 384 spectatum
745 314 876 366 venerat
901 302 993 366 ludos
1016 299 1159 366 Honoris
1186 311 1280 386 atque
1303 301 1384 365 Vir-

64 394 160 468 tutis,
184 394 240 479 qni
262 396 462 457 celebrantur
484 395 514 457 in
539 397 719 459 memoriam
743 408 774 460 et
796 398 970 460 honorcm¹
994 393 1036 460 C.
1060 395 1179 469 Marii,
1205 415 1222 456 a
1245 415 1310 478 quo
1333 415 1384 456 res

64 489 150 550 bello
186 487 349 552 Cimbrico
383 487 520 550 feliciter
551 501 661 572 gestae
693 500 778 553 sunt.
833 488 970 552 lisdem²
1003 488 1083 553 ludis
1117 488 1210 552 ctiam
1245 487 1384 572 populus

65 581 209 665 dignitati
233 580 398 644 Ciceronis
422 583 462 642 ad
483 581 715 645 restitutionem
738 583 932 666 suffragatus
954 592 1016 646 est.

140 704 220 777 LV.
250 698 285 777 1.
312 703 569 779 Lacrimantes
595 707 740 804 gaudio.
1164 758 1167 766 .
1286 744 1288 753 π
1396 747 1410 795 5

151 821 407 887 celebratissima
442 821 574 884 Terenti
607 823 744 887 comici³
775 824 855 885 baec
886 823 1061 887 sententiat
1094 836 1143 889 est
1174 845 1215 887 ex
1247 846 1386 909 persona

65 915 167 1000 patris
196 919 234 978 de
264 915 321 978 lilii
350 915 399 978 sni
427 917 619 980 coutinentia
651 917 860 1002 gratulantis,
895 916 956 981 nisi
983 919 1100 998 fallor,
1138 917 1246 982 iisdem
1280 919 1387 984 verbis

69 1009 222 1086 ,lacrimo
246 1007 405 1093 gandio''.

142 1130 179 1209 2.
207 1134 300 1207 Nam
328 1160 437 1233 quum
466 1146 639 1235 ageretur
665 1146 801 1237 togata.

151 1253 276 1316 Ascanii
306 1251 445 1335 scilicet,
480 1275 544 1335 quo
578 1253 610 1315 in
640 1265 785 1337 tempore
816 1254 975 1338 gloriatur
1003 1267 1122 1318 tantum
1152 1254 1264 1339 populi
1289 1253 1430 1322 luissettt

66 1367 272 1422 consensum,
308 1358 343 1407 nt
372 1357 403 1408 et
429 1346 606 1408 maledicis⁵
631 1349 761 1411 vocibus
790 1348 1016 1426 insectaretur,
1047 1362 1079 1414 et
1104 1363 1214 1416 vottrm
1237 1370 1326 1413 surim
1349 1351 1388 1412 de

67 1439 234 1504 Ciceronis
257 1441 360 1502 reditu
385 1441 552 1504 fateretur.

143 1559 180 1637 3.
219 1564 266 1636 Et
300 1589 438 1663 quaeso
471 1564 542 1639 hoc
574 1569 612 1639 in
638 1568 742 1664 loco,
769 1567 931 1664 iudices,
971 1593 1018 1642 ne
1047 1593 1119 1667 qua
1152 1568 1302 1642 levitate
1330 1592 1386 1642 me
1490 1572 1493 1579 '

67 1678 215 1750 ductum
243 1679 288 1749 ad
315 1679 502 1752 insolitum
528 1704 643 1779 genus
671 1681 817 1753 dicendi
842 1680 918 1753 labi
943 1684 1094 1779 putetis.

152 1794 342 1857 Necessario
365 1795 449 1857 facta
476 1798 537 1842 —⁶
568 1820 697 1874 nervose,
734 1795 882 1880 qnoniam
912 1799 1015 1861 videri
1046 1808 1213 1879 poterata
1243 1795 1328 1859 civili
1357 1806 1432 1862 etit

68 1889 123 1972 [Ρ.
149 1888 216 1970 dd]
241 1889 378 1951 iudiciali
408 1911 526 1971 genere
552 1890 704 1965 deficere,
737 1901 769 1953 et
793 1891 1119 1973 qliaedamlfabulosa
1150 1903 1322 1954 contexere
1351 1893 1389 1952 de

67 1986 164 2044 rebus
190 1984 255 2044 sine
279 1983 376 2044 dubio
400 1983 532 2045 scenicis
560 1995 590 2044 et
615 1984 703 2066 qriasi
726 1984 912 2067 vulgaribus
935 1985 1124 2048 locuturus:
1149 1987 1205 2046 sed
1226 1982 1389 2046 oratorie⁷

68 2080 107 2138 ad
133 2076 279 2138 iudicium
312 2076 455 2157 publicae
478 2076 651 2145 voluntatis
676 2077 814 2140 reflectit
843 2079 921 2140 haec
951 2079 1074 2155 omnia,
1110 2080 1225 2162 quibus
1251 2077 1389 2159 populus

68 2171 203 2232 animum
226 2192 313 2231 sunm
337 2190 398 2251 pro
424 2168 583 2233 Cicerone
607 2171 786 2234 nudaverit.

144 2288 307 2367 LVl.1.
349 2294 402 2365 lle
436 2294 501 2367 illo
536 2304 687 2369 senatus
721 2297 916 2392 consulto,
957 2296 1057 2395 quod
1090 2296 1227 2384 sactum
1261 2306 1318 2368 est
1350 2297 1432 2375 inan

68 2409 204 2504 templo
233 2407 405 2478 Virtutis.

155 2527 204 2588 ilc
234 2545 310 2585 vera
343 2523 468 2607 quidem
503 2524 538 2585 S.
567 2520 608 2586 C.
637 2524 675 2585 de
703 2521 861 2587 Cicerone
887 2522 1070 2587 revocando
1103 2520 1222 2585 iactum
1251 2539 1321 2582 esse
1356 2517 1389 2579 in

68 2619 233 2701 Capitolio
263 2618 395 2691 dicitur;
429 2638 494 2701 quo
522 2617 619 2699 magis
648 2636 812 2679 movemur
840 2617 1079 2680 adseveratione
1109 2614 1295 2688 Ciceronis,
1334 2610 1389 2696 qui

69 2733 152 2775 nitnc
168 2713 250 2773 dieat
272 2711 301 2772 in
326 2711 443 2791 templo
460 2709 600 2772 Virtutis
626 2709 688 2774 boc
714 2731 783 2772 esse
805 2714 982 2786 decretum,
1007 2732 1103 2796 qrisrm
1124 2723 1271 2790 tempore
1296 2706 1389 2768 ludo·

68 2828 158 2880 etim,
176 2805 229 2886 qtii
244 2804 383 2867 Virtutis
407 2815 438 2866 et
454 2804 596 2867 Honoris
612 2803 817 2879 dicebantur,
843 2802 1107 2867 adclamationes⁸
1129 2801 1239 2884 populi
1254 2797 1386 2862 reditum
1399 2819 1431 2869 25

68 2899 122 2962 M.
153 2897 249 2960 Tullii
274 2897 507 2981 flagitaverint,
531 2906 657 2959 senatus
679 2917 758 2960 vero
786 2895 862 2959 nibil
888 2896 1003 2959 ibidem
1029 2895 1192 2959 statuerit:
1227 2891 1335 2956 nisisi
1357 2901 1389 2955 et

71 2991 116 3054 ibi
136 2991 223 3055 torte
246 2994 405 3054 decretum
430 3002 489 3053 est.

143 3110 180 3187 2.
209 3115 380 3191 Summus
408 3114 556 3187 artifex.

152 3233 276 3298 Act0r⁹
299 3233 359 3295 illis
375 3233 573 3312 temporibus
594 3229 805 3294 nobilissimus
827 3229 1021 3314 tragicorum
1031 3232 1056 3270 ¹⁰
1076 3229 1256 3292 fabularum
1280 3224 1388 3296 Aeso-⁰

67 3349 127 3410 pus
154 3326 259 3410 egisse
283 3327 407 3388 videtur
432 3310 704 3400 acutissimam,
729 3346 809 3408 quae
830 3324 981 3388 scribitur
1006 3326 1186 3404 Eurysace3
1210 3323 1253 3386 ita
1277 3337 1311 3386 ut
1331 3346 1431 3406 perso

69 3442 193 3484 omnem
224 3421 357 3483 actionis
386 3443 512 3482 cursum
542 3433 685 3501 tempora
714 3417 762 3481 rei
796 3441 830 3501 p.
857 3417 1130 3503 significarentur,
1169 3429 1199 3478 et
1218 3417 1387 3502 quidemst

69 3513 239 3578 Ciceronis
265 3515 394 3577 lortnua
418 3514 656 3596 deploraretur;
679 3532 720 3575 ex
736 3534 799 3596 quo
816 3512 892 3575 illud
913 3514 1052 3595 probare
1076 3510 1254 3584 contendit,
1280 3533 1389 3576 omnes

71 3628 207 3689 prorsus
237 3607 378 3670 homines
410 3606 502 3669 etiam
533 3605 655 3670 infimae
686 3606 786 3689 plebis
820 3604 1014 3672 restitutioni
1045 3626 1122 3669 suae
1152 3603 1389 3686 promptissime

70 3699 267 3783 refragatos.

144 3929 168 3975 l.
189 3930 249 3975 Cod.
264 3932 290 3974 in
303 3931 438 3975 metnorine
457 3927 573 3975 bonorem
586 3937 618 3975 rt.
657 3928 682 3978 2.
703 3931 763 3975 Cod.
784 3928 876 3976 sedem.
914 3928 938 3978 3.
959 3933 1019 3977 Cod.
1037 3934 1135 3979 eomcii.
1174 3931 1199 3978 4.
1223 3934 1283 3980 Cod.
1296 3936 1389 3982 sentio.

214 4000 237 4045 5.
258 4001 319 4048 Cod.
339 4000 491 4045 maledie-tie.
529 3999 641 4058 (Videtur
668 4002 784 4046 excidisse
808 4000 922 4047 hbllum
948 4005 984 4048 vel
1008 4001 1129 4049 OEodiuen.
1161 4001 1222 4060 Oa.)
1259 4002 1283 4049 6.
1303 4005 1390 4060 supple

214 4071 353 4114 vocabulum
372 4072 416 4115 Gr.
455 4068 480 4115 7.
499 4070 560 4115 Cod.
580 4071 716 4114 oratoriae.
753 4069 778 4115 8.
798 4072 858 4115 Cod.
879 4071 1092 4127 adclamationie;
1112 4075 1230 4129 iprae,
1250 4088 1391 4132 quamquain

211 4146 249 4184 est
269 4142 360 4195 primos
381 4154 463 4194 cesos,
495 4141 561 4184 enine
583 4142 646 4184 modi
664 4141 771 4195 exemplo
798 4141 820 4184 in
843 4141 964 4187 Frontone
992 4155 1084 4199 qucqoe
1104 4149 1241 4187 occurrunt.
1279 4142 1303 4191 9.
1328 4145 1389 4189 Cod.

211 4216 307 4254 ductor.
348 4206 388 4254 to.
408 4211 469 4254 Cod.
489 4209 640 4254 norissimus
653 4208 806 4272 flagitarem
830 4216 855 4255 et
878 4224 933 4255 nior
951 4209 1094 4270 Eurysace.
1131 4213 1204 4268 (Turn
1228 4215 1275 4272 leg.
1298 4213 1390 4257 inseri·

211 4279 288 4323 bitur.
318 4280 378 4333 Oa.)
417 4278 456 4323 ll.
476 4279 537 4324 Cod.
557 4278 672 4338 quodum.
709 4278 772 4333 (Nisi
793 4280 1126 4340 tuttpoumquedammoda.
1162 4282 1224 4327 'forn
1246 4293 1290 4338 pro
1308 4280 1390 4342 resto.

210 4356 284 4409 gatos
303 4350 457 4404 exspectabas
474 4346 645 4410 euffrogutoe,
666 4352 691 4393 ot
708 4362 780 4404 snpra
797 4349 862 4394 ΒΝ.
883 4347 907 4398 i.
934 4349 994 4406 0..)

168 4477 195 4529 8.
217 4468 333 4541 Adelph.
355 4469 406 4523 ill.
426 4472 455 4528 5.
476 4472 521 4528 55.
541 4467 585 4525 etl.
605 4468 788 4524 Westerltoe.
807 4484 852 4524 sn.
876 4470 1106 4524 Mnccxxxtt.

150 4549 194 4599 27.
215 4544 314 4597 Recole
334 4549 513 4619 interpretem
535 4560 660 4597 nostrum
681 4543 715 4596 ed
735 4543 913 4599 Planctaosrn
935 4545 1054 4600 ΧΧΧΙΙ.
1077 4553 1102 4601 2.
1122 4567 1150 4620 p.
1171 4549 1215 4603 79.

150 4625 197 4678 30.
219 4624 357 4673 l‘ouanuu
386 4625 414 4674 tn
442 4624 520 4673 accit
546 4621 683 4693 Eurysace
713 4619 803 4694 (cutus
824 4635 926 4694 paucae
946 4635 1038 4674 exram
1060 4618 1204 4696 reltqotae)
1223 4619 1394 4696 fragments,

73 4710 142 4770 quse
164 4694 272 4747 Tulltus
294 4699 403 4749 recitet.
444 4695 479 4749 Et
498 4710 563 4750 nore
583 4694 717 4748 scribitur
735 4712 787 4770 pro
804 4696 983 4774 inscribitur,
1003 4700 1043 4752 uti
1065 4715 1107 4752 eet
1126 4698 1228 4756 thlll.
1247 4705 1274 4758 2.

118 4797 242 4843 seruum.
258 4799 280 4839 a
295 4797 341 4839 u..
357 4798 402 4839 vu.
418 4797 443 4837 v.
458 4797 478 4841 s.
1059 4772 1101 4837 90
