3210 5280
341 803 812 1010 scn'onnsrn
864 864 1399 976 cnonovninos

842 1154 898 1214 IN

214 1305 1580 1460 o1cn'non1'sn1v1nsr1onnn1.

605 1831 652 1934 Q.
698 1830 1139 1923 crncrnwn.

298 2289 385 2373 Cap.
407 2289 438 2354 1.
461 2286 494 2352 3.
531 2287 587 2353 Ne
608 2286 691 2352 deos
710 2285 861 2373 quidem]
895 2286 914 2324 ⁸
942 2285 961 2324 ⁶
984 2287 1002 2323 ⁸
1023 2309 1057 2352 n.
1081 2308 1111 2356 e.
1133 2287 1167 2350 h.
1191 2306 1271 2372 ergo
1293 2282 1458 2350 hominnm
1482 2306 1539 2348 sn·

212 2381 322 2448 xilinm
346 2381 478 2455 defecit,
503 2384 559 2444 sed
574 2383 706 2450 deorrun
721 2391 832 2445 restat.
875 2384 970 2446 Haec
989 2401 1057 2444 oro
1076 2379 1227 2453 tuebitur
1248 2379 1375 2443 omnis.
1422 2377 1541 2442 Voluit

212 2474 311 2563 igitur
333 2477 500 2539 ostendere
522 2473 648 2539 Siculos
674 2473 767 2537 etiem
796 2474 1002 2540 novissimum
1027 2473 1202 2556 perdidisse
1223 2469 1422 2556 perfugium.

298 2571 367 2635 Ex·
381 2568 545 2650 delubris]
566 2567 709 2633 Delubra
726 2567 875 2630 dicuntur
888 2567 1025 2650 templu
1049 2565 1252 2632 nihilominus
1268 2576 1373 2628 tamen
1392 2574 1426 2626 et
1441 2564 1539 2627 simn-

171 2661 321 2738 ttlacrs,
346 2664 386 2724 eb
409 2681 449 2726 eo
471 2663 560 2745 qnod
580 2660 755 2724 dolantur.
799 2661 862 2724 Hie
887 2683 967 2726 vero
990 2663 1104 2744 temple
1127 2660 1297 2745 significat.
1341 2659 1408 2723 Alii
1430 2658 1539 2722 dicunt

213 2755 285 2820 locs
301 2753 355 2817 illa
369 2755 490 2817 interna
514 2754 704 2835 templorum
727 2774 797 2817 esse
820 2753 966 2829 delubra,
991 2754 1046 2818 nbi
1065 2775 1146 2838 aqna
1163 2752 1324 2819 hominnm
1348 2752 1538 2815 deluuntur

213 2859 363 2934 peccatu
387 2857 441 2909 nint
464 2845 548 2924 illo,
562 2867 643 2931 quse
668 2858 739 2910 ante
762 2847 878 2930 temple
903 2859 975 2910 sunt
996 2847 1063 2911 sine
1089 2860 1175 2911 tecto
1201 2859 1231 2909 et
1247 2866 1330 2932 quiae
1344 2845 1454 2928 pluvia
1478 2845 1538 2907 de·

212 2943 373 3014 lmenturr
396 2947 449 3005 ant
471 2939 525 3002 ubi
548 2960 628 3022 aqua
650 2941 752 3022 posita
777 2952 844 3016 est,
867 2953 899 3003 nt
922 2939 1135 3024 ingredientes
1155 2941 1186 3004 in
1208 2939 1325 3023 templs
1350 2939 1537 3024 spargendo

213 3056 249 3101 so
272 3037 432 3111 delnant,
457 3033 655 3118 purgationis
678 3053 773 3096 cansa
796 3036 857 3097 hoc
878 3033 998 3097 scilicet
1019 3033 1184 3097 facientes.

123 3199 124 3202 Ἴ
170 3144 202 3194 st
295 3133 388 3212 Quas
410 3149 466 3191 res
487 3126 648 3191 lrtxreries
669 3127 705 3190 in
715 3127 894 3220 flagitiis]
929 3127 1068 3210 Propria
1092 3124 1225 3211 singolis
1246 3123 1397 3188 reddidit.

297 3225 363 3288 Per
384 3217 571 3284 trienninm
588 3220 788 3302 pertulisse]
818 3219 974 3286 Triennio
1001 3221 1081 3284 enim
1113 3221 1235 3284 Verres
1261 3219 1326 3303 egit
1351 3215 1536 3301 praeturam

212 3312 246 3381 in
276 3314 402 3388 sieilia
437 3334 530 3375 nnrnn
563 3333 675 3374 annuum
707 3334 816 3387 snnm3
850 3312 982 3376 alterum
1016 3325 1152 3397 propter
1177 3312 1265 3376 Arrii
1293 3323 1452 3386 mortem,
1482 3310 1538 3396 qni

218 3428 423 3472 successurus
439 3404 541 3468 Verri
562 3403 754 3468 iterfaciens
771 3406 801 3469 in
820 3406 958 3470 Siciliam
971 3406 1000 3470 in
1013 3408 1064 3469 via
1083 3405 1235 3480 de'cessit3
1259 3405 1387 3468 tertium
1400 3417 1541 3488 propter

214 3500 383 3588 fugitivos.
430 3499 496 3564 Alii
520 3510 623 3562 antem
650 3498 752 3577 aiunt,
783 3502 951 3570 secundnm
980 3513 1116 3585 propter
1144 3499 1319 3585 fugitivos,
1350 3511 1381 3562 et
1408 3498 1537 3563 tertium

171 3609 204 3661 rt
214 3607 350 3682 propter
372 3593 517 3658 Arrium.

298 3692 439 3771 Rogare
460 3698 493 3750 et
514 3684 631 3766 orare]
654 3684 1017 3772 Rogamushornines,
1042 3710 1184 3752 oramees
1206 3689 1296 3752 deos.
1338 3686 1400 3751 Est
1424 3697 1457 3750 et
1476 3687 1538 3750 alia

214 3783 409 3864 differentie;
434 3801 599 3866 rogamus
623 3780 751 3855 verbis,
775 3793 917 3844 oramus
932 3781 1038 3857 vultu,
1062 3781 1217 3857 lacrimis,
1243 3790 1347 3864 gestu.
1392 3782 1537 3863 Rogare

214 3889 246 3941 et
260 3877 478 3960 interrogare
492 3874 666 3961 significat,
681 3884 713 3938 et
726 3895 830 3938 orare
844 3895 954 3938 causas
970 3875 1093 3951 dicere;
1117 3886 1152 3939 nt
1165 3873 1339 3960 Virgilius:
1363 3875 1537 3948 ,orabunt

214 3991 338 4047 coruos
360 3969 515 4035 melins.”
579 4025 584 4035 .
960 3982 961 3985 ’

171 4078 203 4130 rt
300 4063 385 4149 Cap.
408 4068 457 4130 11.
481 4065 513 4128 lt.
548 4061 629 4128 Tuli
649 4061 805 4146 graviter
825 4073 859 4125 et
879 4063 1014 4137 acerbe,
1038 4061 1181 4142 indices]
1210 4061 1357 4126 Dicendo
1379 4061 1538 4145 graviter

213 4159 339 4243 pondus
361 4157 483 4222 doloris
506 4156 656 4230 ostendit3
682 4154 820 4233 acerbe,
844 4159 932 4241 quod
954 4156 1068 4220 diutius
1091 4155 1257 4220 doluisset.

226 4246 232 4256 ’
298 4249 449 4334 Addner]
472 4250 580 4315 Dolor
601 4260 633 4314 et
654 4248 823 4311 acerbitas.

305 4541 333 4598 6.
353 4557 380 4593 rr.
400 4556 427 4591 a.
447 4533 474 4591 le.
492 4537 579 4606 ergo]
600 4533 649 4590 Gr.
670 4532 733 4589 seh.
752 4549 790 4587 ω
809 4571 844 4589 ..
867 4535 1035 4603 ‚Hoefergo
1048 4533 1083 4589 G.
1124 4541 1150 4594 7.
1170 4538 1366 4597 senam.
1406 4537 1455 4593 19.
1477 4535 1537 4589 Del.

213 4624 244 4669 st
257 4613 323 4670 Soli.
362 4619 406 4673 25.
428 4619 495 4668 Aen.
513 4613 547 4676 6,
562 4614 626 4668 850.
665 4615 710 4666 27.
731 4609 827 4676 „Foro
847 4611 921 4683 qnod
937 4615 1039 4662 iustlrss
1057 4609 1146 4662 dolra't
1165 4628 1197 4662 eo
1208 4627 1238 4660 se
1251 4609 1371 4671 adduco·
1390 4626 1419 4665 et
1432 4610 1538 4666 ridetur

213 4688 333 4746 alludere
351 4688 399 4744 lv,
412 4686 496 4743 eestl.
518 4693 546 4745 1.
566 4702 660 4738 omnes
679 4686 863 4756 acerbitates,
884 4703 978 4739 omnes
995 4685 1116 4740 dolone.
1136 4687 1262 4742 Gronov.
