3210 5280
398 161 448 226 IN
472 160 615 226 otton.
639 157 733 226 PRO
756 160 883 225 REGE
911 158 1171 225 DEIOTARO.
1384 159 1445 223 423

209 299 424 384 Quibusdam
453 301 693 381 incommodis]
735 301 784 364 Ne
811 299 957 364 videatur
984 299 1083 363 iratus
1114 298 1255 366 voluisse
1284 300 1443 368 occidere.

123 395 208 458 Nam
231 393 259 458 si
284 394 415 459 dixisset
439 407 561 478 partem
588 402 699 485 regni,
736 415 816 479 ergo
842 393 916 459 ideo
938 393 1037 457 iratus
1060 397 1123 458 hoc
1143 396 1232 459 iecit.
1263 443 1267 450 .

210 489 440 572 Quamobrem
462 492 526 556 lsoc
547 512 611 557 nos
636 507 746 571 metu,
771 489 917 570 Caesar]
939 486 1085 552 Venistis
1107 509 1195 573 pars.
1239 491 1334 576 Ergo
1360 511 1446 576 rogo

123 591 175 660 te,
199 603 239 645 ne
262 585 364 646 adhuc
385 581 544 649 irascaris.

210 678 268 740 Τιι
288 687 384 740 uetus
407 678 597 761 hospitium
618 702 784 749 renovare
805 675 958 758 uoluisti]
989 675 1089 757 Quasi
1113 698 1176 743 nou
1202 676 1262 743 iste
1282 677 1470 756 invitaritss

121 789 164 832 ne
186 769 332 833 videatur
353 772 393 832 ad
415 771 541 836 insidias
565 774 728 841 invitasse.
774 776 827 837 Tu
852 780 968 853 sponte
990 769 1095 854 egisti.

209 864 242 927 9.
265 866 501 948 Quamquam,
525 868 583 931 cui
602 876 689 934 sunt'
706 868 883 933 inauditae
898 886 977 927 eum
990 865 1161 930 Deiotaro
1175 864 1347 952 querelae]
1391 869 1444 932 Eo

122 969 290 1039 tempore,
321 978 387 1041 quo
412 959 586 1024 Deiotarus
619 962 650 1026 in
673 977 796 1048 partem
822 957 991 1027 transierat
1012 959 1177 1041 Pompeii,
1202 962 1285 1024 dedit
1316 965 1444 1024 adeum

122 1051 234 1115 literas
257 1049 395 1115 Cacsar:
420 1056 558 1136 „Turpe
584 1069 643 1120 est.
688 1058 733 1121 Et
755 1075 818 1138 ego
834 1051 950 1116 amicus
967 1062 1036 1113 tuus
1052 1051 1112 1116 sui.
1158 1053 1248 1132 Quae
1264 1075 1357 1117 causa
1376 1067 1442 1132 est,

123 1157 158 1208 ut
188 1146 229 1206 ad
254 1146 442 1227 Pompeium
469 1148 647 1214 transires?
683 1153 748 1215 Sed
776 1149 911 1233 ignosco
941 1145 1016 1221 tibi,
1050 1144 1078 1208 si
1108 1158 1235 1210 secutus
1268 1169 1301 1211 es
1329 1162 1493 1213 nomento·

122 1250 267 1302 senatus.
312 1239 408 1304 Mitte
430 1242 604 1306 exercitum
635 1240 814 1326 Pompei03
849 1240 936 1302 mitte
963 1238 1075 1301 filium.
1119 1241 1171 1302 'l'u
1197 1250 1317 1304 tantum
1346 1263 1444 1306 excu-

122 1330 247 1395 satione
269 1344 378 1409 utere,
402 1335 475 1418 quia
501 1358 597 1399 senex
626 1337 695 1401 cs.”
753 1335 808 1400 Sic
836 1354 918 1418 ergo
941 1354 1011 1396 eum
1039 1346 1245 1398 accusaverat
1265 1357 1331 1399 non
1354 1336 1444 1423 quasi

121 1425 267 1500 hostem,
292 1428 348 1489 sed
369 1429 460 1513 quasi
482 1430 636 1511 perfidum
660 1429 807 1494 amicum.

208 1519 331 1604 Neque
351 1522 441 1586 enim
463 1524 519 1589 ille
540 1526 621 1589 odio
643 1526 709 1606 tui]
743 1525 859 1588 Adhuc
889 1520 907 1556 ⁴*
930 1519 948 1557 ⁶
972 1520 990 1556 *

208 1611 293 1694 Cap.
316 1616 380 1680 xl.
405 1617 458 1680 37.
484 1661 493 1681 .
519 1661 528 1681 .
555 1662 564 1683 .
589 1663 599 1682 .
622 1619 667 1683 tio
693 1618 822 1680 tribuno
845 1613 964 1697 plebis3
997 1613 1117 1679 interea
1138 1616 1299 1682 Domitius
1320 1617 1486 1684 subimus

122 1705 310 1769 Nuntiatum
325 1721 374 1771 est
396 1709 446 1786 ei,
471 1732 582 1774 servus
603 1711 732 1786 Scauri,
758 1710 804 1773 rei
818 1708 882 1784 tui,
909 1707 1009 1772 venit.
1053 1710 1131 1783 „At
1147 1732 1212 1786 me,
1230 1711 1350 1796 inquit,
1368 1713 1444 1796 quid

123 1798 264 1862 venit?''
296 1802 377 1864 vnn
403 1824 437 1866 se
461 1804 594 1868 admitti.
639 1806 809 1890 Ingressus
835 1822 966 1865 servus:
1002 1805 1132 1882 „Ecce,
1156 1804 1277 1888 inquit,
1303 1807 1441 1884 domine,

123 1894 248 1956 chartas
288 1895 398 1972 attuli,
433 1900 549 1982 quibus
583 1900 686 1980 possis
719 1899 867 1959 damnare
895 1895 1069 1960 dominnm.
1135 1900 1228 1962 Tarne
1260 1901 1441 1977 Domitius,

122 1987 366 2067 ,Vinciatur,”
389 1990 499 2076 inquit.
545 1990 679 2056 Chartae
699 1991 746 2056 illi
768 1993 807 2052 ad
829 1990 946 2053 collum
969 1989 1132 2074 suspendit
1157 2004 1189 2056 et
1213 1994 1385 2058 transmisit
1405 1996 1444 2059 ad

120 2081 284 2145 dominum
305 2103 435 2146 servum
459 2095 491 2148 et
516 2083 616 2147 dixita
643 2083 809 2170 „corrige
831 2104 957 2147 servum
980 2085 1104 2148 tuum.'’
1453 2099 1485 2150 at

209 2174 294 2258 Cap.
318 2178 401 2242 XII.
424 2178 477 2242 33.
511 2179 725 2244 Blaesamius
746 2178 838 2259 (sic)]
877 2178 1002 2242 Romae
1027 2178 1101 2242 tuin
1145 2179 1197 2244 De
1229 2182 1308 2243 serbe
1338 2182 1443 2245 Roma

121 2267 249 2332 solebat
269 2271 412 2335 scribere
437 2275 478 2334 ad
498 2273 709 2338 Deiotarum:
734 2274 895 2344 ,Securus
922 2282 1010 2345 cst0;
1034 2270 1155 2336 Caesar
1180 2272 1212 2336 in
1234 2272 1350 2336 invidia
1373 2287 1441 2339 est:

120 2382 194 2425 nam
218 2363 325 2445 posuit
355 2365 414 2428 sibi
435 2378 568 2430 statuam
591 2366 673 2430 inter
694 2386 802 2450 reges.
847 2365 952 2428 Nemo
974 2364 1019 2428 illi
1045 2366 1211 2447 plaudet.’'

207 2462 306 2525 Mate
328 2461 460 2525 dicebat
480 2462 559 2542 tibi]
581 2463 658 2525 Non
680 2471 788 2542 potest
809 2457 888 2533 dici,
912 2461 1176 2541 quemadmodum
1195 2460 1291 2525 vertit
1310 2461 1441 2527 crimen.

122 2551 187 2633 Qui
208 2553 336 2628 obiicit,
361 2558 448 2638 quod
468 2577 533 2618 non
555 2565 603 2618 est
618 2554 796 2626 obiectum,
821 2550 889 2634 ipsc
904 2550 965 2613 sibi
985 2550 1064 2615 facit
1077 2553 1234 2617 iniuriam.
1278 2557 1363 2619 Puta
1380 2569 1486 2642 egeas

120 2644 215 2711 dico:
249 2647 376 2711 dicebat
400 2652 439 2712 de
464 2662 514 2725 tc,
550 2647 621 2732 quia
647 2648 731 2711 latro
755 2657 817 2711 est.
862 2645 967 2725 Quum
996 2645 1056 2710 iste
1080 2668 1114 2711 se
1139 2648 1347 2733 purgaverit,
1378 2671 1441 2735 ego

119 2738 180 2803 tihi
200 2740 264 2805 feci
285 2742 428 2806 iniuriam
452 2743 573 2828 utiqsie.

210 2835 263 2898 34.
288 2839 324 2900 Is
344 2836 529 2915 Blesamio]
567 2839 668 2912 Nam,
704 2834 732 2899 si
756 2835 847 2899 locus
878 2833 973 2896 affert
999 2831 1171 2912 invidiam,
1205 2837 1309 2899 niellus
1335 2848 1383 2901 est
1404 2839 1444 2901 ad

120 2938 275 3003 statuam;
308 2930 430 3005 idest,
461 2930 488 2994 si
513 2928 702 2994 invidiosum
725 2929 830 2993 locum
856 2926 1004 3011 qnaeris,
1035 2927 1066 2990 in
1091 2927 1168 2993 foro
1193 2928 1306 2992 multas
1328 2931 1440 3007 habet3

121 3044 193 3087 nam
219 3046 332 3108 regum
354 3036 477 3088 statuae
498 3024 528 3087 in
553 3027 701 3087 abstruso
724 3034 795 3085 sunt
817 3023 891 3085 loco
914 3021 1105 3084 collocatae.
1452 3039 1485 3089 so

209 3116 291 3200 Cap
315 3118 417 3182 Xlll.
441 3119 494 3182 36.
526 3122 646 3183 Tauro
672 3117 785 3197 tenus]
822 3115 932 3198 Usque
958 3116 997 3177 ad
1023 3115 1165 3178 Taurum
1195 3128 1350 3252 montem,
1385 3118 1442 3205 qui

122 3210 236 3275 dividit
257 3211 368 3293 Asiam
390 3224 422 3276 et
449 3211 589 3276 Suriam.

206 3303 334 3370 omnia
355 3317 395 3368 tu
414 3308 583 3372 Deiotaro
604 3303 772 3385 tribuisti]
809 3300 914 3381 Vide,
944 3244 1206 3387 quemadmodum
1228 3304 1371 3382 laborat,
1402 3326 1442 3369 ne

121 3399 298 3463 ostendat
289 3412 371 3463 irate
392 3413 485 3482 parte
509 3402 669 3463 multatum
693 3398 798 3481 regni.
1545 3480 1552 3492 ο

206 3494 260 3556 37.
282 3497 329 3558 Et
350 3493 539 3578 peperisse]
570 3494 698 3579 lnquit:
727 3489 918 3582 antefertis
936 3506 970 3559 et
990 3492 1173 3558 haberem
1197 3493 1328 3577 animo]
1351 3493 1484 3559 Dixitts

119 3586 348 3679 antefertis:
370 3592 506 3652 secunda
528 3611 614 3670 pars.

205 3688 354 3746 Senatus
380 3705 461 3747 nero
490 3682 619 3745 iudicia
648 3681 689 3744 de
716 3682 869 3746 illatam
894 3682 1017 3765 maella]
1053 3682 1120 3746 Iam
1151 3671 1306 3760 ostendit,
1343 3703 1441 3765 quare

121 3774 234 3836 debeat
255 3774 332 3838 illi
323 3776 465 3857 ignosci,
491 3774 564 3859 quia
592 3787 733 3838 senatum
755 3789 881 3840 secutus
903 3787 963 3839 est.

205 3870 298 3956 Quid
324 3871 365 3932 de
386 3869 512 3933 virtute
534 3869 608 3932 eius
629 3868 780 3953 dicaml]
818 3872 870 3934 Aa
896 3856 1048 3947 animnin,
1073 3867 1292 3952 peripatetice.

206 3966 289 4048 Cap
310 3965 410 4031 xiv
434 3964 488 4029 39.
512 3965 649 4028 Laboro
664 3963 819 4046 equidem
834 3965 928 4048 regis
942 3963 1103 4029 Deiotari
1116 3964 1237 4045 eausa]
1260 3961 1438 4049 Epilogus3
1452 3970 1484 4020 ⁴⁰

120 4059 195 4146 quia
217 4060 264 4125 sic
286 4062 382 4125 debet
404 4070 516 4124 orator
541 4056 605 4120 labi
630 4058 669 4121 ad
692 4055 875 4141 epilogum,
900 4078 939 4120 nc
961 4055 1127 4121 sentiatur.

195 4279 221 4328 1.
240 4272 288 4324 ste
308 4265 365 4323 fere
384 4265 545 4342 legendnm:
565 4286 621 4320 non
640 4267 714 4320 dieu
730 4276 816 4337 parte
834 4271 916 4337 regni
936 4265 1124 4337 (multatum),
1142 4264 1190 4320 sed
1208 4267 1282 4337 quibs
1282 4267 1371 4320 sedern
1389 4274 1439 4322 tn-

115 4344 268 4400 commodis
286 4343 469 4418 (affectums.
489 4340 642 4418 afflictam
662 4360 692 4397 ut
711 4340 778 4415 legit
796 4360 860 4397 cum
882 4342 942 4394 alita
963 4340 1087 4408 schot),
1105 4360 1140 4394 ne
1158 4342 1265 4395 videon
1264 4362 1291 4394 ιι
1310 4361 1363 4397 cst.
1384 4346 1438 4401 Os.

117 4429 144 4479 2.
164 4419 309 4488 Nans1G.
330 4419 440 4474 Gr.-
467 4437 523 4472 non
543 4418 607 4474 sch.
647 4422 690 4477 15.
711 4419 784 4472 Hinc
803 4422 897 4471 omnia
918 4434 1002 4489 usque
1022 4416 1056 4469 ad
1077 4416 1159 4474 finem
1179 4423 1250 4471 mles
1269 4419 1438 4494 negligentia

118 4500 274 4549 omiserunt
300 4510 326 4548 st
348 4497 479 4549 Graevius
509 4511 536 4548 et
565 4494 739 4547 Schustsius.
789 4496 832 4551 16.
851 4494 941 4545 Seour
908 4496 965 4561 ιιιι]
985 4495 1033 4547 sie
1053 4497 1163 4567 scripsi.
1195 4524 1232 4537 -
1259 4495 1324 4548 Scae
1323 4496 1436 4552 serssG.

117 4576 161 4700 g·
183 4571 443 4626 ιιιυοιιιιιιιοι.
482 4575 529 4626 20.
550 4569 704 4640 deminutum]
726 4566 840 4622 dett.
861 4569 996 4622 Grouosii
1019 4574 1258 4623 correctione·
1279 4572 1438 4623 Domitium

117 4647 237 4705 0.26.
258 4647 321 4720 Lsg
341 4663 379 4700 es.
418 4647 465 4708 51.
484 4648 571 4725 irate]
592 4645 760 4728 „Superum
781 4660 881 4703 ucum
900 4643 969 4706 linl'
996 4643 1123 4708 Gnoses.
1147 4648 1189 4719 (us
1207 4650 1244 4707 stt
1263 4650 1370 4706 tratum
1395 4646 1437 4706 vel

117 4685 164 4781 iris
183 4726 264 4798 tum.)
