3210 5280
210 212 273 277 198
636 208 840 279 SCHOLIA
865 205 1115 272 BOBIENSIA

297 351 543 417 Consttltissimo
568 361 815 434 temperamento
836 350 887 409 et¹
911 345 953 411 C.
976 345 1143 410 Caesarem
1168 344 1353 429 perstringit
1374 343 1538 418 inridi22,

211 457 243 509 et
264 456 366 507 tamen
394 445 468 507 nihil
500 459 624 529 accusat
656 457 778 509 exerte.
823 444 914 506 Haec
942 441 1023 502 enim
1052 442 1111 482 -³
1143 461 1203 520 qua
1231 441 1306 500 dicit
1334 438 1456 500 multos
1488 436 1537 498 sic

212 537 381 618 opinatos,
418 538 555 600 ostendit
587 560 695 601 verum
723 536 838 609 luisse;
874 546 904 596 et
927 536 1067 597 medetur
1090 530 1169 607 sibi,
1199 553 1236 593 ue
1261 533 1426 600 offendat,
1461 532 1536 590 dunt

212 629 314 691 adiicit
336 630 418 692 salso
441 633 593 714 quosdam
618 634 756 693 locutos.
801 629 854 692 sie
877 649 935 690 nec
954 627 1070 691 omittit
1092 623 1296 688 acerbitatem
1318 637 1349 688 et
1374 627 1536 686 honorem

187 734 201 782 t
213 745 369 806 personae
382 724 529 787 ¹debitum
551 735 672 788 servat.

285 842 321 920 2.
350 847 467 946 Quum
496 845 700 947 quidem*
691 875 728 920 tn
755 849 927 921 contione
954 848 1121 918 dixisset

296 963 434 1027 Videtur
456 964 525 1028 istic
549 966 628 1028 vel
620 988 721 1050 tpstttn
745 965 895 1029 Pisonem
918 965 990 1040 vel,
1015 964 1102 1042 qnod
1123 963 1163 1024 ab
1185 959 1254 1023 aliis
1276 959 1441 1043 proditum
1466 972 1533 1033 est,

211 1040 380 1120 Gabinium
402 1057 593 1143 significare.

271 1181 372 1338 ⁵XX.
401 1174 435 1255 1.
464 1182 518 1255 Te
528 1193 625 1280 ,te,
650 1188 791 1283 patria,
818 1194 962 1278 testor,
989 1192 1026 1255 et
1051 1206 1140 1275 vos,
1166 1188 1320 1277 penates
1344 1179 1534 1275 patriique

169 1291 262 1365 tedii
288 1347 297 1367 ‚
328 1333 372 1347 -
404 1335 447 1346 -

296 1410 353 1490 [Q.
378 1289 511 1473 mitit.
536 1411 577 1473 P.
601 1409 671 1489 5l.]
714 1411 817 1475 Etiam
846 1435 887 1476 ex
912 1414 975 1476 hoc
998 1410 1121 1472 landem
1148 1407 1296 1470 discessui
1320 1428 1380 1469 suo
1404 1417 1438 1468 et
1459 1405 1533 1489 glo-

211 1504 290 1566 riam
315 1503 411 1565 veluti
436 1503 541 1565 denuo
568 1516 774 1569 conservatae
801 1506 846 1570 rei
874 1528 906 1588 p.
931 1515 1029 1568 tentat
1055 1502 1251 1575 adsciscere,
1276 1503 1363 1586 quod
1387 1500 1534 1560 tualnerit

212 1597 291 1657 urbe
310 1596 475 1670 decedere,
503 1617 594 1679 quam
610 1595 819 1661 dimicationis
839 1598 930 1662 obire
945 1597 1132 1668 lortttnarn„
1163 1595 1310 1674 Quanta⁶
1333 1594 1414 1654 haec
1433 1593 1534 1675 igitur

170 1687 428 1844 ¹⁵Rizititpr'tttoritt
451 1700 517 1763 est,
551 1700 584 1752 ut
608 1688 735 1752 exilium
763 1713 891 1776 quoque
915 1692 1015 1773 tnagis
1042 1688 1167 1752 virtutis
1196 1689 1264 1751 eius
1291 1709 1384 1773 quant
1408 1707 1533 1768 poenae

287 1905 392 1979 xxi.
423 1897 457 1978 1.
505 1907 552 1980 Ut
594 1906 657 1981 alii
695 1909 862 1984 dicerent
898 1910 1039 1982 animos
1079 1906 1265 1982 hominum
1303 1900 1534 2002 sensusque'

211 2027 331 2090 morte
365 2019 567 2117 restingui3
605 2019 666 2092 alii
704 2030 822 2098 autem
859 2032 934 2097 turn
962 2029 1102 2093 mentes
1128 2018 1283 2089 manime
1310 2015 1533 2111 sapientium

98 2119 102 2125 ¹
211 2155 255 2207 ac
281 2130 432 2203 tortium
466 2132 655 2227 virorum,
690 2158 799 2232 quum
827 2133 871 2210 e⁸
899 2156 1058 2233 corpore
1086 2129 1356 2221 excessissent,
1384 2128 1528 2214 sentire

214 2267 257 2316 ac
287 2245 424 2342 vigere.

168 2374 201 2431 tt
295 2359 482 2423 Plenissime
504 2371 678 2425 tractentur
702 2363 779 2424 haec
802 2372 833 2424 et
861 2360 994 2442 abipso
1024 2358 1181 2424 Cicerone
1206 2356 1235 2418 in
1260 2354 1365 2437 primo
1390 2354 1531 2436 ‹lisputa-

218 2451 336 2517 tionum
361 2453 681 2528 T‘usculaoerum,
672 2477 702 2517 tu
725 2476 790 2539 qno
813 2458 852 2518 de
879 2468 979 2518 morte
1007 2453 1189 2524 disseritttr;
1221 2461 1251 2512 et
1277 2471 1292 2510 a
1320 2450 1458 2512 Platone
1483 2448 1529 2508 vel

211 2547 347 2607 maxime
369 2544 399 2607 in
423 2544 551 2629 dialogo
575 2547 764 2625 (tharim
743 2574 786 2627 η
778 2554 850 2637 περὶ
864 2549 972 2638 ψυχῆς
980 2548 1026 2624 ⁹),
1050 2545 1103 2607 uhi
1123 2542 1341 2648 copiosissime
1359 2541 1530 2604 moriturus

120 2685 123 2692 ·
212 2638 348 2720 disputat
381 2640 549 2715 Socrates,
585 2661 648 2702 non
683 2641 769 2702 illum
800 2609 956 2703 itlteritum
989 2639 1054 2710 sui,
1090 2640 1143 2700 sed
1172 2636 1291 2698 animae
1323 2632 1431 2715 potius
1462 2654 1528 2695 esse

211 2733 401 2808 discessum,
437 2754 518 2816 quae
531 2735 554 2772 ¹⁰
587 2731 707 2796 scilicet
740 2736 778 2796 ad
819 2732 990 2796 divinitatis
1031 2752 1104 2794 strae
1142 2729 1295 2824 originem
1336 2726 1527 2789 referretur.

87 2873 88 2876 ,
167 2838 200 2887 tt
211 2827 333 2889 Verum
358 2837 459 2888 lamen
483 2825 626 2909 plerique
648 2826 964 2908 philosophorttm¹¹,
990 2826 1042 2910 qui
1069 2816 1219 2886 dissoluta
1247 2825 1304 2883 hac
1333 2821 1429 2882 veluti
1457 2822 1528 2880 har·

212 2916 315 2982 monia
336 2918 486 3000 corporis
509 2918 666 3004 animique
689 2920 828 2982 dicerent
852 2940 943 2983 omne
966 2919 1063 2993 istud,
1090 2919 1176 3001 qnod
1192 2915 1223 2977 in
1239 2914 1329 2978 nobie
1345 2924 1528 2976 concretum

210 3023 311 3087 esset,
336 3012 498 3096 extingui:
523 3014 647 3097 quidam
664 3025 764 3074 tamen
781 3011 884 3074 statim
909 3032 978 3072 cum
996 3011 1065 3091 ipso
1085 3030 1243 3090 corpore,
1268 3007 1319 3069 alii
1338 3027 1417 3069 vero
1434 3005 1529 3066 inter-

211 3106 293 3167 iecto
309 3107 444 3186 quodam
468 3105 619 3187 temporis
640 3105 763 3186 spatio,
789 3105 909 3166 animae
925 3125 1051 3188 qnoque
1068 3102 1186 3167 obitum
1203 3102 1361 3173 loturum,
1385 3101 1528 3183 quamvis

211 3198 267 3279 [Ρ.
290 3197 358 3281 tu]
382 3200 515 3281 corpori
537 3198 769 3280 supervixerit.

281 3377 305 3422 1.
325 3378 386 3422 Cot.
407 3383 441 3421 nt.
488 3376 512 3422 2.
532 3380 593 3423 Cotl.
614 3377 743 3423 iuvidiam.
790 3375 814 3423 3.
834 3380 941 3422 Verbum
963 3379 1006 3422 Gr.
1028 3379 1106 3422 obliti.
1154 3375 1177 3423 1,
1199 3377 1257 3420 Edd.
1277 3376 1385 3435 quidem.
1432 3375 1456 3422 5.
1477 3379 1526 3420 Deo

350 3447 460 3492 versiculi
480 3448 524 3492 Gr.
547 3449 625 3492 obliti.
670 3447 693 3492 ⁶.
715 3449 775 3492 (lod.
794 3454 921 3506 qnantum.
969 3446 992 3494 1.
1013 3448 1074 3493 Cod.
1095 3462 1156 3504 putee
1175 3462 1218 3501 pro
1236 3461 1383 3505 sensusque.
1422 3444 1447 3490 8.
1467 3447 1525 3490 Coe.

345 3514 446 3644 joomz.
466 3517 582 3630 'Eptsse
604 3518 696 3562 litteras
715 3518 792 3574 spatio
811 3531 883 3562 ractto
900 3520 1023 3576 quadrent.
1064 3517 1103 3560 111.
1123 3518 1183 3560 (lod.
1203 3531 1260 3576 qtto.
1306 3515 1346 3560 11.
1367 3515 1524 3578 Codfitoso·

444 3617 452 3640 ,
569 3615 586 3631 ..

286 3707 328 3763 13.
349 3705 390 3758 lte
412 3709 441 3757 itt
461 3702 531 3760 eod.
553 3703 693 3759 evidenter
720 3706 786 3756 urbe
805 3705 942 3758 decedere.
989 3706 1022 3757 Et
1050 3709 1090 3757 sic
1116 3722 1167 3772 ego
1193 3704 1260 3756 olirn
1282 3703 1422 3756 edideram
1443 3709 1524 3756 etism

170 3822 174 3841 ,
210 3777 243 3832 etl
264 3779 355 3833 Plane.
378 3781 492 3834 XXXV.
513 3788 554 3845 1.,
587 3785 627 3833 tui
652 3782 768 3834 schedae
788 3799 895 3851 qnoque
917 3796 991 3832 mese
1011 3780 1123 3832 hahent.
1162 3779 1214 3831 Sed
1235 3784 1298 3850 quis
1319 3779 1353 3830 cl.
1377 3780 1524 3850 Peyronitts

210 3854 300 3907 siebat
321 3871 349 3907 se
370 3853 409 3907 ibt
429 3855 525 3927 legisse
546 3861 574 3909 in
595 3854 655 3909 eod
676 3857 819 3919 recedere,
847 3855 951 3908 idcirco
971 3856 1117 3907 lectionem
1140 3871 1232 3926 postea
1254 3859 1408 3906 immutavi.
1449 3855 1489 3906 tiu
1493 3870 1526 3906 oc

211 3949 304 3982 rursus
324 3934 351 3981 io
373 3929 469 3984 codiee
488 3930 550 4000 lego
570 3930 603 3981 de
625 3948 673 4003 pro
693 3949 731 3983 se.
770 3934 860 3999 Quare
876 3928 965 3982 denuo
979 3930 1011 3981 de
1026 3947 1084 3981 mes
1100 3929 1144 3980 illa
1166 3930 1285 3981 lectione
1307 3927 1407 3981 tuende
1427 3933 1527 3997 cogito.

288 4010 331 4063 15.
352 4005 533 4078 interpretem
555 4006 717 4059 Vaticanum
738 4007 821 4058 videri
843 4009 980 4058 rhetorem
1002 4003 1161 4076 quemdam,
1182 4009 1228 4074 qui
1253 4009 1422 4074 ingratiam
1447 4004 1526 4056 disci·

214 4080 340 4153 polorum
368 4095 449 4151 etque
479 4082 515 4133 ob
535 4087 656 4134 oratoris
677 4097 749 4152 praet
759 4097 820 4153 epte
842 4079 971 4134 tredendo
1000 4081 1049 4133 hos
1076 4084 1287 4132 commentarios
1308 4077 1342 4129 sd
1362 4078 1448 4131 Tullii
1470 4094 1527 4169 oro·

211 4160 298 4209 tiones
320 4160 544 4221 coneinttsverlt,
569 4161 622 4208 iam
644 4156 708 4208 alibi
730 4155 795 4209 diti.

285 4235 331 4288 29.
352 4232 428 4299 Quae
448 4231 532 4283 semel
551 4236 669 4304 scripst
694 4249 747 4283 uon
767 4233 843 4285 soleo
862 4228 987 4299 equtdem
1010 4246 1147 4298 repetem
1185 4245 1372 4281 verumtamen
1401 4244 1430 4281 nt
1453 4233 1480 4280 1ιι
1500 4245 1526 4280 re

209 4310 300 4376 gravi,
333 4322 359 4359 et
388 4320 457 4375 quse
477 4306 593 4377 capitale
619 4305 723 4378 pondus
749 4306 782 4356 sd
813 4311 955 4356 hominnm
985 4304 1116 4374 regendos
1146 4321 1236 4357 mores
1263 4310 1318 4365 (cui
1352 4310 1390 4356 rei
1422 4321 1526 4374 semper

210 4380 353 4452 invigilare
373 4381 515 4443 debemus)
537 4379 637 4441 adfert:
660 4382 742 4433 licent
757 4378 907 4433 lectoribus
928 4397 1056 4431 revocare
1078 4386 1104 4431 io
1122 4384 1283 4431 memoriam
1304 4379 1349 4430 ills
1368 4379 1440 4441 lere,
1461 4395 1526 4449 quse

210 4456 302 4507 diti
294 4475 321 4507 tn
348 4456 464 4509 scholiis
484 4455 516 4507 sd
536 4456 702 4509 Frontonem
724 4455 756 4507 tle
776 4475 836 4526 nep.
859 4471 912 4506 sm.
934 4471 1013 4525 etque
1037 4455 1069 4505 td
1092 4457 1155 4509 cic
1151 4475 1180 4506 r.
1200 4454 1273 4505 det
1255 4456 1318 4525 liep.
1343 4457 1387 4506 tt,
1410 4461 1436 4508 7.
1479 4455 1526 4506 Pro

209 4535 365 4584 salinorum
387 4530 494 4583 scilicet
515 4531 722 4584 immortulitete
744 4547 864 4600 pungnant
888 4533 985 4581 ilicet-o
1005 4528 1036 4580 de
1058 4530 1121 4581 Seo.
1146 4531 1221 4582 xxi.
1242 4548 1317 4599 seqq.
1338 4529 1423 4580 Tute.
1445 4532 1464 4582 1.
1488 4533 1527 4587 15.

214 4608 272 4662 ten
302 4623 328 4659 et
356 4606 401 4658 ttb.
432 4607 560 4658 Horteos.
587 4603 681 4680 fragm.
709 4606 755 4656 litt.
780 4621 807 4657 et
833 4604 865 4656 de
894 4608 957 4676 llep.
984 4605 1032 4657 lib.
1063 4607 1105 4656 tt.
1141 4609 1282 4657 l'reeteree
1302 4605 1416 4655 Tacitus
1439 4609 1524 4674 Agris.

213 4679 328 4738 xtvt.;
359 4681 469 4733 Sallust.
500 4683 555 4749 lug.
583 4680 609 4731 11
647 4678 772 4733 Macrob.
802 4682 834 4732 nt
865 4682 959 4733 Soron.
991 4681 1010 4730 Ι.
1041 4679 1096 4735 tlt
1128 4680 1269 4732 Plutarch.
1298 4695 1396 4733 contre
1422 4678 1526 4736 Coloe,

212 4754 336 4812 Lertetrt.
364 4760 433 4820 tritt.
462 4755 520 4808 Vll.
546 4762 572 4813 ti.
598 4772 689 4829 sequ,
719 4758 864 4827 Angustia.
885 4756 971 4829 Epist.
991 4754 1060 4808 clv.
1087 4754 1187 4811 horeb.
1208 4757 1305 4828 Praep.
1326 4773 1367 4810 ev.
1388 4757 1411 4809 1.
1432 4753 1525 4812 Ml.
