3210 5280
227 199 288 264 138
591 270 594 275 ,
661 200 1097 271 estimo-asconius

224 337 331 414 ribus,
369 362 450 423 quos
480 343 677 413 accusatione
707 342 819 407 Verris
852 341 1016 423 impeditus
1046 360 1194 403 recursare
1222 360 1286 403 non
1314 360 1459 419 possem,
1497 338 1529 401 id

167 438 217 496 [³³1
231 432 392 516 ipsumque
416 435 459 497 illi
480 439 581 499 callidi
603 438 743 500 homines
765 434 998 518 intelligerent?

308 524 505 592 Districtum
524 539 626 613 atque
650 530 854 612 obligatum]
896 527 1072 599 Districtus
1101 538 1206 607 potest
1233 537 1263 587 et
1295 525 1361 586 siue
1396 524 1527 588 vinculis

225 616 256 680 in
279 618 436 680 diuersum
460 641 549 683 mauu
579 623 753 683 ducentium
779 622 874 693 l'erri;
905 622 1077 705 obligatus
1099 620 1189 682 ctiam
1212 618 1301 680 nodis
1328 618 1525 680 vinculorum

200 708 256 779 tin
278 711 352 774 loco
375 711 572 794 intelligitur,
628 715 706 778 Plus
736 726 782 776 est
804 736 882 792 crgo
905 714 1096 794 obligatum
1112 733 1186 801 *esse
1209 733 1300 796 quarn
1324 709 1526 773 districtum.

309 806 352 881 (§·
376 805 444 885 25.)
467 808 535 885 Oui
555 806 770 890 quamobrem
791 803 1054 894 arcesserentur]
1108 806 1193 867 liene
1227 801 1413 883 interposuit
1450 804 1526 863 baec

225 895 265 957 ad
285 915 408 958 caussam
441 920 503 961 nou
535 898 688 961 veniendi.
742 899 820 960 Nam
844 898 909 959 sine
939 899 995 957 hac
1018 899 1056 963 ad
1077 897 1269 980 designatum
1293 897 1452 960 consulem
1476 896 1526 958 Si·

224 989 313 1052 culos
336 1012 398 1053 nou
430 991 552 1055 venisse
578 990 793 1054 contumaciae
824 990 997 1051 videretur.
1053 991 1135 1052 Saue
1166 1003 1195 1051 et
1222 990 1271 1051 bic
1301 1001 1331 1050 et
1360 987 1392 1048 iu
1423 987 1525 1066 primo

224 1082 326 1161 cupite
341 1084 547 1146 verrinarum
565 1083 822 1146 animadvertitur
836 1081 1065 1161 inconsequens
1087 1080 1206 1144 locutio
1228 1081 1397 1159 similisque
1417 1081 1524 1141 soloe·

182 1186 216 1245 1⁰,
225 1173 334 1250 eisml,
363 1176 390 1238 si
415 1178 538 1260 quidem
559 1199 626 1243 non
647 1178 767 1244 venisse
791 1175 925 1258 legeris:
962 1195 1031 1235 naus
1066 1173 1092 1236 si
1120 1197 1187 1238 nen
1209 1179 1366 1239 venissent
1387 1171 1522 1254 legeris,

224 1287 318 1330 error
339 1289 402 1330 non
424 1271 494 1333 erit.

311 1363 525 1427 Caeterorum
544 1365 609 1427 lsoc
630 1363 733 1443 anno]
777 1359 974 1436 Criminose,
999 1369 1142 1438 utsupra
1159 1354 1310 1430 diximus,
1335 1352 1365 1417 in
1383 1355 1524 1416 Horten·

224 1450 303 1514 sium
328 1455 553 1540 Metellosque.

309 1548 389 1609 Cum
402 1545 484 1621 filio
506 1546 629 1610 blando
651 1557 681 1614 et
701 1549 871 1630 gratioso]
915 1544 1052 1609 Feminis
1081 1566 1118 1607 ae
1150 1541 1282 1604 maxime
1311 1539 1526 1602 meretricibus

183 1657 214 1705 ιε
228 1635 393 1699 blanditiae
415 1639 617 1701 conveniunt.
661 1638 768 1703 Gratia
785 1659 862 1701 vero
878 1660 957 1722 quae
979 1650 1084 1717 potest
1105 1637 1135 1700 iu
1158 1633 1406 1698 adolescentibus
1429 1632 1525 1714 [esse]

225 1726 292 1791 sine
314 1729 464 1792 infamia?
486 1731 625 1794 Gratiam
649 1732 727 1795 enim
751 1729 921 1794 amicorum
944 1732 1066 1811 copiam
1089 1733 1183 1794 modo
1205 1727 1291 1791 dicit.

306 1817 500 1906 Appellare]
546 1825 643 1905 Quasi
664 1826 846 1887 lassuliares.

306 1916 348 1979 Et
369 1919 558 1999 conuenire]
602 1919 699 1997 Quasi
721 1921 759 1981 de
781 1916 1008 2000 promissorum
1031 1915 1150 1980 debito.

305 2009 518 2074 Intellectum
547 2020 580 2074 et
606 2010 886 2088 animaduersum]
942 2009 1132 2091 lutelligitur
1162 2007 1280 2092 aliquid
1311 2006 1522 2090 argumentis,

180 2116 213 2165 2⁰
224 2099 479 2162 animadvertitur
501 2100 641 2162 sensibus
666 2103 822 2182 praesenti
844 2103 946 2165 animo
968 2103 1137 2165 utentibus.
1182 2104 1372 2184 Plerumque
1387 2099 1524 2160 animad-

223 2194 373 2256 vertimus
393 2213 460 2255 rem
490 2193 622 2276 aliquam
649 2195 747 2257 ocsrlis
773 2208 825 2259 aust
848 2195 961 2279 quovis
983 2216 1075 2256 seusu
1097 2196 1242 2274 eorporis
1267 2193 1333 2255 sine
1357 2192 1448 2256 animi
1476 2192 1524 2254 in-

220 2286 372 2349 tentione.
416 2284 508 2368 Ergo
523 2287 594 2366 plsss
608 2298 654 2349 est
669 2290 936 2356 animaduersum
957 2308 1048 2370 quam
1065 2289 1285 2350 intellectum.
1329 2287 1380 2348 An
1398 2289 1436 2346 ab
1456 2284 1524 2346 aliis

221 2377 434 2454 intellectum.
460 2383 499 2442 ab
522 2379 589 2442 aliis
612 2382 857 2444 animadversum
880 2381 1011 2465 intelligi
1025 2378 1150 2465 possit?
1174 2378 1268 2459 Quod
1282 2378 1309 2440 si
1323 2390 1389 2454 est,
1414 2397 1523 2440 rursus

219 2471 290 2553 plus
314 2472 373 2534 erit
395 2472 571 2555 intelligere
593 2495 684 2555 quatu
708 2472 970 2538 animadvertere.

312 2736 338 2793 5.
358 2734 528 2787 Distriatum
546 2765 562 2778 ·
581 2765 600 2777 -
618 2735 776 2787 Districtus
794 2765 813 2779 -
832 2766 850 2780 -
870 2767 888 2779 -
906 2736 1082 2804 districtum]
1103 2733 1189 2809 bugd.
1207 2736 1271 2789 llos.
1291 2735 1368 2788 Man.
1388 2735 1469 2787 Creu.
1488 2760 1524 2775 -

217 2808 393 2862 Destricturn
412 2839 430 2851 -
449 2839 467 2850 ·
486 2809 637 2862 destrictus
655 2841 674 2852 -
693 2840 712 2853 -
731 2810 893 2870 destriatum
912 2815 1025 2883 prleres.

310 2886 337 2941 is.
349 2880 443 2954 ferre]
457 2882 530 2956 fieri
549 2886 642 2938 Prine.

292 2957 363 3012 Ibid.
382 2957 474 3027 nodis]
494 2963 577 3011 novis
597 2961 687 3012 Prion
708 2960 751 3023 (Β.
770 2958 912 3028 obligatur
931 2967 1032 3013 autem.
1052 2957 1119 3032 Os.)

218 3103 261 3160 sc
308 3037 334 3092 5.
354 3037 384 3084 in
402 3034 461 3085 loeo
479 3034 661 3104 intelligitur]
700 3035 847 3104 „Fortasse
874 3033 1018 3107 legendum
1045 3036 1174 3104 illigatus
1200 3038 1230 3086 in
1248 3033 1309 3086 loco
1327 3032 1523 3100 intelligitur.”

311 3186 338 3242 6.
358 3183 579 3252 arcesserentur]
601 3181 685 3254 bugd.
704 3182 771 3236 Hot.
787 3186 862 3237 Men.
876 3182 958 3236 Creu.
972 3211 1005 3226 ·-
1018 3191 1241 3248 arcesserentur,
1260 3200 1319 3233 cum
1331 3182 1521 3251 intelligerent

218 3253 288 3309 Lod.
309 3284 344 3298 -
363 3265 541 3308 arcessentur
562 3259 652 3310 Ptine.
671 3256 779 3312 Berald.
798 3257 859 3312 ΔΜ.
1218 3295 1224 3309 .

229 3386 232 3391 ,
293 3329 364 3384 lbld.
383 3331 457 3382 Bene
475 3333 657 3402 interposuit]
686 3332 747 3385 ald.
766 3347 793 3386 et
813 3350 887 3404 seqq.
915 3361 952 3376 -
983 3333 1049 3384 bene
1067 3339 1099 3385 in
1117 3339 1146 3382 te
1160 3335 1255 3400 posuit
1274 3331 1363 3383 Ptine.
1392 3357 1429 3371 -
1447 3329 1520 3380 Bene

217 3405 406 3474 intelligerent
421 3411 516 3476 posuit
535 3405 644 3461 Bersld.

311 3485 337 3537 9.
356 3483 566 3551 inconsequens]
598 3480 681 3554 bugd.
701 3483 765 3536 Hor.
785 3483 860 3535 Man.
880 3481 960 3534 Creu.
975 3510 1010 3523 -
1024 3485 1167 3551 insequens
1186 3483 1364 3549 antiquiores.
1382 3506 1420 3520 ··-
1440 3480 1520 3546 „lle-

217 3557 297 3626 posui
316 3560 511 3626 inconsequens
536 3557 654 3620 locutio,
684 3555 821 3628 quomodo
850 3572 878 3609 et
903 3561 960 3628 ipse
986 3556 1106 3624 loquitur
1132 3556 1208 3628 [pag.
1233 3555 1279 3612 lb.
1306 3558 1368 3607 init.
1394 3553 1472 3624 lion]
1492 3566 1518 3604 et

217 3628 358 3682 Charisius
378 3635 573 3701 grammaticus
593 3631 693 3701 altique
714 3630 880 3701 praeterer.”
907 3631 1050 3685 MANUT.

230 3756 234 3763 .
292 3710 336 3761 ss·
355 3707 421 3771 erit]
442 3702 549 3758 Berald.
568 3706 653 3778 bugd.
673 3706 737 3759 Hot.
759 3709 833 3759 Man.
855 3705 936 3757 Creu.
955 3732 992 3781 ''.'
1010 3713 1074 3756 erat
1093 3707 1187 3759 Prius.
1206 3702 1266 3758 Ald.
1286 3702 1353 3758 Lod.

291 3779 337 3834 11.
356 3779 485 3847 Feminis]
515 3779 583 3833 Lod.
603 3797 629 3834 et
650 3798 722 3852 seqq.
742 3804 777 3819 -
797 3780 873 3831 Finis
892 3786 1005 3852 priores.

292 3857 336 3910 15.
355 3852 519 3923 blanditiae]
539 3856 603 3908 flet.
623 3855 701 3911 Man.
721 3858 800 3909 Creu.
820 3883 856 3897 -
875 3860 1015 3907 amicitiae
1028 3858 1142 3926 priores.
1155 3880 1191 3892 -
1204 3853 1363 3904 Blanditiae
1375 3851 1518 3923 legendum

217 3924 323 3980 ridetur
348 3945 406 3981 esse
436 3935 543 4002 posius,
577 3946 613 3983 us
640 3929 674 3982 ad
701 3932 843 3982 (iiceronis
875 3947 1018 3998 uerumque
1047 3929 1158 3981 verbum
1190 3945 1302 3998 utraque
1329 3932 1519 3998 interpretatio

217 4000 375 4056 releresurl'
396 4003 481 4057 llO'l'.
518 4007 623 4074 ,Recte
641 4005 793 4056 blanditiae
813 4009 933 4076 reposuit
954 4005 1016 4057 llos.
1037 4005 1116 4075 idque
1136 4005 1238 4077 Popnsa
1258 4003 1422 4076 probavisse
1442 4016 1520 4054 enses

216 4077 406 4142 Roboretum,
424 4096 504 4147 quem
524 4077 559 4132 de
578 4080 605 4132 lt.
625 4079 643 4133 l.
667 4080 725 4132 uide
747 4080 768 4131 l.
789 4078 888 4134 adnot.
908 4078 971 4138 59.”
998 4080 1134 4136 GARAT.

291 4150 361 4205 lbid.
380 4156 451 4220 esse]
472 4152 534 4207 sdd.
553 4152 620 4209 Lod.
641 4163 670 4209 et
688 4172 763 4225 seqq.

290 4234 336 4283 20.
355 4231 458 4295 animo]
493 4234 587 4281 anima
607 4230 671 4281 iios.
692 4230 773 4281 Creu.

290 4305 335 4357 21.
354 4301 515 4373 Plerrunque
533 4303 793 4371 animadvertimus]
821 4305 868 4357 sie
887 4307 995 4374 scripsi.
1017 4331 1051 4346 -
1073 4302 1232 4372 Plerumque
1251 4305 1322 4353 enim
1341 4299 1521 4352 animadver-

217 4382 301 4430 timus
320 4377 418 4431 Graer.
438 4379 549 4431 Scbbta.
569 4408 605 4421 -
626 4379 784 4448 Plerumque
804 4384 876 4429 enim
896 4377 1068 4430 advertimus
1083 4383 1204 4449 priores.

290 4455 336 4510 25.
351 4454 454 4521 possit]
488 4450 575 4522 Lugd.
596 4455 659 4506 Hos.
679 4455 756 4507 Man.
778 4454 859 4506 Creu.
880 4481 913 4494 -
931 4462 1024 4521 posset
1045 4457 1222 4522 antiquiores.

290 4531 335 4583 2¹1.
352 4527 416 4596 plus
434 4531 489 4578 erit
513 4528 669 4594 intelligere
694 4547 774 4597 quam
799 4527 1037 4599 anintatlvertere]
1065 4531 1128 4599 plus
1155 4534 1210 4579 erit
1237 4545 1319 4595 quam
1348 4527 1520 4595 intelligere,

216 4599 438 4652 animadvertere
458 4604 521 4655 llos.
541 4608 620 4655 tirso.
641 4631 676 4643 -
696 4604 805 4674 „Loqui
826 4606 931 4655 uidetur
945 4608 1110 4674 pugnantia,
1133 4619 1261 4674 purasque
1274 4601 1434 4654 Theodorus
1450 4604 1519 4654 Besa

216 4679 333 4746 positam
355 4694 410 4727 uon
429 4692 478 4728 suo
496 4676 559 4729 loco
573 4679 733 4748 particulam
749 4679 839 4747 Quam
853 4694 934 4749 seque
948 4683 985 4729 ira
1000 4683 1089 4749 posius
1103 4677 1261 4748 legendum,
1281 4693 1309 4728 us
1323 4675 1519 4728 correxisuus.”

217 4750 304 4804 llOT.
326 4777 355 4791 -
378 4790 393 4819 ,
403 4750 502 4805 Verum
516 4767 571 4818 ess,
584 4752 656 4824 quod
669 4757 698 4806 tu
716 4753 901 4825 superioribus
915 4749 993 4823 editt.
1007 4768 1075 4806 eras.
1088 4753 1191 4805 ituraeae
1204 4768 1246 4806 est
1257 4752 1384 4806 contra.”
1404 4750 1519 4805 Maur.
