3210 5280
383 247 432 318 iti
454 247 738 313 ORATIONEM
759 245 808 310 IN
831 246 960 314 tosa
981 244 1204 316 citimus.
1388 250 1428 315 id

202 384 320 463 Fabia,
356 385 449 469 virgo
479 387 637 464 Vestalis,
666 407 790 451 causam
818 384 927 451 incesti
957 385 1099 462 dixerat,
1133 409 1203 450 cum
1233 385 1263 450 ei
1290 386 1427 453 Catilina

120 480 329 554 obiceretur,
353 491 484 563 eratque
507 481 663 544 absoluta.
706 480 796 545 Haeo
825 478 925 543 Fabia
950 480 1020 563 quia
1046 500 1142 544 soror
1167 489 1235 542 erat
1259 482 1426 546 Terentiae

122 572 307 648 Ciceronis,
332 572 403 635 ideo
423 573 467 635 sio
490 572 587 636 dixit:
620 574 723 639 etiam
743 573 775 635 si
795 574 895 654 culpa
916 574 1009 634 nulio
1029 573 1192 635 subesset.
1236 573 1287 635 Ita
1308 587 1339 635 ct
1361 574 1425 637 suis

120 665 263 748 pepercit
286 675 317 726 et
340 664 438 729 nihilo
458 666 558 740 levius
580 665 707 729 inimico
729 664 840 727 summi
862 663 1030 745 opprobrii
1049 662 1272 746 turpitudinem
1295 668 1424 731 obiecit.

209 757 290 819 Cum
305 754 587 837 deprebendebore
608 758 643 818 in
665 755 859 830 adulteriis,
883 774 961 816 cnm
975 753 1236 836 deprehendebat
1253 756 1424 823 adulteros
1437 770 1450 817 5

117 847 212 927 ipse,
236 866 315 907 cum
337 867 379 908 ex
401 845 518 908 eodem
540 856 657 927 stupro
677 844 741 905 ttbi
759 853 790 906 et
813 863 954 906 uxorem
975 842 1137 918 etlilium
1157 846 1319 927 invenisti.

204 936 290 997 Dicit
325 934 488 998 Catilinam
520 934 703 997 adulterium
734 931 925 997 commisisse
954 932 1023 994 cum
1054 954 1110 1009 ea,
1146 957 1225 1018 quae
1258 937 1286 998 ci
1314 949 1425 1020 postea

126 1049 236 1091 socrus
259 1027 337 1101 istit,
362 1039 393 1091 et
407 1049 447 1089 ex
462 1049 502 1091 eo
517 1038 628 1109 stupro
644 1025 771 1089 duxisse
793 1044 946 1099 uxorem,
969 1046 1038 1087 cum
1054 1025 1117 1088 lilia
1132 1027 1198 1090 eius
1214 1041 1309 1093 esset.
1353 1032 1427 1093 Hoc

127 1119 283 1183 Lucceius
302 1141 428 1203 quoque
449 1115 601 1185 Catilinae
623 1118 732 1182 obiicit
752 1118 783 1183 in
804 1116 1016 1194 orationibus,
1039 1141 1117 1204 quas
1138 1121 1170 1183 in
1188 1143 1257 1185 eum
1277 1123 1424 1204 scripsit:

123 1213 249 1275 nomina
271 1214 380 1274 harum
404 1212 566 1275 mulierum
590 1215 727 1275 noudum
749 1210 868 1276 inveni.
1436 1227 1466 1276 1⁰

201 1304 389 1384 (iniringa,
412 1313 448 1365 ut
462 1305 659 1366 involaveris
672 1305 903 1384 provinciam,
922 1306 1133 1388 praedicent,
1154 1317 1278 1370 curtato
1292 1309 1423 1389 populo

123 1392 271 1455 Pomona
288 1394 459 1455 clamante
473 1413 518 1455 oc
535 1396 714 1457 resistente.
752 1392 842 1456 Nom
860 1407 897 1459 ut
916 1405 948 1460 te
972 1397 1047 1459 illio
1068 1399 1208 1478 gesseris
1228 1419 1295 1460 nort
1314 1398 1423 1462 audeo

125 1480 252 1555 dicere,
274 1484 436 1563 quoniam
456 1480 632 1543 absolutus
651 1502 695 1546 es.

206 1569 334 1633 Dictum
357 1581 405 1632 cst
422 1569 482 1633 iam
497 1570 638 1653 saepius,
663 1570 828 1637 Catilinam
854 1596 896 1638 ex
916 1582 1063 1656 praetura
1085 1573 1227 1636 Africam
1254 1574 1423 1638 obtinuisse
1433 1590 1501 1651 [ιιι]-

125 1672 156 1724 et
183 1674 350 1725 accusante
373 1684 442 1726 eum
467 1665 709 1745 repetundarum
730 1666 772 1730 P.
797 1665 913 1731 Clodio
935 1668 1112 1731 absolutum
1134 1689 1216 1731 esse.
1434 1686 1464 1734 ti

201 1756 372 1819 Praetereo
394 1755 493 1817 illum
513 1754 686 1834 nefarium
709 1767 871 1823 conatum
898 1769 995 1823 tunm
1020 1769 1053 1823 et
1081 1780 1188 1841 poene
1214 1761 1372 1825 acerbum
1391 1771 1425 1826 et

125 1841 319 1906 luctuosum
350 1846 402 1907 rei
425 1844 586 1926 publicae
616 1845 723 1922 diem,
755 1866 834 1909 cum
865 1847 921 1911 Cn.
946 1849 1061 1913 Pisone
1084 1852 1180 1912 socio
1212 1870 1318 1934 neque
1349 1852 1422 1914 olio

123 1935 252 1997 nemine
273 1932 411 1997 caedem
431 1936 633 2014 optimatum
645 1931 771 2022 fucere
790 1935 938 1999 voluisti.

206 2023 295 2102 Quos
317 2022 475 2098 nominat,
508 2021 693 2104 intelligitis.
736 2024 813 2088 Fuit
841 2024 921 2087 enim
956 2025 1085 2107 opinio,
1117 2025 1281 2092 Catilinam
1303 2037 1335 2092 et
1358 2027 1422 2094 Cn.

125 2115 290 2189 Pisonem,
315 2117 541 2179 adolescentem
563 2115 737 2197 perditum,
760 2116 942 2181 coniurasse
961 2119 1000 2181 ad
1014 2121 1138 2181 caedem
1160 2132 1285 2183 senatus
1304 2120 1465 2186 facien-eo

215 2264 243 2313 2.
261 2267 373 2329 eratque
392 2258 529 2312 absoluta.
566 2259 644 2309 Haec
661 2257 747 2309 Fabia
765 2263 831 2328 qtsia
849 2260 914 2326 cet.]
954 2261 1002 2312 Sic
1029 2259 1110 2313 uerba
1129 2260 1311 2315 distinxerunt
1331 2263 1423 2319 Prion.

124 2333 228 2386 Betald.
247 2363 283 2376 -
301 2341 415 2403 eratque
433 2334 562 2384 deodata
580 2332 647 2384 baec
664 2332 766 2399 Fabia,
792 2340 857 2403 quia
875 2349 927 2386 oet.
950 2332 1010 2387 did.
1031 2352 1057 2388 et
1077 2353 1167 2407 seqq,
1196 2341 1226 2389 in
1245 2354 1296 2408 qna
1316 2337 1421 2390 distin-

122 2413 230 2474 ctione,
246 2424 279 2468 ut
299 2425 359 2461 vere
378 2414 487 2462 monuit
507 2405 678 2479 Madvigius,
697 2405 837 2462 abundant
856 2425 934 2460 voces
946 2407 1013 2462 baec
1025 2410 1130 2480 Fabia,
1148 2426 1176 2464 et
1189 2415 1291 2464 mirum
1304 2429 1420 2485 quoqne,

122 2498 225 2536 tantum
245 2482 360 2535 valuisse
378 2485 519 2536 Ciceronis
539 2483 720 2536 adolescendi
740 2487 943 2540 auctoritatem.
1168 2487 1173 2497 '

212 2565 239 2618 3.
258 2559 344 2624 dixit]
365 2557 432 2608 dicit
452 2556 546 2629 Sigon.

211 2632 239 2687 li.
258 2632 414 2702 opprobrii]
440 2630 580 2701 obprobrii
598 2632 691 2685 Ptine.

212 2712 240 2763 7.
261 2707 340 2758 Dicit
360 2707 523 2774 Catilinam]
561 2704 669 2759 Berald.
687 2733 726 2748 -
743 2706 857 2758 Dicitur
875 2706 1026 2761 Catilinam
1052 2708 1142 2762 Ptine.
1168 2705 1228 2762 did.
1248 2707 1333 2781 Lugd.
1354 2708 1420 2763 Hot.

121 2781 197 2834 Man.
216 2782 298 2836 Creu.
317 2808 354 2820 -
373 2782 487 2833 Dicitur
507 2782 630 2833 Catilina
650 2779 717 2833 Lod.
755 2782 831 2834 ldem
859 2782 944 2835 voluit
974 2781 1138 2856 Madvigius.
1177 2784 1228 2837 Sed
1254 2800 1284 2837 nt
1311 2783 1420 2838 Beraldi

121 2855 338 2908 emendationem
358 2852 520 2928 praeferrem
539 2853 621 2919 iecit,
641 2853 713 2928 qood
733 2862 864 2909 Asconius
885 2855 954 2909 inira
973 2857 1063 2911 addit:
1091 2859 1151 2909 Hoc
1170 2857 1300 2910 Lrtcceitts
1318 2877 1420 2931 quaque

122 2931 257 2981 Catilinae
277 2930 380 2983 obiicit.
418 2929 496 2984 Unde
516 2946 643 3001 apparet,
669 2945 731 2983 eum
751 2931 859 2984 nonde
879 2932 1094 3006 eumorevolgi,
1126 2931 1172 2985 sed
1198 2933 1231 2986 de
1249 2934 1418 3005 singulorum

120 3004 254 3058 Catilinae
273 3007 485 3058 adversariorum
506 3003 761 3077 exprobrationibus
787 3005 872 3078 loqui.

211 3087 237 3139 8.
258 3089 285 3132 et
304 3098 341 3130 ex
358 3097 391 3131 eo
409 3083 517 3149 stupro]
535 3087 563 3130 et
581 3097 615 3131 eo
632 3097 698 3131 nam
717 3086 813 3148 stupro
832 3082 923 3134 Ptinc.
945 3080 1000 3146 (An
1014 3085 1042 3134 in
1055 3099 1120 3133 nam
1133 3079 1199 3136 latet
1211 3081 1328 3134 natarat
1346 3080 1418 3153 Oli)

195 3153 264 3207 lbid.
283 3155 355 3220 Hoc]
381 3156 473 3207 Ptiuo.
494 3152 598 3207 lietald.
617 3182 655 3198 -
672 3151 739 3205 liaeo
757 3159 852 3207 ceteri.
1152 3197 1157 3207 .
1403 3199 1405 3202 Α

212 3233 240 3298 9.
259 3228 399 3295 Lucceius]
420 3229 497 3281 Man.
518 3227 612 3299 Sigon.
630 3252 666 3268 ·-
685 3229 819 3281 horacius
837 3231 927 3283 Ptine.
946 3257 983 3271 -
1001 3227 1115 3282 imatus
1134 3227 1241 3300 reliqui.

195 3310 238 3360 11.
258 3305 324 3374 ego]
351 3302 435 3375 Lugd.
454 3306 517 3356 llot.
535 3303 614 3357 Man.
635 3303 716 3357 cren.
745 3329 783 3346 ·-
809 3321 880 3372 ergo
898 3308 1012 3375 priores.
1040 3332 1077 3347 -
1105 3306 1142 3372 Q.
1161 3304 1268 3357 Tullius
1287 3303 1320 3357 de
1373 3309 1417 3360 tit.

119 3393 195 3430 coos.
216 3395 240 3429 c.
261 3385 287 3438 5.
325 3377 400 3445 Quiri
416 3395 470 3446 ego
487 3395 558 3429 narra
578 3377 629 3429 tibi
647 3377 681 3428 de
700 3376 821 3447 Africa,
840 3378 907 3449 qtsid
924 3377 958 3429 ala
978 3383 1089 3429 testium
1108 3378 1190 3430 tit'atis
1206 3323 1371 3432 scribarud⁶

194 3452 263 3504 lbid.
283 3453 455 3503 involaveris
477 3455 663 3522 provinciam]
710 3450 849 3505 Edebatnt
875 3455 1029 3505 violaveris
1051 3459 1242 3524 provinciam,
1275 3452 1309 3506 ad
1337 3469 1417 3525 quam

118 3527 265 3580 lectionem
280 3528 346 3579 haec
360 3532 501 3580 annotarit
516 3526 597 3580 Andr.
610 3530 757 3580 Patricius:
777 3529 937 3596 ,Quoniam
951 3526 984 3580 de
998 3527 1094 3580 menda
1108 3545 1207 3599 magno
1216 3545 1298 3601 opere
1311 3545 1415 3592 vereor,

119 3602 372 3654 incommoditatem
401 3605 458 3653 eiua
490 3607 623 3655 orationis
652 3604 845 3667 considerans,
875 3600 963 3673 quod,
994 3618 1075 3673 quern
1103 3602 1217 3656 violasse
1247 3608 1416 3676 provinciam

118 3675 230 3741 dixerit,
262 3681 284 3728 ia
310 3692 340 3728 ιιι
366 3691 395 3728 se
420 3680 449 3727 in
468 3680 605 3748 provincia
625 3681 755 3748 gesserit,
783 3694 838 3729 uon
858 3675 955 3730 sudare
974 3694 1003 3729 ae
1023 3676 1091 3730 dicit
1109 3677 1216 3743 dicere,
1244 3676 1347 3730 idcirco
1367 3695 1416 3749 pro

117 3753 273 3803 violaveris
289 3749 407 3822 legerem
431 3755 463 3801 ιιι·
488 3756 685 3821 occupaveris,
713 3751 754 3805 vel
772 3757 804 3802 vi
821 3757 960 3803 invaseris
974 3757 1178 3822 provinciam,
1193 3751 1235 3804 sel
1253 3750 1368 3824 denique
1386 3758 1418 3805 vi

117 3829 290 3877 involaveris
309 3831 337 3876 irs
352 3829 541 3894 provinciam,
570 3826 611 3877 rel
630 3842 694 3877 sane
714 3831 835 3897 praecise
853 3827 1025 3879 involaveris
1043 3832 1072 3878 ia
1088 3831 1279 3895 provinciam,
1306 3827 1347 3880 rel
1364 3825 1418 3880 ali·

118 3904 182 3972 qnid
204 3899 314 3953 tandem
334 3901 398 3953 huie
417 3900 515 3953 simile.
552 3903 602 3952 Cui
621 3899 730 3953 demum
745 3905 857 3954 lectioni
870 3898 1156 3954 accommodatissime
1170 3900 1333 3974 respondet,
1346 3900 1418 3973 quod

118 3982 210 4028 statim
230 3980 369 4045 sequitur,
398 3973 464 4044 Pop.
490 3973 522 4030 Ii.
546 3975 684 4026 clamante
708 3993 742 4026 aa
761 3977 935 4029 resistente.”
974 3975 1141 4048 Madvigius:
1173 3976 1316 4050 ,Indigno
1335 3975 1418 4030 modo

118 4053 237 4121 neglecta
257 4067 298 4103 est
317 4054 422 4121 egregia
444 4048 607 4104 emendatio.
645 4053 692 4114 Si,
713 4049 939 4121 quemadmodum
959 4067 987 4103 se
1007 4051 1126 4104 Catilina
1146 4055 1174 4102 in
1195 4055 1334 4122 provincia
1352 4069 1417 4123 ges-

119 4129 203 4188 serit,
223 4142 279 4177 non
299 4123 378 4177 audet
397 4122 504 4187 dicere,
522 4140 603 4190 sane,
622 4140 650 4176 ιιι
672 4125 745 4177 illam
765 4125 921 4192 violaverit,
941 4142 996 4177 uon
1015 4141 1056 4178 eat
1070 4142 1118 4178 cur
1130 4123 1237 4179 audeat.
1273 4126 1416 4179 Praeterea

118 4197 221 4267 aliquid
241 4214 334 4251 coram
355 4198 456 4271 popolo
476 4200 577 4251 Romae
595 4214 701 4271 gestum
713 4199 897 4272 significatum
918 4215 980 4254 nam
993 4204 1161 4272 provinciam
1176 4199 1288 4253 violanti
1302 4216 1417 4254 cunctus

118 4273 232 4346 populus
252 4274 399 4326 reclamare
418 4288 450 4326 ac
470 4278 595 4326 resistere
621 4291 677 4326 non
701 4289 817 4345 poterat.
867 4275 977 4346 ltaque,
1005 4289 1166 4347 quamquam
1193 4274 1347 4326 violaveris
1376 4290 1417 4328 est

118 4354 199 4405 stiam
220 4366 246 4420 p.
268 4353 330 4405 112.
350 4349 432 4414 llos,
463 4363 554 4400 tamen
580 4362 654 4400 recte
679 4349 813 4402 Patricius
838 4351 1012 4401 invoiamrt's
1037 4355 1066 4401 in
1088 4355 1263 4419 provinciam
1281 4347 1419 4404 emendat.

117 4425 245 4485 Caetera,
265 4439 332 4492 quae
351 4427 508 4495 proposuit,
529 4421 706 4494 improbanda
727 4423 818 4478 sunt.”
855 4423 911 4478 Nos
925 4427 1073 4478 Patricium
1093 4429 1131 4479 ita
1150 4440 1243 4478 sumus
1262 4429 1367 4487 secuti,
1387 4439 1418 4477 ut

117 4501 365 4569 praepositionem,
385 4502 484 4570 quippe
503 4497 644 4563 inutilem,
664 4503 852 4563 reiiceremus,
873 4503 965 4570 sicque
985 4502 1076 4553 minus
1102 4504 1185 4554 etiam
1205 4513 1220 4550 a
1246 4497 1354 4570 vulgata
1378 4496 1418 4552 ls-

117 4577 208 4625 ctione
228 4570 435 4624 discederemus.

192 4650 235 4701 17.
256 4653 297 4697 rei
311 4647 448 4718 prtblr'cae]
475 4643 523 4700 Sic
546 4644 580 4716 (t.
599 4664 623 4701 e.
643 4662 668 4699 r.
683 4643 727 4718 p.)
756 4644 966 4701 Prina.Berald.
986 4672 1023 4687 -
1041 4645 1091 4702 lto.
1113 4647 1161 4700 Po.
1183 4646 1243 4703 Ald.
1264 4675 1299 4690 -
1316 4647 1418 4718 popula

116 4717 239 4772 Romano
260 4721 324 4774 Lod.
345 4739 370 4774 et
392 4739 467 4792 seqq.

190 4796 234 4852 19.
254 4796 317 4848 Fuit
336 4803 406 4849 enim
426 4799 519 4866 opinio
537 4797 604 4862 cea]
643 4791 805 4849 Conferatur
824 4793 958 4851 Salustius
977 4800 1007 4850 in
1025 4795 1145 4852 Catilina
1164 4811 1189 4850 c.
1209 4801 1254 4858 18.
