3210 5280
216 172 282 285 sss
597 241 599 245 ,
648 183 1087 257 resono-asconius

304 321 353 400 (i.—
372 320 439 403 81.)
461 323 663 406 Legititnurn
682 334 813 407 tempus
827 327 875 391 nd
894 329 1150 413 ulciscenduml·
1183 332 1236 396 Au
1256 330 1334 397 vitio
1358 333 1526 421 magistra·

220 413 295 478 tus?
315 418 462 498 Accepto
484 419 565 481 euim
586 439 770 482 successore
791 422 830 482 ad
852 420 1067 504 magistratum
1090 426 1230 490 acctssari
1253 439 1399 509 possunt.

305 510 349 588 (§.
372 510 441 590 83.)
461 509 501 573 lit
537 511 590 577 nis
625 510 792 575 iudicium
819 533 887 577 esse
914 513 1073 596 fuctum]
1125 520 1236 583 Locus
1267 523 1527 603 reprehensionis

219 613 330 666 contra
349 603 532 681 iudicatum,
555 625 592 668 ue
612 603 714 686 prosit
735 601 851 677 Verri,
875 604 1094 671 Philodamum
1116 630 1185 674 esse
1207 615 1397 678 damnatum.

88 692 96 711 '
194 710 210 761 i
302 698 341 759 in
361 698 450 762 aiios
470 697 664 780 contulisse]
707 698 781 761 Nou
804 695 836 757 in
859 697 1091 764 Philodamum.

301 788 419 875 Neque
441 793 474 853 in
494 812 568 874 eos,
590 811 675 877 quos
695 801 734 853 tu
755 791 974 870 insimularis]
1003 792 1133 858 Dixeris
1144 797 1195 860 rei
1211 798 1383 864 accusaris.
1407 802 1528 868 Sensus

218 883 271 947 hio
295 895 361 947 est:
385 885 428 945 Et
451 883 546 956 alios,
570 881 687 965 iuquit,
711 901 774 944 non
789 881 1027 962 Philodamum,
1051 891 1222 969 accusasti,
1246 892 1318 956 etii
1340 893 1419 976 ipsi,
1444 917 1528 979 quos

198 977 389 1051 accusasti,
414 976 547 1040 damnati
569 998 632 1039 uon
654 987 737 1038 suut.
1392 1012 1395 1017 -

301 1070 365 1136 Ubi
382 1072 443 1134 hos
461 1070 680 1154 persequeris]
726 1060 916 1132 subauditur
936 1090 1127 1157 nusquam,
1148 1073 1181 1140 ir
1201 1067 1377 1163 ὑποκρίσει.

175 1171 206 1221 tt
303 1167 348 1241 (§.
371 1162 439 1242 84.)
461 1164 506 1230 Ab
527 1170 732 1227 accusatore
753 1161 994 1246 interrogatus]
1046 1167 1162 1228 Verres
1183 1167 1318 1248 scilieet,
1349 1175 1527 1253 productus

176 1326 179 1330 ,
215 1257 247 1322 iu
277 1279 370 1319 carisa
397 1256 574 1320 Philodami
595 1266 627 1318 et
651 1256 877 1339 interrogatus.
922 1256 1029 1343 Loqui
1051 1259 1131 1320 euim
1154 1260 1214 1324 uisi
1232 1262 1432 1349 interrogato
1455 1268 1527 1331 testi

217 1372 280 1414 uon
303 1351 430 1413 licebat.
484 1349 748 1434 interrogabatur
770 1360 871 1412 autom
894 1358 925 1410 et
946 1351 986 1413 ab
1008 1371 1067 1427 eo,
1101 1367 1211 1418 eontra
1232 1378 1325 1440 quem
1347 1362 1526 1441 productus

218 1454 279 1508 est.
1179 1496 1183 1507 .

304 1541 369 1603 Cur
389 1537 588 1601 imminuisti
606 1535 658 1598 ius
680 1532 874 1616 legationis]
918 1533 980 1613 Qui
1006 1547 1194 1616 potestatem
1225 1561 1310 1604 suam
1338 1541 1369 1604 iu
1396 1544 1529 1609 admini-

106 1681 111 1690 ,
176 1633 346 1696 tsstrando
373 1647 436 1689 uon
465 1625 659 1703 defenderit,
693 1622 845 1689 imminuti
873 1626 1070 1711 magistratus
1099 1632 1197 1695 veluti
1229 1634 1396 1698 maiestatis
1425 1636 1528 1701 laesae

217 1744 290 1787 reus
312 1733 371 1785 est.
579 1778 581 1782 Α
1259 1743 1262 1748 ·

302 1819 347 1895 (§.
370 1813 439 1892 85.)
463 1814 565 1893 Quod
582 1815 610 1875 is
630 1811 764 1895 Ephesi]
808 1811 955 1894 Ephesus
977 1811 1108 1892 civitas,
1130 1814 1163 1880 in
1185 1837 1246 1902 qna
1267 1817 1390 1884 Dianae
1412 1842 1527 1886 numen

216 1907 418 1994 peculiariter
439 1905 568 1969 colitur.
588 1929 590 1934 ·

300 2002 369 2068 Sed
387 2003 489 2066 etiarn
511 2004 595 2063 inter
613 1998 762 2060 hostium
782 1997 866 2079 teia]
908 1998 1069 2062 insidiose
1091 2011 1203 2064 orator
1219 2001 1282 2066 hou
1295 2002 1433 2080 addidit,
1457 2027 1528 2070 eum

175 2096 257 2158 tude
280 2092 465 2178 magistratu
495 2089 589 2152 dicut.
644 2088 724 2149 Nam
750 2089 928 2169 legatorum
961 2092 985 2164 †
1016 2093 1080 2153 boo
1107 2090 1190 2156 iuter
1214 2093 1244 2156 in
1270 2095 1453 2159 foederibus
1478 2097 1528 2159 ia·
1570 2160 1573 2164 .

309 2199 336 2252 2,
356 2192 395 2244 ad
412 2195 623 2260 magistratum]
656 2190 717 2243 aid.
744 2207 771 2243 et
798 2208 874 2262 seqq.
901 2219 940 2237 -·
965 2193 1004 2245 ad
1026 2199 1244 2260 magistratares
1268 2198 1359 2248 Ptine.
1386 2225 1425 2239 -
1452 2198 1530 2262 aput

216 2276 403 2340 magistratus
415 2265 522 2321 Beraid.
541 2294 578 2309 -
602 2266 703 2319 Totum
730 2267 783 2318 hoo
801 2266 927 2320 scholion
947 2266 1042 2319 sualim
1061 2271 1102 2320 sio
1122 2268 1190 2341 legi:
1213 2269 1524 2338 Abitiamagistratuse

216 2355 329 2418 accepto
348 2349 420 2395 enirn
437 2347 641 2393 streeessare'et
659 2346 848 2408 magistratus
864 2347 991 2393 accusari
1006 2349 1133 2414 possunt.
1182 2345 1270 2412 (Post.
1296 2348 1345 2398 An
1369 2347 1441 2401 rateto
1467 2378 1487 2392 -
1504 2377 1524 2394 .-

217 2422 256 2473 ad
273 2438 296 2476 s.
315 2418 390 2489 apetd
407 2421 608 2484 magistratum
623 2424 770 2487 praetores
789 2434 815 2469 a.
831 2434 861 2487 p.
884 2417 952 2485 Os.)
1410 2420 1412 2425 '

310 2498 337 2554 5.
358 2493 395 2544 Et
414 2493 468 2558 ais]
498 2489 556 2544 sid.
576 2505 603 2543 et
623 2507 699 2563 seqq.
719 2517 755 2530 -
773 2490 812 2544 Et
830 2491 865 2542 ab
883 2496 919 2544 iis
939 2494 1028 2548 Ptine.
1047 2519 1086 2534 -
1103 2488 1142 2545 ΕΙ
1159 2497 1196 2545 iis
1212 2491 1320 2548 Beeaid.

312 2566 403 2637 5.1n]
426 2565 456 2617 hi
475 2566 568 2618 Ptine.

291 2640 364 2698 ibid.
383 2641 542 2710 contulisse]
563 2639 741 2691 transtulisse
760 2637 846 2712 Lngd.
861 2641 936 2695 Mau.
956 2655 1019 2695 eum
1037 2640 1152 2714 vulgatis
1172 2640 1251 2696 editt.
1265 2643 1417 2700 Ciceronis.
1437 2645 1527 2699 lutee·

216 2723 301 2794 pretii
321 2720 409 2770 nostri
424 2720 616 2768 auctoritatem
629 2718 717 2767 secuit
731 2730 794 2768 suut
808 2714 973 2780 Lambinus,
994 2715 1127 2788 probante
1141 2717 1309 2782 Garstouio,
1325 2735 1353 2771 et
1371 2721 1525 2792 Zumptius.

308 2794 336 2850 6.
353 2792 449 2859 Neque
466 2795 496 2844 tn
515 2791 573 2858 eos]
602 2787 688 2862 Lugd.
712 2790 780 2844 Bos.
804 2789 881 2843 Man.
907 2791 987 2844 Creu.
1006 2814 1043 2831 -
1067 2791 1161 2864 Neque
1179 2793 1243 2844 titos
1262 2793 1355 2847 Ptine.
1372 2821 1412 2839 -
1429 2795 1526 2867 Neque

216 2873 246 2924 tn
264 2869 327 2921 illos
344 2863 453 2919 Beraid.
473 2863 534 2918 nid.
554 2862 620 2915 iod

293 2939 364 2998 ibid.
384 2940 567 3006 insinueris]
588 2939 767 2992 insimularas
785 2935 865 2995 editt.
885 2938 1027 2994 Ciceronis
1046 2954 1154 3013 praeter
1173 2939 1341 3014 Zumptium.

310 3021 338 3074 9.
357 3014 423 3088 Uti]
442 3014 509 3068 Ubis
528 3015 619 3070 Prius.

291 3088 361 3146 ibid.
380 3095 413 3147 iu
432 3085 598 3164 ὑποκρίσει]
624 3104 680 3142 om.
699 3084 806 3141 Bresld.

293 3174 337 3222 io.
356 3167 560 3234 interrogatus]
583 3171 703 3231 rogetus
721 3161 799 3216 editt.
819 3162 974 3218 Ciceronis.
1028 3197 1030 3201 ν

293 3247 339 3298 ii.
362 3241 438 3306 testi]
460 3235 528 3291 Lod.
549 3254 576 3290 et
596 3253 671 3309 seqq.
690 3267 726 3279 -
746 3245 818 3289 teste
857 3244 954 3293 riores.

217 3388 251 3444 Μ
292 3319 337 3371 12.
357 3311 605 3383 interrogabatur]
638 3315 730 3368 Ptine.
749 3256 858 3366 ileralti.
883 3311 944 3367 uid.
969 3307 1037 3369 Lod.
1064 3337 1101 3351 -
1127 3315 1322 3384 interrogatum
1347 3311 1432 3387 Lugd.
1460 3316 1528 3372 iios.

252 3405 296 3442 au.
316 3392 395 3442 Creu.

293 3465 338 3524 15.
357 3469 457 3515 eontra
475 3479 553 3531 quern
567 3460 722 3533 productus
738 3462 791 3528 est]
819 3458 865 3514 Slo
884 3464 993 3533 scripsi.
1011 3488 1049 3503 -
1066 3468 1167 3512 eontra
1185 3479 1264 3533 quens
1281 3469 1354 3514 esset
1369 3455 1528 3528 productus

217 3536 325 3596 Beruld.
345 3536 411 3590 iod.
431 3564 469 3580 -
486 3545 587 3589 eontra
605 3555 683 3607 quem
698 3535 852 3606 prodiretur
870 3542 939 3602 (om.
959 3534 1052 3602 rerba)
1071 3540 1166 3589 ceteri.

293 3618 338 3672 2ο.
359 3612 444 3666 dieat.
484 3611 574 3683 Nam]
609 3614 702 3666 Ptine.
728 3609 833 3663 Rerald.
859 3610 921 3664 ild.
941 3609 1008 3665 Lod.
1035 3639 1073 3653 -
1100 3609 1192 3675 dieat,
1220 3627 1276 3662 nan
1301 3610 1408 3679 legato.
1446 3613 1524 3666 Nam

217 3686 303 3760 iugd.
324 3686 388 3742 iiot.
409 3686 485 3739 Man.
507 3687 589 3741 Creu.
616 3713 653 3727 -
680 3687 736 3756 ,lu
755 3685 832 3737 libris
853 3689 966 3739 Asconii
988 3702 1064 3738 error
1093 3701 1133 3738 est
1152 3685 1206 3738 boe
1226 3684 1306 3751 loeo,
1334 3704 1438 3758 quem,
1463 3705 1526 3743 cum

217 3766 368 3818 Aesonium
389 3765 568 3832 corrigerem,
600 3774 695 3814 notare
721 3764 902 3831 praetermisi.
942 3758 1025 3829 Quod
1050 3763 1123 3811 enim
1145 3764 1340 3833 trancriptum
1367 3778 1426 3829 est,
1458 3764 1526 3818 cam

217 3836 251 3891 de
270 3843 444 3906 magistratu
463 3835 554 3901 dieat,
573 3853 629 3887 non
648 3835 758 3904 legata,
778 3850 804 3888 et
824 3833 923 3886 falsum
945 3851 1001 3887 est:
1021 3833 1054 3886 de
1072 3834 1164 3887 Verris
1185 3839 1258 3887 euim
1280 3836 1416 3907 legatione
1434 3837 1526 3909 ioqui·

218 3927 276 3966 sur:
296 3916 323 3964 et'
347 3912 393 3964 illa
413 3910 467 3962 duo
489 3915 569 3965 rerba
591 3927 648 3962 nan
672 3911 768 3978 iegato
787 3924 895 3983 praeter
915 3913 1133 3982 manuscriptum
1157 3924 1183 3962 et
1206 3908 1268 3964 Aldi
1289 3911 1392 3964 librum
1418 3913 1527 3967 adiectu

217 4003 290 4040 sunt.
329 3983 484 4057 Legeudutn
505 4001 596 4039 antem
617 3989 655 4037 lta
675 3988 766 4056 potius
785 3983 965 4050 arbitremur,
985 3985 1052 4036 Cum
1070 3982 1104 4036 de
1117 3989 1307 4053 magistratus
1323 3987 1421 4054 tegata
1435 3986 1522 4042 dieat.

219 4064 378 4120 Praeturam
401 4065 475 4114 enisu
496 4060 600 4133 legatos
625 4075 640 4110 a
669 4058 766 4131 legatis
790 4058 876 4125 beili,
905 4063 981 4132 pacis
1003 4073 1031 4112 et
1052 4056 1192 4111 foederum
1218 4057 1376 4131 distinguit:
1406 4079 1525 4132 quorum

217 4152 285 4209 qnae
303 4141 339 4190 sit
362 4135 535 4201 differentia,
556 4132 637 4188 laeiie
657 4133 800 4186 intellectu
819 4150 870 4187 est.
890 4132 977 4188 ΗΟΤ.
997 4151 1053 4185 nan
1070 4134 1167 4201 legata
1188 4152 1245 4186 uon
1263 4148 1304 4188 est
1326 4138 1355 4187 in
1379 4152 1443 4188 tuso
1462 4135 1525 4193 MS.

216 4229 269 4267 neo
291 4217 320 4264 in
345 4209 465 4265 editione
494 4211 601 4266 Manui.
629 4211 677 4279 [i]
710 4210 791 4261 Recte
811 4206 956 4262 delendum
982 4209 1151 4262 Hotomanus
1173 4209 1308 4262 censuit.''
1335 4209 1470 4265 GRAEV.
1489 4239 1526 4254 -

216 4305 278 4340 aum
296 4286 329 4338 de
347 4291 535 4354 magistratus
552 4286 648 4352 legato
667 4283 761 4354 dicate
791 4300 855 4352 narn
880 4282 913 4337 de
932 4284 1080 4336 Hotomaui
1105 4286 1179 4336 aaut.
1198 4284 1361 4348 Sehhtsius,
1386 4299 1452 4338 eum
1472 4286 1525 4340 bae

216 4360 407 4414 adnotatione!
428 4363 529 4429 ,Quae
547 4360 630 4412 lectio
650 4364 673 4412 si
694 4374 753 4411 vera
773 4373 831 4424 est,
852 4358 1076 4431 intelligendum,
1096 4375 1178 4428 quum
1199 4356 1231 4409 de
1252 4363 1414 4429 magistratu
1435 4358 1525 4427 dicat,

216 4442 262 4508 qui
277 4436 377 4490 dicitur
390 4434 500 4506 quidem
512 4435 632 4508 legatus,
652 4451 707 4486 nou
725 4447 767 4485 est
781 4448 871 4484 nutem
886 4432 990 4504 legatus
1005 4431 1113 4505 prodire
1133 4432 1188 4505 [Au
1201 4435 1349 4504 propriet]
1369 4437 1411 4486 sio
1424 4433 1525 4490 dietus.

216 4513 276 4568 Hoc
298 4527 405 4565 certum
428 4526 469 4564 est
494 4514 641 4563 Aesonium
665 4510 710 4562 hle
733 4509 901 4577 distinguere
924 4507 991 4559 veile
1018 4521 1174 4578 praetorum
1195 4507 1331 4580 legatum,
1358 4508 1447 4580 qualis
1466 4525 1525 4564 erut

215 4589 330 4651 Verres,
351 4601 365 4636 u
385 4586 474 4656 iegato
494 4581 633 4637 loederum
654 4599 700 4636 uut
719 4583 784 4634 belli
806 4589 933 4653 pacisque
953 4597 1033 4635 causa
1055 4582 1167 4634 misso.’'

289 4658 358 4714 ibid.
378 4661 533 4727 legatorum
552 4658 602 4711 boe
621 4663 697 4710 inter
713 4659 757 4727 in]
790 4656 835 4709 Sic
855 4673 983 4727 corrupte
1003 4659 1093 4709 Ptine.
1111 4656 1218 4712 Berald.
1253 4653 1476 4732 {legatorum
1494 4664 1524 4713 in

213 4734 276 4795 illd.
295 4735 380 4810 bugd.
400 4737 467 4791 iios.
489 4735 566 4791 Mun.
585 4729 667 4791 cren.
687 4762 723 4779 -
741 4735 831 4802 tegata·
850 4737 924 4786 tuter
944 4730 1037 4784 hostes
1056 4737 1084 4783 t'n
1103 4729 1171 4786 iod.
