3210 5280
578 243 625 307 lu
649 242 970 310 MILONIANAM.
1388 249 1424 309 ll

124 404 270 447 aismerus
298 381 434 447 iudicum
463 381 716 466 relinqueretur,
752 386 804 467 qui
831 385 997 447 sententias
1026 384 1163 461 ferrent,
1201 384 1427 470 quinquaginta

123 491 153 541 et
175 500 268 542 sinus.
1260 540 1263 545 .

203 571 319 635 Primo
347 569 398 632 die
425 573 514 633 datus
543 581 608 631 erat
634 571 664 633 in
687 570 839 632 Milonem
862 570 948 633 testis
970 570 1131 635 Cassiuins
1151 573 1284 649 Schola,
1319 575 1372 658 qui
1393 544 1426 637 se

123 686 190 726 mvn
209 666 252 729 Ρ.
274 665 392 728 Clodio
411 664 526 738 livisse,
553 686 621 725 crim
644 663 670 726 is
693 664 816 725 neeisus
841 675 938 738 esset,
965 664 1060 739 dixit,
1086 665 1344 750 atrocitatemque
1380 667 1426 730 rei

122 757 241 833 laetae,
267 779 359 842 quam
384 757 516 819 maxime
536 756 656 838 potuit,
681 757 777 817 aivxit.
823 756 922 834 Quem
946 778 1013 817 eum
1037 756 1237 840 interrogare
1259 760 1311 821 M.
1334 761 1451 837 Mar-t

123 850 219 913 tellus
245 851 421 932 coepisset,
443 860 531 913 tanto
551 851 680 911 tumultu
704 847 876 913 Clodianae
898 849 1097 910 multitudinis
1120 849 1347 912 circumstantis
1370 873 1426 914 ex·

124 945 252 1008 territus
274 957 339 1020 est,
376 957 407 1007 ut
437 944 496 1005 vim
518 943 654 1005 ultimam
679 941 787 1004 timeus
807 943 836 1002 iu
860 942 994 1003 tribuual
1017 963 1033 1003 a
1056 942 1198 1005 Domitio
1220 944 1423 1026 reciperetur.

123 1037 223 1118 Quam
246 1039 290 1099 ob
312 1059 434 1099 caussam
457 1036 631 1100 Marcellus
651 1046 682 1099 et
703 1035 770 1114 ipse
797 1033 881 1096 Milo
903 1055 918 1095 a
941 1034 1083 1098 Domitio
1105 1035 1290 1115 praesidium
1312 1037 1426 1123 imploq

122 1141 286 1191 maereant.
332 1133 468 1192 Sedebat
489 1152 527 1193 eo
550 1120 693 1210 terbporc
717 1127 973 1207 Cir-,Pompeius
995 1131 1033 1190 ad
1052 1129 1224 1204 aerarium,
1257 1132 1425 1212 perturba·

122 1232 234 1302 tusqvie
256 1234 326 1283 erat
347 1225 456 1285 eodem
479 1222 534 1285 illo
558 1222 713 1295 elamore3
751 1219 856 1303 itaque
878 1219 1019 1284 Domitio
1042 1220 1204 1301 promisit,
1241 1242 1274 1283 se
1293 1234 1466 1302 posterota

121 1314 170 1375 die
197 1336 269 1376 enm
297 1314 452 1396 pracsidio
483 1317 718 1388 descensurum,
753 1313 845 1394 idque
877 1313 961 1376 lecit.
1006 1313 1075 1392 Qua
1099 1335 1133 1374 re
1157 1312 1257 1375 territi
1280 1313 1425 1379 Clodiani

120 1406 245 1470 silentio
279 1409 373 1470 verba
402 1407 522 1470 testium
554 1429 610 1487 per
632 1406 759 1469 biduum
787 1405 893 1469 audiri.
910 1406 992 1486 passi
1014 1419 1096 1468 siunt.
1140 1406 1425 1490 interrogaverunt

120 1519 180 1563 eos
195 1503 246 1563 M.
272 1501 390 1565 Cicero
412 1512 444 1562 et
466 1503 517 1564 M.
540 1503 715 1564 Marcellus
736 1512 766 1562 et
787 1500 871 1562 Milo
895 1499 975 1580 ipse.
1019 1500 1116 1562 Multi
1136 1497 1176 1561 esi
1197 1500 1254 1575 iis,
1285 1499 1338 1584 qui
1357 1503 1424 1564 Bo·

119 1594 201 1655 villis
232 1595 432 1666 habitabant,
470 1595 679 1657 testimonium
712 1595 858 1656 dixerunt
883 1594 921 1654 de
949 1591 1022 1663 iis„
1044 1614 1123 1674 quae
1144 1592 1187 1654 ibi
1208 1593 1291 1657 saeta
1315 1608 1421 1663 eraut:

119 1707 294 1767 easspouem
316 1689 472 1759 necisum,
508 1691 666 1750 tabernam
689 1698 916 1770 expugnatam,
947 1707 1061 1766 corpus
1084 1685 1188 1749 Clodii
1213 1686 1243 1748 in
1265 1687 1422 1768 publicum
1435 1699 1465 1749 1⁵

115 1793 293 1842 extractum
319 1802 400 1843 esse.
444 1780 594 1865 Virgines
621 1801 746 1863 quoque
778 1778 921 1842 Albanae
950 1776 1115 1852 disserunt,
1154 1780 1312 1842 mulierem
1331 1781 1423 1862 igno·

116 1866 215 1933 ratam
240 1872 366 1935 venisse
390 1877 429 1934 ad
456 1895 507 1948 se,
546 1896 625 1957 quae
659 1872 788 1936 Milonis
819 1873 961 1932 mandato
998 1881 1107 1935 votum
1142 1873 1300 1947 solveret,
1337 1874 1424 1957 quod

118 1962 251 2027 Clodius
273 1966 396 2026 occisus
417 1978 510 2029 esset.
554 1965 688 2030 Ultimae
717 1962 925 2026 testimouium
948 1963 1095 2026 dixerunt
1116 1966 1320 2045 Sempronia,
1355 1969 1424 2029 Tu-

115 2055 211 2118 ditani
230 2057 314 2130 lilia,
338 2078 448 2120 soeriis
468 2059 508 2121 P.
522 2056 648 2132 Clodii,
671 2069 702 2120 et
724 2079 807 2120 uxor
823 2058 849 2120 F
854 2056 953 2131 advia,
978 2069 1009 2120 et
1029 2058 1104 2120 fletu
1122 2078 1181 2122 suo
1199 2080 1312 2142 magno
1324 2080 1421 2140 opere

118 2170 193 2223 eos,
231 2148 287 2232 qui
318 2152 500 2224 adstabant,
538 2155 790 2214 commoverunt.
840 2149 979 2213 Dimisso
1015 2150 1098 2212 eirea
1126 2153 1237 2214 boram
1273 2152 1465 2222 decimamve

117 2240 234 2319 iudicio
260 2245 302 2304 Τ.
326 2244 489 2306 Munatius
510 2265 571 2325 pro
591 2243 742 2304 concione
763 2243 913 2324 populum
940 2245 1123 2305 adhortatus
1146 2256 1213 2318 est,
1238 2256 1271 2306 ut
1291 2257 1421 2325 postero
1432 2251 1493 2308 [¹⁴⁹]

119 2335 170 2397 die
188 2335 340 2418 frequens
361 2340 500 2411 adesset,
532 2348 562 2398 et
583 2336 663 2399 elabi
681 2335 835 2398 Milonem
860 2356 921 2397 nou
947 2347 1121 2416 pateretur,
1156 2335 1365 2419 iudiciumque
1391 2348 1423 2400 et

119 2429 263 2489 dolorem
287 2451 374 2490 surim
397 2433 575 2492 ostenderet
598 2428 740 2491 evmtibus
760 2430 796 2488 ad
815 2428 958 2489 tabellam
980 2429 1153 2490 serendam.
1197 2430 1336 2492 Postero
1355 2430 1420 2505 die,

119 2522 172 2605 qui
197 2520 257 2583 luit
279 2542 309 2582 a.
330 2525 362 2583 d.
389 2523 454 2585 lll.
478 2526 552 2586 ldus
575 2522 715 2603 Aprilis,
750 2522 872 2582 clausae
900 2519 1029 2583 luerunt
1056 2532 1122 2583 tota
1152 2522 1230 2584 urbe
1259 2526 1422 2598 tabernae3

118 2615 271 2696 praesidia
302 2614 333 2676 in
355 2613 429 2677 loro
460 2627 490 2676 et
519 2617 602 2677 eirea
622 2634 730 2676 omnes
751 2612 816 2675 lori
839 2611 938 2674 aditus
956 2615 1128 2695 Pompeius
1151 2616 1318 2695 disposuit;
1354 2616 1464 2699 ipsets

119 2727 182 2789 pro
204 2709 351 2782 aerario,
381 2721 415 2769 ut
436 2708 557 2789 pridie,
589 2705 748 2781 consedit,
779 2716 885 2786 septus
906 2707 1025 2769 delecta
1045 2728 1136 2769 mauu
1158 2708 1300 2770 militum.
1344 2711 1423 2773 Sor·

121 2997 173 3054 nd
201 2932 474 3052 [fssdqulnwagim]
494 2928 580 3003 Lugd.
599 2930 663 2982 Hor.
682 2929 759 2986 Man.
778 2930 859 2983 Creu.
888 2952 923 2968 -
950 2932 1189 3000 quinquagesinum
1203 2931 1295 2984 Princ.
1313 2929 1422 2987 Berald.

211 3077 239 3133 3.
257 3075 404 3128 Cassinr‘us
421 3076 533 3144 Schola]
553 3076 621 3131 Lod.
639 3076 725 3151 Lugd.
742 3077 806 3131 llot.
826 3076 906 3130 Cr'eu.
926 3105 962 3118 -
982 3077 1113 3130 Cassinus
1131 3079 1213 3130 Scala
1231 3079 1340 3134 Graevii
1361 3079 1422 3135 cod.

125 3175 164 3192 ·-
181 3149 312 3202 Casinias
328 3150 428 3202 Schola
448 3156 542 3206 aeteri.

210 3230 238 3283 a.
256 3229 342 3294 esset]
352 3228 443 3279 l‘u'nc.
460 3224 567 3280 Berald.
587 3226 647 3280 ΔΜ.
666 3225 733 3279 Lod.
751 3254 788 3268 -
807 3234 850 3277 est
869 3226 953 3298 Lugd.
972 3230 1035 3281 llos.
1054 3228 1130 3282 Man.
1147 3228 1227 3281 Creu.

212 3306 238 3359 8.
257 3300 421 3367 Marcellus]
443 3302 487 3355 M.
507 3303 598 3354 Celius
613 3305 704 3356 Princ.
723 3299 831 3355 Berald.
850 3329 886 3344 -
904 3303 951 3355 M.
970 3304 1124 3355 Marcellus
1142 3302 1204 3356 ald.
1217 3319 1242 3358 et
1257 3321 1331 3376 seqq.

194 3372 268 3427 lbtd.
287 3382 317 3425 et
334 3379 402 3442 ipse]
423 3384 455 3426 us
472 3381 530 3444 ipse
550 3377 690 3430 Graevius.
1377 3442 1380 3447 Ι

195 3452 239 3507 13.
260 3449 305 3503 M.
326 3449 422 3503 Cleera
446 3458 473 3501 et
491 3450 536 3503 M.
557 3451 711 3503 Marcellus
728 3458 756 3501 et
772 3448 860 3517 Milo]
893 3451 937 3505 M.
955 3452 1051 3503 Cicero
1071 3460 1099 3504 et
1116 3452 1160 3506 M.
1176 3453 1331 3506 Marcellus
1349 3455 1423 3506 Milo

122 3522 213 3576 Prius.
232 3523 342 3577 Besald.
386 3554 423 3568 -
474 3525 517 3578 M.
536 3526 691 3578 Marcellus
720 3532 748 3576 et
766 3524 840 3575 Milo
859 3533 933 3591 (om.
950 3526 996 3579 M.
1016 3528 1132 3596 Cicero)
1153 3526 1214 3582 std.
1235 3529 1321 3602 bugd.
1340 3531 1419 3583 Man.

121 3624 160 3640 -
175 3599 219 3651 M.
240 3598 356 3663 Cicero,
376 3599 421 3653 M.
447 3599 601 3652 Marcellus
620 3609 650 3651 et
667 3600 741 3651 Milo
761 3597 829 3652 Lod.
849 3601 1015 3656 Han-Creu.

198 3671 271 3726 ibid.
290 3673 389 3740 Mults']
409 3677 503 3725 multis
521 3676 611 3728 Ptine.
632 3673 738 3731 Berald.

195 3751 241 3804 16.
261 3748 402 3818 Albanae]
421 3749 454 3801 de
471 3749 568 3802 Orellit
586 3754 658 3803 coni.
674 3746 725 3802 eir.
741 3748 828 3803 lusor.
844 3747 905 3802 Lar.
919 3748 954 3804 N.
972 3751 1055 3808 2240.
1073 3776 1108 3792 -
1126 3752 1199 3804 aliae
1213 3748 1421 3806 Prioc.Berald.

119 3818 179 3876 llll.
193 3821 258 3874 Lod.
278 3853 315 3865 -
334 3823 465 3874 Vestales
485 3823 569 3895 bugd.
583 3825 647 3878 Hor.
663 3826 740 3878 Man.
751 3823 833 3880 Creu.

195 3900 240 3954 17.
259 3901 438 3968 ignoratam]
458 3900 549 3952 Psino.
563 3900 627 3954 llos.
646 3927 684 3941 -
700 3906 827 3970 ignotam
847 3895 956 3953 Beraltl.
969 3899 1030 3955 Ald.
1042 3899 1108 3953 Lod.
1120 3899 1204 3974 Lugd.
1222 3902 1298 3954 Man.
1312 3906 1392 3955 Creu.

193 3978 240 4028 20.
259 3972 396 4039 Dimisso]
417 3975 545 4024 Demisso
564 3975 655 4026 Prius.
766 3970 839 4027 lbtd.
857 3971 1002 4046 decimam]
1020 3981 1134 4029 tertiam
1151 3979 1261 4031 Graevii
1280 3975 1341 4031 cod.

194 4052 241 4100 21.
259 4046 418 4114 Munatius]
440 4049 590 4098 Numallus
609 4046 676 4102 Lod.

192 4127 239 4181 25.
259 4122 415 4172 ostenderet
432 4131 506 4175 erant.
525 4121 565 4172 ad
575 4122 631 4177 tal.
646 4121 805 4189 ferendam.
832 4119 947 4174 Postero
960 4122 1006 4175 die
1018 4129 1074 4195 qul]
1096 4123 1259 4197 Madvigius.
1279 4135 1423 4179 -asten·

118 4195 206 4248 deret.
235 4194 371 4246 Euntibus
388 4196 427 4246 ad
444 4199 501 4250 tal.
513 4196 667 4268 serendam
686 4204 800 4261 postero
820 4195 864 4247 dle
879 4203 926 4267 qui
946 4200 1036 4255 Prina.
1058 4229 1096 4240 -
1113 4200 1279 4254 ostenderet.
1318 4201 1423 4254 Elanti-

118 4270 168 4322 ὃν
185 4270 226 4322 ad
241 4271 300 4323 tab.
311 4269 376 4340 jer.
392 4281 507 4340 postero
527 4271 571 4323 die
589 4271 724 4323 iudicibus
740 4276 786 4340 qul
804 4276 898 4325 ceteri.

191 4350 238 4402 24.
258 4350 304 4415 qai
313 4342 396 4414 sarit]
416 4352 462 4415 qui
471 4347 540 4415 sirit
557 4345 651 4397 iudicii
667 4351 776 4416 primus
795 4347 858 4398 Hor.
872 4346 968 4414 Crem,
988 4353 1080 4414 ,mire
1100 4347 1238 4420 prolectas
1258 4365 1319 4403 uam
1337 4356 1422 4421 quio·

118 4435 161 4475 aaa
190 4434 218 4473 er
246 4435 384 4473 exeremus
406 4419 523 4475 bicinis
544 4419 638 4474 tudtetv
658 4424 730 4486 dies,
759 4436 788 4474 or
811 4425 877 4474 saria
896 4434 1008 4495 appares
1028 4443 1061 4476 ex
1078 4423 1173 4476 ordine
1192 4424 1286 4479 ludicii
1306 4425 1340 4478 ab
1363 4430 1422 4499 ipso

118 4496 239 4549 sucuro
259 4493 398 4566 descripto
420 4515 445 4566 p.
467 4496 547 4555 sls.”
567 4495 683 4549 ΜΔΝ.
773 4493 845 4548 lbid.
864 4512 890 4546 a.
910 4497 954 4568 d.]
975 4499 1116 4552 Graevius.
1136 4528 1174 4541 -
1191 4499 1230 4550 ael
1247 4505 1359 4572 priores.

189 4568 263 4622 lbid.
280 4568 334 4620 111.
357 4568 422 4620 lalus
439 4569 560 4640 Aprilis]
580 4609 595 4634 e
608 4572 662 4622 Aut
681 4570 741 4633 bie,
761 4569 801 4620 ad
816 4569 869 4623 Vt.
887 4571 968 4637 Idus,
989 4573 1147 4647 legendum,
1168 4589 1213 4626 aur
1237 4579 1265 4626 iu
1286 4578 1422 4647 principio

118 4648 287 4715 argumenti,
309 4641 349 4693 ad
365 4643 417 4697 Ill.
440 4645 521 4709 ldess,
548 4660 577 4697 us
597 4642 655 4698 dtes
677 4644 846 4698 convenisti*
884 4645 1028 4701 MANb'T.
1043 4654 1070 4716 in
1085 4648 1171 4720 bugd.
1208 4652 1239 4702 ln
1258 4649 1324 4703 edis.
1338 4666 1423 4724 quasis.

118 4722 299 4789 posteriorem
320 4716 453 4772 medelam
471 4738 535 4773 enm
560 4716 716 4774 adhibuisse
738 4734 819 4791 supra
835 4718 963 4781 vidimus.
1001 4725 1058 4777 Nos
1080 4740 1177 4792 quum,
1198 4739 1259 4777 utra
1278 4741 1345 4781 uota
1363 4742 1424 4781 aar·

117 4807 195 4866 rapsa
212 4798 267 4861 ata,
285 4789 442 4849 diiudicare
458 4809 642 4870 nequeamus,
661 4793 697 4848 ab
714 4797 791 4848 amnt
810 4799 962 4851 mutatione
977 4795 1169 4853 abstinuimus.
