3210 5280
127 230 184 274 vt

210 352 261 414 Ex
284 350 401 416 codicis
423 350 583 436 Poggiaui
605 353 792 437 apographo
815 348 949 415 Asconii
970 344 1185 414 commentarii
1200 345 1335 430 primurn
1350 346 1440 431 typis

126 445 274 526 descripti
295 457 366 515 sunt
387 445 570 510 Veneiiisa
600 447 742 523 1t77.(¹)
781 465 850 507 cttm
883 444 1019 528 Georgii
1046 440 1253 524 Trapezuntii
1281 443 1365 505 libro
1397 446 1438 506 de

126 539 260 601 artiiicio
284 538 511 603 Ciceronianae
533 539 686 603 orationis
709 555 770 618 pro
793 536 925 621 Ligario
946 549 978 599 et
1000 537 1131 599 Antonii
1151 539 1289 611 Luscbi,
1315 538 1441 600 Vicen··

126 633 200 707 tini,
236 633 373 696 oratoris
402 633 583 707 clarissimi,
618 632 818 715 inquisitione
848 651 944 712 super
973 628 1048 692 Xl.'
1060 632 1219 692 orationes
1246 630 1431 708 Ciceronis,
1474 651 1478 657 ’

126 739 219 808 atque
241 725 375 787 Xiconis
404 726 573 789 Poleutoni
607 726 799 808 argumentis
833 745 929 805 supet·
960 723 1080 807 aliquot
1113 722 1309 785 orationibus
1335 735 1366 784 et
1386 723 1437 785 in-

127 816 259 882 vectivis
282 817 459 881 Ciceronis.
504 819 655 880 Extrema
682 832 729 880 est
756 817 889 899 epistola
920 814 1107 894 Hieronymi
1137 815 1333 899 Sqttarzai'tci
1356 817 1440 880 Ale·

126 911 271 974 xandrini
303 915 342 974 ad
375 912 548 976 Antonium
581 912 770 986 sterneham,
812 909 1083 990 archiepiscopum
1117 906 1369 972 Corinthiensem
1403 919 1436 970 et

126 1007 323 1088 patriarchae
347 1005 497 1068 vicarium
520 1008 591 1067 data
616 1003 759 1067 Veneriis
784 1005 817 1065 1.
842 1005 950 1066 Nonas
972 1003 1079 1065 Iunias
1104 1005 1217 1078 1477„
1239 1002 1272 1065 io
1294 1025 1356 1087 qna
1374 1023 1435 1067 stso

127 1100 259 1162 consilio
285 1103 365 1161 hano
390 1099 559 1162 editionem
581 1100 750 1161 instittttam
774 1097 860 1159 tlicit.
1435 1120 1438 1125 ·

211 1193 298 1256 Nihil
320 1193 402 1256 alind
427 1195 456 1256 in
483 1194 541 1254 hac
566 1191 702 1254 editione
727 1202 827 1251 actum
852 1211 938 1265 esse,
964 1209 1055 1270 quam
1078 1199 1113 1250 ut
1134 1187 1250 1250 codicis
1273 1188 1435 1272 Poggiani

129 1285 217 1368 quasi
244 1287 349 1370 imago
379 1297 686 1367 repraesentaretur,
722 1285 889 1347 ostendunt
915 1300 1011 1343 vacua
1038 1280 1139 1361 spatia
1164 1280 1272 1342 relicta
1303 1293 1435 1365 totaque

49 1386 51 1391 ’
127 1378 249 1452 forma,
275 1401 336 1462 qua
361 1379 510 1459 descripti
535 1390 607 1440 suut
629 1376 860 1452 comutentarii3
882 1396 946 1456 quo
973 1372 1073 1436 aiuiem
1096 1395 1243 1436 successu
1265 1374 1297 1436 ia
1318 1378 1378 1437 bac
1400 1396 1435 1438 re

128 1474 323 1536 elaboratum
346 1472 406 1546 sit,
430 1470 553 1534 difficile
576 1483 624 1535 est
646 1469 798 1544 iudicare,
824 1481 855 1530 et
877 1468 952 1550 quid
966 1464 1078 1547 partim
1101 1467 1131 1527 in
1154 1470 1341 1550 apographo
1357 1490 1436 1532 eon·

127 1567 279 1639 liniendo,
304 1586 344 1628 ex
367 1586 430 1647 quo
453 1586 601 1646 expressa
624 1564 718 1626 editio
738 1574 802 1637 est,
826 1572 988 1642 peccatum
1008 1560 1067 1631 sit,
1091 1559 1236 1641 partima
1260 1561 1435 1642 typothetis

128 1669 284 1732 erratum,
310 1659 507 1732 discernere;
532 1681 569 1720 ac
590 1670 691 1720 tamen
714 1657 790 1717 haec
812 1653 908 1717 editio
932 1675 1014 1714 nunc
1037 1653 1158 1735 quidem
1177 1675 1255 1716 unus
1271 1665 1318 1717 est
1339 1676 1435 1719 verae

127 1750 274 1814 lectionis
296 1753 327 1814 in
350 1751 536 1815 Asconianis
558 1751 795 1832 investigandae
820 1748 911 1822 fons,
937 1750 1086 1830 adquam
1111 1747 1254 1829 proxime
1283 1751 1436 1811 accedunt

129 1846 208 1908 aliae
238 1848 408 1928 quaedam,
443 1867 522 1928 quae
555 1846 621 1908 eius
646 1843 830 1923 scripturam
862 1842 930 1903 lere
965 1841 1176 1922 repetierttnt;
1214 1863 1278 1924 quo
1313 1845 1339 1904 si
1365 1842 1436 1925 quis

79 1950 86 1964 ²
128 1937 254 2021 longius
276 1938 429 2021 progredi
452 1938 609 2012 voluerit,
633 1941 678 2016 (et
700 1939 792 1997 debet
815 1934 846 1996 id
868 1935 968 2009 velle,
994 1935 1047 2017 qui
1068 1947 1141 2015 post
1163 1936 1240 1997 haec
1259 1938 1433 1999 Asconiuttt

128 2031 269 2094 editurus
293 2033 353 2110 est)
374 2030 421 2106 is,
445 2033 471 2094 si
493 2031 595 2094 omnis
618 2050 689 2110 spes
712 2033 749 2090 de
772 2031 844 2091 cod.
869 2027 1061 2111 sangallensi
1084 2029 1435 2110 reperiendo‘praecisa

127 2133 194 2197 est,
218 2126 257 2185 ad
276 2122 372 2204 ipsius
398 2123 519 2208 Poggii
539 2121 677 2186 codicem
704 2121 886 2205 confugiet3
909 2121 936 2183 si
958 2143 996 2183 oe
1012 2142 1050 2184 eo
1067 2121 1191 2205 quidem
1210 2121 1256 2184 uti
1276 2121 1428 2203 potuerit,

127 2225 192 2278 tttm
207 2218 328 2278 demum
344 2217 401 2279 alia
420 2217 604 2299 apographa
623 2215 704 2277 inter
725 2237 759 2277 se
774 2217 957 2289 contendet,
982 2224 1014 2275 ut
1040 2235 1079 2275 ex
1094 2216 1206 2276 borum
1222 2227 1274 2276 aut
1294 2216 1433 2278 omnium

128 2319 181 2370 aut
205 2309 340 2390 plurium
369 2331 541 2383 consensu,
574 2308 746 2371 rationibus
785 2306 964 2382 subductis,
999 2306 1074 2390 quid
1105 2306 1137 2368 itt
1167 2308 1337 2390 Poggiano
1373 2307 1431 2384 sit,

126 2401 293 2487 intelligat.
339 2405 420 2466 Nata
445 2424 527 2466 nune
553 2404 696 2485 quidem,
719 2401 827 2464 nescio
850 2421 914 2484 quo
934 2400 1022 2474 fato,
1047 2399 1175 2473 accidit,
1201 2413 1233 2462 ut
1252 2402 1434 2467 Asconiana
1463 2471 1465 2477 ,

126 2495 169 2558 ita
194 2508 345 2578 corrupta
372 2508 402 2558 et
426 2495 615 2577 interpolata
643 2492 924 2566 circumferantur,
958 2505 992 2555 ut
1022 2492 1098 2555 nihil
1129 2494 1253 2557 foedius
1288 2495 1431 2558 viderim.

126 2589 177 2652 De
201 2610 263 2671 qua
285 2610 321 2651 re
344 2589 442 2651 dicatu
466 2595 602 2659 tanttun',
626 2599 775 2668 quantum
792 2607 845 2649 res
867 2596 975 2649 nostra
996 2588 1134 2666 postulat
1149 2599 1358 2671 quamcumque
1374 2606 1432 2668 pet·

126 2680 279 2755 subsidia,
305 2703 385 2763 quae
406 2684 443 2742 ad
468 2702 588 2742 suamuu
611 2693 700 2755 sunt,
725 2681 816 2753 licet,
840 2692 964 2742 caetera
989 2680 1162 2743 editoribus
1185 2683 1316 2744 Asconii
1334 2683 1433 2744 relin-

125 2795 237 2858 quens.
282 2773 319 2834 ln
348 2773 503 2854 proximis
525 2774 625 2857 igitur
647 2786 718 2855 post
744 2773 874 2854 primam
902 2775 1126 2852 editionibus&
1149 2774 1297 2853 (tractari
1326 2787 1432 2838 autem

124 2868 199 2949 ipse
213 2867 331 2929 Iuntin.
356 2868 449 2930 1519.
473 2867 504 2929 8.
528 2887 613 2944 cato,
635 2887 715 2951 quae
734 2866 852 2947 prodiit
876 2866 980 2929 Paris.
998 2887 1051 2948 ap.
1069 2869 1161 2930 Petr.
1180 2868 1318 2931 Videam
1336 2869 1430 2932 1520.

123 2961 248 3040 lol.(⁹),
273 2960 382 3024 Aldin.
406 2960 500 3023 teet.
525 2961 571 3039 8.)
593 2960 660 3023 eius
683 2959 826 3023 editionis
845 2971 951 3021 textus
970 2958 1012 3020 ita
1026 2961 1178 3040 repetitus
1203 2971 1267 3035 est,
1292 2972 1325 3022 ut
1347 2960 1431 3024 levia

124 3054 273 3138 quaedam
297 3053 478 3116 emendandi
501 3053 667 3115 tentamina
689 3056 799 3116 fierent
821 3055 852 3115 in
868 3052 1032 3115 erroribus
1047 3053 1250 3134 apertissimis
1271 3053 1430 3129 tollendis,-

124 3147 210 3231 quod
232 3159 265 3207 ut
287 3146 315 3207 in
337 3145 440 3208 multis
464 3158 550 3208 recte
574 3145 689 3208 iactum
713 3159 778 3223 est,
802 3146 844 3209 ita
870 3145 956 3208 multi
979 3166 1041 3209 non
1063 3145 1161 3207 minus
1185 3146 1285 3225 aperti
1300 3166 1429 3209 errores

123 3238 225 3331 relicti
243 3250 331 3313 sunt;
355 3241 504 3324 quaedam
519 3261 582 3302 non
598 3251 684 3302 recte
700 3251 831 3315 mutata,
858 3261 953 3322 quum
976 3238 1051 3301 edit.
1075 3239 1105 3301 Ι.
1129 3239 1225 3302 lectio
1251 3251 1304 3300 aut
1321 3240 1431 3303 verior

124 3345 222 3409 esset,
250 3335 362 3395 autad
387 3333 547 3396 veritatem
571 3334 703 3415 propius
726 3336 905 3406 accederet;
939 3333 971 3395 in
998 3332 1045 3394 his
1069 3333 1213 3395 omnibus
1240 3332 1315 3414 quid
1340 3333 1430 3397 codi-

123 3428 211 3491 cibus
227 3429 377 3489 debeatur
398 3429 480 3505 (naut
503 3427 561 3488 alia
585 3429 735 3511 quaedam
759 3429 946 3510 apographa
964 3428 1003 3487 ad
1024 3443 1147 3487 manum
1166 3425 1338 3498 editoribus
1360 3447 1430 3489 esse

123 3537 175 3557 ’-
197 3572 235 3636 (1)
256 3568 314 3624 eir.
333 3571 426 3626 Maits.
445 3573 517 3625 Ana.
530 3572 650 3644 Typogr.
670 3572 716 3624 tv,
736 3574 766 3625 P.
789 3576 813 3626 1.
833 3591 859 3642 p·
880 3575 943 3629 575.
982 3571 1044 3623 Duo
1065 3571 1144 3624 boios
1159 3573 1290 3626 editionis
1304 3575 1429 3646 exempla

121 3651 151 3701 in
170 3645 337 3699 bibliotheca
356 3652 428 3717 regia
451 3647 537 3699 tisun.
556 3664 628 3700 sont.
667 3647 698 3699 ln
718 3651 806 3719 prima
826 3661 886 3717 post
910 3644 1078 3718 plagularum
1100 3646 1220 3700 indicem
1237 3653 1334 3721 pagina
1356 3650 1423 3704 baec

121 3738 163 3776 est
182 3725 341 3793 inscriptio:
362 3721 395 3790 Q.
419 3717 552 3773 Ardonites
571 3721 708 3773 Pedianus
726 3727 756 3771 t'n
777 3729 876 3771 senatu
893 3730 993 3771 cantra
1017 3720 1047 3773 L.
1070 3721 1205 3775 Pisonem.
1243 3724 1274 3774 ln
1296 3723 1357 3777 lolii
1379 3730 1423 3785 55.

23 3846 25 3851 .
121 3803 219 3872 pagina
239 3812 329 3848 aversa
350 3796 441 3847 lolirns
462 3797 644 3868 subscriptum
664 3812 722 3852 est:
744 3797 820 3846 Haec
833 3804 962 3863 estpars.
981 3794 1015 3863 Q.
1038 3801 1072 3849 A.
1088 3800 1203 3867 pediani
1220 3816 1289 3848 cura
1306 3807 1335 3849 et
1358 3799 1426 3851 diii-

120 3877 219 3941 gentia
234 3876 315 3939 pagii
325 3872 475 3940 florentini
496 3876 553 3922 viri
574 3875 772 3923 litteratissimi
790 3879 900 3937 reperta
914 3877 943 3920 in
962 3879 1131 3924 manasterio
1148 3879 1241 3923 soracti
1253 3875 1324 3940 gata
1334 3893 1424 3944 prope

120 3951 317 4000 constantiam.
342 3945 410 3999 XX.
431 3946 548 3997 millibus
570 3961 721 4017 passarum:
745 3956 773 3998 et
797 3946 831 3996 ab
850 3950 937 4015 ipsias
954 3951 1036 4016 pogii
1057 3947 1259 4017 euterpius-ibus
1280 3967 1299 3999 a
1317 3966 1359 4000 me
1387 3953 1425 4007 A.

119 4021 163 4076 Ia.
182 4025 357 4086 inarueripta
376 4039 410 4072 ac
432 4021 559 4074 Veneriis
573 4039 626 4085 per
644 4020 792 4073 Iohannem
813 4018 951 4072 Mantinea
980 4019 1014 4070 de
1036 4021 1198 4075 Cerretaem
1219 4020 1424 4091 impressast).

119 4095 191 4150 'l‘ttm
211 4100 333 4166 sequitur
349 4095 462 4164 Georgii
482 4095 561 4148 liber.

195 4169 233 4242 (ἵ)
253 4171 324 4222 Cura
350 4172 385 4224 N.
411 4170 538 4224 Beroaldi
565 4174 735 4236 tustirnssm,
765 4168 847 4225 tradit
875 4172 966 4225 Ebert.
992 4187 1019 4222 ts.
1047 4176 1128 4231 1273.

193 4288 222 4351 *t
241 4284 363 4338 Editioni
384 4288 502 4355 principi
516 4289 639 4356 proxima
660 4302 699 4338 est
715 4285 858 4351 Patavina,
878 4301 959 4357 quam
980 4301 1110 4340 tractasse
1128 4305 1156 4340 se
1175 4286 1317 4358 profitetur
1331 4287 1424 4342 Malas

119 4359 302 4415 Precianam
323 4355 356 4409 ad
376 4359 436 4412 Cic.
458 4375 540 4412 oratt.
560 4360 666 4430 Fragm.
687 4363 723 4414 X.
742 4380 770 4413 tt.
792 4366 836 4417 21.

191 4436 239 4506 ss)
260 4439 396 4488 Postrema
418 4439 485 4485 haec
507 4449 602 4486 manca
626 4452 697 4488 sont.
737 4439 822 4508 Lege:
852 4437 980 4490 Venetus
1000 4456 1053 4508 per
1079 4435 1226 4488 Iohannem
1247 4438 1281 4487 de
1306 4438 1425 4489 Colonia

118 4507 856 4660 ωαᾚῖεΑερζζτζῒῖιὶἶηῑΐεῇἵὲἷξῑῖ12ῗὲᾶίι1ουί
873 4576 1021 4657 praemissa
1031 4601 1087 4651 est,
1099 4587 1162 4640 Gul.
1177 4586 1277 4641 Budaei
1289 4584 1322 4637 ad
1332 4586 1425 4641 Nicol.

118 4662 180 4716 Ber.
218 4662 345 4712 Ceteram
370 4677 510 4733 perperam
537 4659 650 4712 editoris
677 4667 782 4714 nomini
807 4661 932 4714 Ebertius
960 4667 1074 4716 inseruit
1100 4662 1219 4715 litteram
1243 4681 1267 4713 o.
1288 4661 1425 4712 Beraidus

119 4745 192 4791 coitu
205 4735 349 4804 scribitur,
368 4753 423 4788 non
437 4735 605 4801 Beroaldus,
618 4750 644 4788 et
658 4740 687 4788 in
702 4736 783 4791 titulo
795 4736 940 4809 epistolae,
959 4754 985 4790 et
999 4742 1028 4791 ia
1048 4737 1115 4792 bue:
1135 4739 1166 4792 V
1165 4739 1225 4805 ale,
1245 4742 1283 4788 nsi
1295 4736 1424 4791 aeratae.
