3210 5280
155 183 218 249 380
300 233 304 241 .

156 321 378 388 detrectantis
402 323 507 387 etiam
535 325 670 389 Graeca
694 323 908 410 perscribere
926 320 1041 415 sacto
1068 320 1187 406 colligi
1204 283 1332 406 potest.
1387 322 1477 388 Hine

155 416 273 502 utique
299 428 440 500 praeter
468 417 682 500 singularem
708 416 857 495 artifccii
881 416 1035 481 oratoris
1059 416 1394 481 animadversionem
1418 419 1478 480 lea

155 508 312 573 Remmia
341 529 431 574 nunc
467 521 573 575 satra
603 513 716 576 oleam
750 511 930 576 dubitandi
959 508 1121 594 ponitur,
1154 519 1335 592 tantopere
1374 508 1477 573 ιιιοδο

145 603 355 696 fluctuans,
377 612 417 664 ut
432 621 501 685 pro
526 622 568 666 ea
588 604 683 669 Galli
702 627 792 670 nunc
811 627 944 691 quoque
965 607 1074 688 legem
1098 601 1303 667 Memmium
1323 601 1478 685 Principi

154 719 220 763 suo
247 696 442 804 posuerint.
495 695 586 761 Hinc
617 697 675 762 ille
703 700 865 765 Staienus
895 698 933 761 in
963 696 1169 762 Cluentiano
1199 705 1232 758 et
1269 694 1479 760 Asconianis

156 793 302 856 multum
321 789 491 863 iactatus,
511 789 589 854 hinc
602 792 744 857 Fabiani
751 789 915 900 fornicis
935 792 1030 854 locus
1051 801 1086 852 et
1109 787 1351 895 appellationis
1370 808 1480 851 causa

155 881 330 965 descripta
349 880 530 964 ampliter,
552 883 631 946 hinc
655 885 797 949 nomina
820 883 973 948 iudicum
994 881 1058 946 soli
1079 879 1269 966 quaesitori
1290 880 1479 944 commissa

155 988 190 1040 et
211 976 289 1039 ideo
318 974 440 1038 tibetth
461 996 526 1058 per
550 975 708 1060 singulas
732 977 844 1042 tribus
865 975 1050 1060 publicatis
1072 985 1211 1046 notatas
1240 972 1319 1036 hinc
1341 974 1379 1037 in
1404 976 1476 1040 llo·

154 1069 275 1134 sciona
296 1071 381 1152 Cap.
404 1069 459 1132 20.
481 1070 660 1136 Kalendae
674 1071 864 1154 Pighianoe
880 1067 1146 1133 memorabiliter
1159 1066 1373 1144 adsumota;
1395 1066 1474 1130 hinc

155 1164 241 1244 Cap.
264 1161 317 1224 31.
332 1159 438 1252 serri
457 1162 606 1248 Phrygii
630 1184 773 1226 ιιιιιιιιιιι
796 1165 838 1227 de
860 1166 973 1237 Sulla3
995 1161 1073 1225 hinc
1094 1160 1151 1223 ille
1172 1160 1266 1223 vicies
1280 1160 1478 1224 Pallacinae

153 1265 189 1318 et
218 1253 289 1318 illic
317 1253 438 1317 balnea
468 1256 682 1329 Pallacinaes
712 1256 791 1321 hinc
822 1256 1003 1340 egregium
1033 1253 1198 1318 indicium
1229 1251 1403 1329 Enniani,
1437 1263 1478 1315 ut

154 1359 272 1423 ιιοιιιι,
305 1347 509 1411 hemistichii
535 1349 583 1411 ad
607 1348 749 1414 Librum
776 1351 844 1417 1.·
830 1372 867 1414 tn
898 1353 1044 1416 Verrem
1070 1345 1260 1429 Cop.18.·
1292 1356 1327 1409 et
1347 1367 1413 1409 cur
1434 1344 1476 1409 de

155 1440 329 1507 Praetura
348 1440 516 1504 urbana
502 1440 718 1524 inscripserit
738 1445 858 1509 Cicero
872 1441 1072 1507 invectivam
1092 1460 1204 1503 suam
1229 1441 1363 1522 *Quam
1377 1438 1476 1503 docte

148 1532 197 1599 'is¹
209 1533 250 1597 de
268 1536 376 1599 Verre
390 1536 506 1618 legato
524 1536 722 1600 Dolabellae
736 1537 851 1601 delato
865 1536 912 1599 ad
926 1538 965 1601 C.
988 1536 1181 1608 Neronem,
1202 1553 1309 1617 quum
1328 1531 1385 1594 hie
1407 1534 1477 1597 Ilo·

156 1648 248 1692 mam
263 1626 435 1702 reiiceret,
458 1627 552 1712 quod
568 1648 638 1692 non
660 1629 742 1694 bene
763 1630 959 1712 explicatur
979 1627 1016 1691 in
1030 1626 1265 1692 Asconianis?
1286 1625 1477 1711 Expositio

154 1722 342 1805 authepsae
352 1742 456 1806 quam
463 1720 676 1786 admirabilis
685 1723 758 1796 hic,
775 1734 847 1785 tam
861 1721 1009 1785 ridicula
1021 1721 1116 1803 opud
1124 1722 1260 1795 Gallos,
1275 1719 1335 1804 qui
1346 1718 1476 1783 descri-

155 1815 285 1888 bunts,
286 1816 386 1887 ,ollae
399 1835 524 1879 aeneae
537 1837 649 1900 genus
666 1815 855 1902 queam,
878 1816 930 1879 ita
943 1814 1092 1889 dictum,
1117 1813 1217 1922 quasi
1229 1837 1293 1897 per
1307 1836 1345 1877 se
1360 1813 1478 1896 ipsum

154 1929 322 1994 coquensc
332 1908 424 1996 quod
438 1921 511 1973 tam
524 1909 716 1988 artificiose
724 1907 895 2016 sactum
887 1919 980 1986 erat,
994 1919 1033 1970 ut
1048 1906 1188 1971 minimo
1202 1905 1283 1991 igne
1295 1906 1477 1989 supposito

143 1999 263 2095 facile
297 2001 464 2068 bullireti'
518 2002 610 2068 Hinc
638 2024 743 2088 quum
774 2002 811 2066 in
835 2001 1010 2086 principio
1034 1999 1246 2085 Ligarianae
1275 2000 1399 2065 Cicero
1432 2001 1475 2082 Q·

156 2095 373 2162 lisbcronem
390 2106 484 2160 vocet
493 2096 728 2181 propinquum
741 2107 775 2160 et
793 2095 946 2160 scribant
959 2093 1071 2159 Galli:
1092 2096 1214 2178 „Quae
1220 2091 1346 2184 suerit
1359 2103 1478 2156 autem

114 2252 118 2259 .
154 2210 233 2254 cum
259 2187 498 2254 Tuberombus
529 2188 687 2255 Ciceroni
716 2188 975 2274 propinquitas,
1007 2207 1078 2250 non
1107 2197 1252 2270 apparet
1282 2208 1330 2249 ecc
1358 2184 1477 2270 aliquo

118 2313 121 2327 =
153 2272 342 2346 auctore''.·
376 2281 493 2366 utique
520 2281 593 2346 iam
620 2286 864 2364 pulsatam
893 2303 974 2346 vero
1002 2301 1107 2365 quam
1141 2282 1251 2344 multa
1277 2279 1325 2341 ad
1359 2285 1477 2341 veram

157 2373 266 2440 Tullii
277 2394 417 2437 manum
425 2374 505 2437 hirec
520 2373 678 2440 auxilia!
698 2375 788 2441 Hinc
805 2374 893 2439 illud
906 2385 1031 2439 tottam
1046 2396 1162 2459 graves
1184 2372 1381 2458 legationes,
1398 2373 1476 2436 hinc

155 2471 236 2536 Act.
259 2470 289 2532 1.
316 2470 418 2534 Verr.
442 2468 496 2531 11.
500 2443 703 2552 vigilantior
718 2467 935 2551 copiosiores
924 2467 1096 2532 iudicium
1121 2467 1245 2531 venisse
1270 2468 1393 2542 videar,
1417 2465 1476 2529 ubi

156 2562 261 2644 vulgo
283 2558 513 2642 composition
535 2561 614 2623 hinc
632 2560 720 2625 illud
733 2565 764 2627 1.
783 2565 883 2626 Verr.
908 2562 961 2624 20.
986 2572 1095 2624 avecta
1118 2571 1374 2644 exportataque;
1395 2560 1473 2623 hinc

156 2649 286 2720 Manil.
310 2653 342 2716 2.
363 2653 449 2718 illud
469 2653 543 2734 huie
564 2654 618 2738 qui
640 2652 791 2718 successit
812 2655 953 2720 roborat
973 2659 1124 2721 MSStos
1137 2656 1244 2730 alios,
1269 2668 1309 2718 ut
1330 2657 1418 2737 Cap.
1443 2654 1474 2715 b.

156 2746 372 2812 naviculariis·
390 2770 439 2811 eor
471 2748 673 2813 Fabriciano
705 2747 812 2820 libro,·
844 2751 928 2830 Cap.
960 2749 993 2813 9.
1027 2751 1148 2813 Noster
1178 2760 1279 2812 autem
1315 2747 1476 2812 exercitus

156 2840 281 2906 tametsi
311 2843 422 2904 urbem
449 2861 490 2904 cx
520 2841 671 2925 Tigranis
704 2860 808 2924 reguo
834 2853 965 2923 ceperat
994 2853 1025 2905 ct
1054 2841 1185 2924 proeliis
1219 2853 1286 2905 erat
1312 2863 1390 2905 ιιιιιι
1425 2861 1477 2903 sc·

156 2933 283 3010 caudis,
309 2946 430 3012 tamen,
463 2946 496 2999 et
521 2938 607 3018 Cap.
633 2936 686 2998 10.
710 2932 866 3015 Clypeani
891 2934 1034 3019 fugitivi.
1079 2939 1121 3001 In
1142 2935 1264 3019 Ligur.
1289 2935 1321 2998 5.
1345 2937 1476 3019 quodne

157 3049 217 3093 nos
239 3027 323 3092 domi
345 3029 495 3111 petimus,
522 3040 561 3092 ut
579 3030 702 3093 habent
722 3033 829 3095 MSS.
849 3028 945 3112 apud
961 3032 1162 3093 Gruterum.
1205 3029 1295 3092 Hinc
1320 3039 1374 3092 tot
1395 3048 1475 3090 con·

156 3119 499 3212 spicuafrogmenta
520 3121 556 3184 in
577 3124 702 3185 lacuna
718 3122 850 3204 Capitis
871 3123 923 3185 45.
942 3122 1155 3206 Rosciam,
1179 3123 1238 3185 ubi
1248 3134 1352 3204 puter
1371 3121 1476 3184 etiarn

155 3216 351 3280 adnotavit:
362 3262 377 3289 ‚,
389 3217 534 3281 Videtur
548 3215 686 3299 integra
702 3215 741 3284 in
757 3216 919 3281 Cicerone
933 3214 1110 3290 habuisse,
1127 3214 1185 3277 ubi
1199 3236 1287 3276 nunc
1305 3214 1476 3297 quaedam

156 3308 325 3383 desunt”;
348 3320 382 3371 et
402 3309 530 3373 similia
550 3308 695 3387 infinita
719 3308 802 3371 alia.
846 3308 1048 3374 Contiuebat
1065 3311 1147 3371 haec
1169 3329 1240 3371 una
1260 3309 1395 3394 sittyba
1409 3328 1474 3389 pa·

155 3401 259 3486 ginas
280 3401 419 3466 omnino
439 3405 535 3469 LIV.
559 3415 592 3467 et
601 3400 737 3494 forma
760 3412 794 3464 et
819 3400 922 3464 litera
943 3423 1020 3464 vere
1046 3402 1206 3484 antiquas
1226 3413 1414 3474 tractatas,
1438 3411 1476 3463 ut

155 3506 290 3558 constat
311 3517 358 3558 eac
379 3518 438 3570 eo,
462 3495 653 3580 quoderat
675 3493 811 3577 primae
832 3494 983 3577 paginae
1005 3495 1237 3577 adscriptum,
1261 3517 1284 3556 a
1308 3495 1472 3568 Pithoeo,

155 3598 195 3650 ιιι
215 3587 358 3670 opinor,
382 3599 445 3651 aut
466 3588 616 3653 Petavio.
659 3590 749 3652 Erat
770 3608 850 3651 vero
871 3588 982 3651 istud:
1004 3634 1019 3660 ,,
1032 3588 1167 3654 Veteris
1188 3589 1420 3653 Grammatici
1439 3589 1476 3650 in

152 3680 286 3769 aliquot
309 3686 366 3747 Μ.
393 3681 502 3747 Tullii
525 3681 701 3748 orationes
717 3678 946 3771 fragmenta.
988 3682 1225 3768 Hieronymus
1253 3684 1407 3767 Apolog.
1443 3685 1474 3747 1.

155 3775 322 3840 adversus
347 3775 536 3854 husonum:
570 3776 678 3851 Puto,
701 3777 789 3858 qnod
814 3796 893 3859 puer
917 3775 1025 3858 legens
1051 3774 1152 3856 Aspri
1178 3775 1208 3838 in
1235 3774 1411 3859 Virgilium
1442 3786 1473 3838 et

156 3867 326 3932 Salustium
347 3867 611 3944 commentarios,
634 3867 777 3932 Vulcatii
798 3867 830 3932 in
853 3868 1014 3933 orafiones
1039 3867 1228 3945 Ciceronis,
1256 3868 1422 3933 Victorini
1443 3869 1473 3932 is

156 3960 303 4047 dialogos
326 3963 393 4027 eius
418 3974 450 4027 et
468 3962 499 4026 iu
527 3960 673 4026 Terentii
697 3961 879 4026 comoedias
893 3962 1113 4044 praeceptoris
1133 3962 1191 4025 mei
1207 3961 1348 4035 Donati,
1374 3980 1474 4047 acque

155 4052 187 4118 in
210 4055 398 4140 Virgilium.
440 4059 498 4121 An
522 4055 674 4123 Vulcatii
699 4057 885 4133 Gallicani,
920 4057 1018 4119 cuius
1043 4067 1184 4119 exstant
1204 4058 1336 4140 aliquot
1364 4059 1474 4139 Impe-

155 4161 313 4214 ratorum
334 4150 448 4214 vitae?
476 4185 541 4225 „-
563 4151 632 4215 Sed
650 4160 684 4217 ιι
706 4149 903 4213 inaudierat
927 4150 969 4213 de
994 4149 1048 4212 his
1071 4162 1175 4213 antea
1198 4149 1332 4232 aliquid
1351 4160 1472 4231 pater,

155 4243 245 4307 unde
270 4243 301 4308 is
328 4265 394 4308 sua
415 4265 520 4314 manu
547 4242 777 4326 adscripsits''
815 4247 855 4309 Ρ.
886 4244 1047 4309 Pithoeus
1076 4244 1123 4305 od
1154 4234 1276 4308 Collct.
1304 4263 1392 4325 pag.
1421 4242 1473 4306 88.

107 4398 110 4405 ,
156 4341 261 4401 Servo
283 4341 378 4402 solus
399 4338 559 4402 dominus
572 4359 642 4422 pro
658 4337 805 4402 arbitrio
825 4357 948 4400 nomen
971 4336 1133 4419 imponit,
1157 4336 1254 4400 etad
1266 4337 1475 4419 voluptatem

156 4430 314 4515 quidem,
338 4443 377 4495 ut
398 4430 435 4494 in
456 4434 557 4497 Orat.
582 4453 651 4515 pro
673 4430 799 4496 Roscio
820 4428 991 4495 Amerino
1011 4429 1141 4494 ιιοιαιιίι
1169 4428 1349 4495 Vulcatius
1379 4430 1477 4494 Seius

154 4523 285 4588 aliusve
316 4537 412 4589 vetus
448 4525 637 4607 interpres,
680 4523 779 4589 cuius
799 4521 1017 4630 fingmento
1050 4524 1220 4609 quaedam
1252 4524 1475 4606 vespillonum

153 4617 340 4701 aliquando
375 4619 531 4682 manibus
558 4617 674 4701 pretio
702 4616 928 4682 extorsimus.
962 4652 1001 4665 —
1033 4618 1139 4680 Dion.
1166 4614 1410 4707 Gothqfredus
1430 4615 1476 4678 ad

154 4711 210 4781 tit.
231 4712 273 4777 ds
295 4715 372 4799 lege
396 4712 557 4782 Cornelia
577 4711 619 4783 ds
628 4709 747 4805 falsis
771 4711 867 4777 adl.
898 4711 969 4778 13.
1005 4714 1111 4777 Servo
1131 4708 1283 4776 solusd.
1303 4733 1345 4795 p.
1367 4732 1423 4775 or.
1439 4730 1472 4773 ιι.
