3210 5280
596 228 642 292 tu
666 208 983 293 scauuisuau.
1374 226 1413 288 ιι

116 366 298 431 satellitibus
321 367 421 431 Marii
442 378 513 429 sunt
535 363 650 444 occisi,
675 389 743 430 eum
760 367 909 442 Crassus,
935 379 967 429 ut
990 389 1084 448 supra
1111 367 1259 442 diximus,
1284 371 1412 433 cundem

117 482 217 524 casum
239 482 295 524 sua
319 483 412 523 manu
434 461 658 542 praevenisset.

583 608 723 674 muca
747 597 951 674 tremum.

195 729 265 810 (33)
286 731 404 813 Neque
433 750 508 794 vero
536 730 621 793 hoec
647 733 721 811 ipso
747 729 948 813 quotidiano
974 753 1024 796 res
1044 736 1188 813 Appium
1218 732 1414 815 Claudium,

118 823 180 884 illo
199 821 410 884 humanitate
430 829 463 881 et
482 819 648 897 supientia
668 819 877 900 praeditum,
903 842 964 901 per
991 843 1025 884 se
1052 825 1127 903 ipso
1152 825 1322 900 movisset,
1351 821 1438 886 nisi⁵

119 911 204 974 huno
233 911 266 973 0.
296 909 431 973 Claudi
442 907 570 986 fratris
594 910 650 970 sui
680 912 932 989 competitorem
955 910 1039 988 fore
1058 919 1216 991 putasset.
1257 912 1325 992 (dl)
1349 914 1417 991 Qui

120 1003 182 1063 siue
208 1002 377 1081 petricius
403 1001 468 1060 sive
491 996 638 1078 plebeius
657 1006 737 1060 esset
758 997 918 1071 (nondum
938 1002 1025 1062 enim
1045 1009 1173 1062 certum
1197 1007 1415 1064 constitutum

120 1093 208 1166 erat)
226 1108 306 1151 cum
327 1088 390 1149 illo
416 1085 482 1148 sibi
499 1087 740 1150 contentionem
756 1085 840 1164 fore
859 1087 1013 1168 putuhnt.

125 1250 128 1255 ,
200 1177 344 1239 Fuerunt
369 1175 447 1237 enim
471 1176 549 1237 duae
571 1174 707 1237 familiae
727 1175 893 1239 Claudiae:
928 1199 1053 1255 earum,
1084 1198 1162 1260 quae
1186 1178 1413 1241 Marcellorum

120 1268 275 1348 sppcllata
295 1279 361 1343 est,
385 1267 525 1348 plebeia;
548 1287 628 1350 quae
641 1268 871 1346 Pulchrorum,
888 1269 1030 1351 patricia.
1054 1273 1115 1333 Sed
1130 1271 1278 1333 hocloco
1298 1273 1414 1333 urbane
1427 1272 1456 1320 ¹⁰

120 1359 238 1425 Cicero
268 1361 342 1424 lusit
366 1360 398 1424 iu
425 1359 611 1435 Claudium,
645 1382 714 1422 cum
739 1382 803 1444 quo
828 1362 859 1424 in
889 1364 1020 1447 gratiam
1050 1385 1113 1428 uon
1146 1363 1291 1426 redierat.
1334 1365 1414 1426 Nam

120 1454 190 1536 quia
219 1454 311 1519 isP.
342 1455 448 1520 Clodii
471 1466 539 1518 erat
567 1454 684 1528 irater,
721 1453 775 1536 qui
807 1475 847 1517 ex
874 1456 1004 1537 patricia
1031 1456 1063 1520 in
1092 1457 1243 1538 plebeiam
1269 1454 1413 1518 familiam

120 1547 283 1609 transierat
304 1568 363 1629 per
387 1568 537 1611 summam
557 1545 729 1622 infamiam,
762 1549 786 1620 †
813 1568 846 1609 se
875 1570 1003 1630 quoque
1026 1549 1168 1612 dubitare
1200 1550 1299 1610 adbuc
1324 1548 1413 1610 dixit.

1327 1657 1413 1668 ¹——

210 1710 238 1758 1.
258 1702 388 1769 Crassus]
416 1702 528 1753 Cassius
546 1702 627 1752 Creu.
781 1707 808 1761 5.
827 1720 882 1755 οιιι.
903 1701 968 1755 Lod.
989 1700 1075 1774 Lugd.

209 1774 238 1831 d.
258 1794 327 1829 vero
345 1775 427 1846 hoec]
446 1793 514 1828 vero
527 1784 586 1827 tam
598 1774 664 1826 hoec
678 1773 756 1830 editt.
770 1777 910 1830 Ciceronis
923 1794 988 1829 cum
1001 1777 1062 1831 cod.
1082 1777 1207 1831 Asnbros.
1228 1778 1413 1850 palimpsesto.
1485 1798 1489 1808 ·

119 1877 153 1894 -
170 1869 242 1905 vero
261 1860 353 1902 tamen
372 1850 438 1901 haec
457 1850 517 1904 cod.
536 1851 723 1904 Taurinensis.
822 1850 825 1854 ’

191 1923 266 1979 ibid.
285 1927 459 1995 quotidiano]
484 1925 627 1976 cotidiana
646 1924 722 1977 editt.
742 1926 891 1980 Ciceronis.
909 1955 947 1971 -
966 1927 1119 1981 cottidiano
1145 1926 1267 1978 Ambros.
1294 1926 1416 1998 palimps.

210 2004 240 2058 6.
258 2003 329 2052 hune
349 2001 380 2056 C.
405 2000 525 2067 Claudii]
563 1998 778 2070 ,Palimpsestus
804 1999 991 2054 ambrosianus
1020 2001 1158 2055 evidenter
1183 2002 1263 2055 babet
1288 2000 1358 2052 hrtne
1386 2001 1418 2056 C.

119 2074 219 2129 Claudi
237 2090 293 2130 etc.
339 2080 374 2128 At
402 2080 430 2127 in
455 2074 567 2128 Asconii
595 2073 674 2126 codd.
694 2074 882 2129 Ambrosianis
907 2093 958 2128 nec
983 2093 1038 2128 non
1064 2083 1092 2128 in
1113 2075 1234 2128 eiusdem
1253 2074 1423 2128 editionibur

118 2148 233 2222 legitor,
252 2154 308 2200 nisi
325 2147 396 2201 hreno
416 2149 538 2215 Claudii,
559 2153 662 2200 omisso
682 2154 866 2218 praenomine.
903 2151 938 2203 Et
953 2149 1060 2221 quidem
1074 2149 1155 2203 lacile
1175 2151 1232 2203 fieri
1252 2155 1359 2223 potnit,
1388 2165 1416 2202 nt

119 2228 146 2277 ln
165 2224 312 2277 codicibus
332 2240 386 2276 nna
405 2242 419 2277 e
439 2227 525 2277 tribus
544 2228 682 2276 continuis
703 2225 1032 2296 Cpraetermitteretur.”
1063 2226 1144 2278 Mat.

211 2305 238 2355 7.
257 2298 391 2366 nondum]
413 2316 467 2349 non
487 2300 611 2373 palimps.
633 2298 726 2351 Ambr.

209 2380 239 2433 8.
258 2383 364 2424 certum
383 2379 561 2426 constitutum
580 2375 654 2440 erat]
687 2380 790 2424 eertum
814 2379 999 2424 constituerat
1017 2370 1097 2425 codd.
1117 2388 1143 2425 et
1164 2371 1240 2436 editt.
1262 2374 1413 2426 Ciceronis.

119 2450 279 2517 ‚Asconius
290 2452 470 2500 constitutum
482 2457 545 2500 erat
558 2464 606 2520 pro
618 2453 801 2499 constituerat
814 2453 904 2500 minus
917 2465 990 2500 recte
1004 2447 1130 2499 exhibere
1144 2447 1248 2500 ridetur
1259 2448 1416 2521 Kreyssigio

119 2527 146 2574 in
163 2527 248 2592 epist.
266 2528 333 2576 crit.
351 2541 378 2594 p.
398 2526 462 2579 455.
479 2540 502 2578 s.
539 2524 597 2594 Ego
625 2523 696 2574 banc
723 2520 831 2592 quidem
856 2524 967 2575 Asconii
992 2521 1137 2574 lectionem
1163 2541 1218 2574 nou
1243 2522 1416 2593 repudiarIm.

119 2596 228 2649 Etenim
247 2605 354 2647 eertum
373 2602 551 2649 constitutum
571 2593 740 2660 dourtlt'tmc
759 2596 859 2649 dicitur
879 2597 988 2669 perinde
1009 2612 1037 2649 ut
1053 2606 1156 2648 eerttrm
1175 2613 1208 2649 et
1227 2602 1416 2651 constitutum.

119 2670 171 2724 Ex:
186 2690 228 2743 gr.
249 2670 321 2741 quod
341 2673 439 2723 Cicero
457 2677 486 2724 in
506 2672 589 2724 Catil.
610 2671 661 2722 111.
680 2673 714 2737 6,
734 2672 777 2726 15.
796 2667 909 2735 factum
927 2686 1035 2741 atque
1055 2680 1229 2722 transactum
1249 2690 1303 2737 est,
1322 2690 1370 2742 pro
1384 2689 1416 2722 eo

121 2745 231 2799 Terent.
252 2750 280 2797 in
301 2745 412 2798 Andria
430 2749 452 2801 l.
472 2751 504 2811 5,
526 2750 570 2804 13.
589 2747 690 2812 Facta,
709 2754 856 2796 transacta
875 2747 994 2798 omnia.'’
1033 2747 1150 2799 BElEll.
1189 2747 1307 2816 Utraque
1333 2747 1417 2798 lectio

120 2819 191 2872 idem
210 2820 291 2873 valet.
330 2822 402 2874 Nam
421 2826 444 2874 si
464 2836 538 2874 recte
558 2820 677 2883 dicitnr,
697 2829 800 2871 eertum
819 2821 924 2890 aliquid
940 2826 1094 2884 constituo,
1124 2821 1217 2892 quidni
1238 2821 1292 2873 dici
1313 2826 1415 2892 possit,

121 2904 224 2946 eertum
244 2893 350 2964 aliquid
368 2896 400 2963 (a
418 2902 472 2961 me)
490 2896 688 2948 constituitur?
707 2897 822 2965 Peyroni
842 2912 905 2947 vero
924 2905 1030 2946 eertrtm
1048 2895 1153 2948 videtur
1173 2894 1329 2948 adverbium
1342 2913 1416 2960 csse,

121 2969 349 3039 quemadmodum
374 2969 445 3041 apud
471 2971 614 3025 Horatium
643 2970 731 3022 Serm.
750 2968 787 3023 ll.
807 2971 840 3034 6,
861 2976 905 3028 27.
929 2970 1002 3039 quod
1025 2976 1062 3022 mi
1080 2971 1151 3021 odst't
1171 2973 1246 3020 clare
1264 2979 1417 3039 certumque

120 3044 218 3096 hato.
781 3050 806 3102 8.
826 3045 886 3110 illo]
907 3043 956 3096 hoc
974 3043 1052 3097 codd.
1073 3061 1100 3097 et
1119 3044 1197 3097 editt.
1218 3047 1368 3097 Ciceronis.

210 3125 238 3178 8.
257 3119 311 3170 sihi
328 3122 539 3187 contentionem]
565 3120 628 3188 „lta
648 3120 825 3172 Taurlnensis
844 3133 870 3170 et
891 3122 1034 3171 Asconius.
1071 3119 1268 3172 Ambrosianus
1288 3138 1321 3172 ex
1339 3136 1419 3188 snpe-

121 3197 191 3246 siore
201 3191 277 3244 lines
290 3190 445 3247 edaciorem
458 3193 662 3246 incommodum
674 3202 778 3246 eertum
791 3194 872 3245 babet
885 3193 938 3244 sibi
949 3201 1052 3244 eertum
1071 3195 1297 3246 contentionem.”
1319 3194 1418 3249 retu.

207 3271 234 3324 9.
257 3266 389 3318 Claudiae
400 3265 546 3337 familiae]
567 3270 637 3321 Mai.
803 3273 830 3326 9.
849 3286 955 3334 earum,
966 3271 1296 3337 qttae]eorumquePrinc.
1307 3266 1415 3320 Berald.

193 3350 238 3398 ¹0·
254 3341 379 3411 plebeiur
404 3347 484 3410 quae]
517 3342 601 3416 bugd.
621 3344 684 3398 Hot.
704 3346 780 3398 Man.
802 3344 882 3396 Creu.
906 3371 944 3384 -
963 3344 1119 3414 plebeioque
1144 3353 1171 3394 et
1198 3345 1288 3396 Princ.
1308 3340 1415 3396 Berald.

121 3413 180 3471 tta
202 3445 234 3456 -
253 3415 362 3484 plebeia
380 3425 408 3466 et
427 3416 495 3471 Lod.

191 3487 264 3544 Ibit.
284 3488 475 3559 Pulchrorum]
495 3493 611 3561 ,Potnlt
631 3490 744 3558 addere,
764 3493 802 3545 Et
819 3492 978 3543 Neronum:
997 3496 1044 3562 qui
1063 3506 1090 3543 et
1107 3495 1162 3562 ipsi
1182 3490 1289 3543 Claudii
1309 3495 1418 3564 patricii

121 3561 223 3617 lnere.”
255 3564 401 3618 MANU'l'.
786 3572 831 3624 10.
846 3570 980 3636 patricia]
1012 3584 1079 3636 quas
1095 3570 1219 3635 patricia
1240 3566 1306 3619 Lod.

192 3647 238 3696 11.
258 3638 326 3690 lusit
349 3645 379 3691 in
405 3639 561 3711 Claudium]
593 3641 717 3713 ,Nempe
746 3646 775 3693 in
801 3644 832 3696 1³.
857 3638 1002 3694 Claudium
1022 3655 1181 3712 perpetuum
1201 3644 1340 3693 Ciceronis
1360 3644 1417 3692 ini-

119 3713 245 3765 micum.”
277 3713 359 3766 ΜΔῙ.
398 3713 481 3767 Cuius
501 3721 664 3768 sententiam
683 3733 825 3786 sequentes
839 3716 979 3768 Ciceronis
999 3720 1118 3767 editores
1138 3713 1262 3767 ridentur
1281 3713 1418 3786 probasse.

120 3789 154 3839 ht
171 3789 219 3857 qni
239 3791 375 3840 Asconius
393 3790 555 3842 Ciceronem
575 3789 688 3842 illudere
709 3795 811 3843 diceret
831 3807 906 3857 eum,
931 3787 964 3840 de
984 3807 1037 3860 quo
1056 3789 1145 3841 nullus
1165 3790 1193 3841 b.
1212 3789 1230 3840 l.
1251 3806 1340 3841 sermo
1359 3790 1418 3840 esti

120 3861 205 3913 lmmo
231 3859 407 3914 manifestum
433 3879 490 3932 est,
519 3869 612 3916 iocum
632 3869 720 3917 inesse
739 3870 767 3916 iu
788 3863 890 3917 verbir:
921 3869 967 3932 qui
990 3870 1049 3916 sive
1065 3868 1203 3933 patricium
1221 3868 1280 3913 sive
1296 3864 1418 3934 plebeius

120 3945 205 3999 esset,
225 3935 347 3986 nondm
371 3942 442 3988 enim
466 3947 572 3989 certatm
596 3945 775 3990 constitutum
800 3947 880 3990 erat:
917 3954 986 4008 qnae
1016 3938 1049 3988 ad
1076 3939 1171 3990 Caium
1191 3937 1332 3990 Claudium
1351 3957 1417 4010 per-

120 4015 221 4075 tinent,
241 4026 324 4080 quem
343 4008 467 4064 dubitare
486 4011 577 4068 adbuc
596 4013 673 4066 linxit
690 4017 803 4077 Cicero,
831 4017 991 4066 transiretne
1011 4018 1082 4066 sient
1108 4013 1139 4064 P.
1164 4010 1274 4065 Clodius
1301 4019 1329 4064 in
1357 4012 1417 4082 ple-

118 4082 206 4137 beiam
226 4083 371 4137 familiam.
409 4086 503 4156 ltaque
523 4086 594 4166 apud
615 4093 765 4142 Asconium
784 4105 890 4158 quoque
909 4107 965 4139 non
985 4087 1097 4138 Publius
1110 4086 1162 4137 ted
1183 4087 1265 4139 Caius
1284 4104 1325 4139 est
1339 4085 1419 4138 intel-

119 4157 252 4230 ligendus.
290 4160 384 4229 Neque
409 4160 518 4214 obstant
544 4177 611 4232 qnae
637 4178 802 4232 sequuntur,
832 4180 892 4213 cum
916 4181 969 4232 quo
996 4167 1026 4212 in
1049 4168 1176 4229 gratiam
1202 4178 1257 4213 non
1285 4162 1419 4212 redierat.

118 4234 212 4287 Csinm
232 4239 309 4286 enim
328 4238 455 4287 Ciceroni
475 4236 546 4288 band
565 4242 724 4290 amiciorem
744 4237 826 4290 luisse
845 4235 929 4290 fratre
950 4235 1066 4303 Publio,
1093 4251 1204 4306 apparet
1223 4255 1255 4287 ex
1274 4240 1324 4299 iis,
1350 4251 1418 4304 quae

117 4323 258 4361 narrantur
286 4323 302 4358 s
329 4308 420 4360 Dione
450 4309 545 4364 Cassio
570 4313 719 4378 (xxxix.
748 4312 806 4385 21.)
832 4310 904 4366 lacta
937 4311 1050 4364 biennio
1084 4326 1146 4363 ante
1178 4316 1332 4364 orationem
1369 4327 1417 4382 pro

120 4381 218 4438 &suro
238 4381 372 4436 bahitsm.

189 4464 233 4516 12.
253 4459 332 4510 Nam
349 4463 414 4527 quio
431 4460 468 4531 is]
499 4479 613 4530 namque
633 4466 657 4510 is
681 4465 711 4511 in
729 4459 797 4513 alter
817 4459 878 4513 cod.
898 4459 992 4513 Ambe.
1011 4489 1048 4502 -
1066 4477 1130 4510 nam
1149 4465 1208 4528 ptris
1226 4464 1251 4510 is
1270 4458 1336 4510 tlter
1356 4455 1417 4509 cod.

119 4532 260 4586 Ambru-
279 4534 312 4585 ln
333 4540 495 4604 pronomine
514 4542 540 4587 is
560 4540 663 4606 primus
683 4535 796 4587 otleudit
816 4539 922 4596 Maius,
943 4536 1013 4586 male
1037 4535 1200 4597 intellectis,
1221 4549 1249 4585 ut
1270 4538 1321 4584 iam
1343 4535 1418 4584 uidi-

119 4623 190 4672 mns,
222 4606 314 4659 uerbis
341 4612 461 4677 proxime
482 4607 715 4663 antecedentibus.
752 4611 826 4662 Haec
853 4615 925 4662 enim
946 4614 1104 4661 annotavit:
1138 4613 1251 4675 ,Quam
1271 4607 1417 4660 lectionem

120 4680 267 4753 [nampulo
281 4681 321 4752 is]
341 4686 364 4732 si
386 4688 580 4748 retineremur,
600 4683 728 4736 Claudius
749 4683 874 4754 quidem,
901 4689 976 4737 cuius
997 4699 1058 4736 ante
1080 4688 1130 4736 tria
1151 4684 1230 4735 verba
1250 4685 1354 4735 utentio
1374 4683 1417 4746 lit,

118 4772 170 4808 non
193 4757 315 4812 Mlius.
336 4753 384 4808 sed
409 4756 490 4813 Caius
516 4775 601 4822 esset,
629 4761 700 4827 quod
720 4775 735 4810 a
756 4765 870 4812 veritate
889 4758 1030 4812 abhorret:
1060 4763 1083 4810 si
1104 4756 1211 4828 quidem
1229 4757 1340 4812 Publius
1360 4773 1418 4811 erat
