3210 5280
332 207 380 274 iii
404 205 512 273 Act.
534 205 583 274 il.
606 203 655 269 tn
678 202 720 269 C.
744 199 945 268 VERREM
967 194 1059 267 ΗΒ.
1081 196 1111 263 Ι.
1310 192 1370 259 titi

64 368 194 413 nummo
216 349 370 433 redempti
391 350 554 418 Hortensii
584 365 615 416 et
645 347 803 410 inutorutn
832 340 948 403 Verris
976 341 1028 401 ad.
1042 335 1255 403 defensionem
1283 334 1369 410 eius,

65 443 155 523 quod
176 463 212 505 se
233 464 362 528 qttoque
384 466 401 507 e
422 445 599 527 suspicione
620 441 778 506 hominum
800 455 865 499 non
888 432 1013 514 excepit
1034 431 1177 495 'l'ullius.'

147 534 307 602 Sciebam
335 539 369 599 in
397 538 584 604 reiiciendis
612 529 792 612 indicibus]
854 527 970 601 Multi,
1007 524 1125 608 inquit,
1162 523 1206 584 ita
1242 522 1373 587 subtiles

63 623 195 688 inerunt
223 626 510 709 praevaricatores,
547 640 580 690 ut
608 628 638 689 in
668 636 732 688 tota
764 620 887 685 actione
914 619 1021 681 fideles
1043 629 1169 681 actores
1191 635 1261 680 esse
1284 616 1372 680 vide·

63 731 194 794 rentur,
225 721 279 805 qui
304 732 492 786 tamennon
519 722 698 804 effugerunt
718 715 912 798 suspiciones
933 713 1113 787 hominm,
1144 731 1213 771 cum
1241 710 1271 772 in
1296 709 1397 774 reli-t

63 811 182 873 ciendis
202 810 357 877 indicibus
380 826 591 878 versarentur.
636 809 794 876 Reiicieus
817 809 900 871 enim
920 808 1018 890 tnalos
1040 816 1072 868 ot
1099 804 1237 867 retineas
1268 805 1372 866 bonos

68 924 166 989 verus
188 918 353 970 accttsator
379 889 577 990 intelligiiur.
633 897 695 987 Qui
719 924 797 968 vero
823 912 932 965 contra
957 900 1048 975 iacit,
1080 902 1166 975 †·et
1189 896 1230 959 sit
1250 895 1429 976 iopen-[⁵¹1

67 1009 174 1059 mento
200 998 336 1062 caeteris
365 1012 433 1063 astu
467 1010 574 1084 tegat,
614 1002 653 1062 de
685 999 748 1060 hoc
779 994 984 1078 intelligitur,
1019 995 1104 1077 quod
1135 989 1372 1073 praevaricator
1466 1048 1469 1055 ,

62 1087 192 1152 existat.
234 1093 266 1167 †·
282 1094 326 1156 Et
347 1095 430 1157 bona
453 1091 611 1156 accusatio
633 1113 703 1153 cum
725 1109 817 1151 causa
840 1084 993 1152 laudantis
1014 1083 1123 1147 iudicis
1146 1082 1287 1148 orituris.
1306 1138 1312 1152 ,

148 1186 197 1261 (§.
223 1186 290 1264 18.)
310 1188 387 1253 Post
405 1188 495 1252 dunc
514 1195 640 1250 statam
660 1186 711 1249 rei
727 1180 906 1262 publicae,
927 1199 995 1261 qno
1016 1197 1105 1240 nanc
1128 1175 1267 1254 utimar]
1308 1173 1371 1256 Qui
1384 1190 1415 1240 tt

70 1285 118 1336 est
138 1296 197 1356 per
219 1281 326 1342 decem
349 1302 462 1356 annos,
492 1301 531 1342 ex
553 1299 618 1363 quo
641 1275 726 1356 Sylla
751 1271 841 1346 vicit,
866 1291 905 1332 ex
928 1289 991 1351 quo
1013 1268 1129 1330 iudicat
1149 1280 1287 1333 senatus.

150 1371 263 1448 Quom
282 1376 344 1438 iste
364 1370 514 1454 landem]
558 1369 647 1432 Vitat
669 1375 904 1450 argumentum,
939 1363 1027 1446 quod
1056 1361 1086 1425 in
1108 1359 1211 1442 primo
1233 1359 1373 1428 rhetori·

63 1477 176 1522 corum
198 1463 399 1542 reprehendit
420 1475 452 1526 et
473 1482 649 1527 commane
670 1456 852 1541 appellavit.

150 1555 222 1632 Qui
240 1578 318 1619 enm
337 1558 371 1620 Ρ.
393 1555 534 1620 Galbam
555 1552 701 1617 iadicem
720 1547 898 1630 reiecisset]
942 1549 1079 1612 Bonum.

146 1645 199 1708 M.
220 1647 413 1711 Lucretium
432 1642 581 1725 retinnit]
640 1641 759 1704 Malunt
788 1643 919 1705 scilicet.
978 1643 1040 1704 Sed
1068 1652 1170 1702 tamen
1198 1636 1281 1702 scire
1310 1660 1369 1704 vos
1384 1649 1413 1698 tt

61 1737 212 1803 convenit
234 1739 316 1801 hiinc
337 1739 523 1802 Lucretium
545 1758 562 1798 a
586 1734 742 1800 Cicerone
765 1755 833 1799 esre
855 1734 1024 1802 reiecturus
1053 1731 1256 1819 nequeenim
1277 1752 1372 1815 prae·

61 1841 182 1893 sentem
205 1831 338 1914 iudicem
361 1831 542 1912 vituperare
563 1830 611 1894 ias
633 1828 706 1892 luit.

146 1922 255 1987 iieiici
270 1942 390 2003 passas
409 1916 505 2003 etiet]
547 1925 598 1986 Ac
620 1943 676 2003 pet·
689 1923 760 1984 ·h0c
782 1919 945 1983 reiecisset
965 1918 1046 2001 ipse.

146 2020 193 2094 (§.
218 2015 286 2091 19.)
308 2017 431 2078 Contra
443 2015 551 2090 fidem
571 2036 681 2081 meam
700 2015 786 2078 nillil
805 2013 983 2094 potuisset]
1024 2020 1042 2056 ῡ
1064 2013 1121 2085 9,·

147 2110 166 2147 ⁰
190 2109 208 2143 ο
232 2108 248 2142 ⁰
272 2105 352 2187 Quia
375 2127 437 2170 noo
459 2128 527 2169 sum
549 2106 705 2169 aedilitate
728 2104 877 2169 deiectus·
1381 2116 1414 2170 to

144 2204 190 2280 (ς.
214 2201 281 2277 to.)
316 2198 438 2264 Deinde
468 2198 609 2284 reliquis
641 2196 766 2279 diebus]
811 2199 956 2278 Apparet
988 2198 1093 2262 multis
1125 2199 1236 2263 diebus
1266 2198 1368 2283 prims

58 2295 186 2359 actione
206 2304 384 2356 accusatum
407 2289 572 2373 productis
594 2288 724 2352 testibus
748 2291 899 2352 Verrem.

56 2475 245 2527 magnopere,
271 2459 353 2506 immo
372 2458 541 2520 opinionem,
560 2455 608 2505 vei
621 2459 717 2524 potine
730 2451 819 2525 fidem
839 2448 974 2524 redempti
999 2454 1084 2527 Lugd.
1105 2454 1169 2510 ilos.
1190 2457 1267 2509 Man.
1288 2457 1369 2514 Creo.

58 2560 95 2579 .-
115 2533 217 2601 ,liaeo
236 2529 332 2596 verba,
351 2534 435 2581 immo
453 2532 606 2597 opinionem
623 2529 671 2582 vei
684 2533 781 2598 potine
792 2526 899 2601 fidem,
920 2533 949 2582 in
970 2531 1030 2585 MS.
1049 2530 1175 2588 desunt·”
1203 2531 1333 2587 GRAEV.

157 2657 364 2732 1.faatornm]
383 2656 538 2729 soenorum
557 2660 648 2712 Peior.
666 2684 704 2703 -
715 2656 865 2729 fautorem
884 2659 965 2715 Creo·

156 2738 184 2790 2.
203 2733 288 2806 qnod]
307 2733 353 2787 Sic
371 2737 477 2804 scripsi.
496 2762 533 2774 -
551 2733 704 2805 Legebator
722 2752 782 2803 prio.

156 2813 183 2871 5.
204 2812 275 2877 eain]
296 2825 353 2864 orn.
376 2811 467 2861 Princ.
487 2807 593 2863 Berald.
613 2808 672 2862 Ald.
694 2809 760 2863 Lnd.
798 2805 959 2862 Addcndaro
980 2826 1038 2863 esse
1058 2808 1130 2863 hanc
1150 2826 1245 2864 vocem
1265 2815 1370 2885 primos

61 2882 166 2938 viderat
187 2883 397 2938 stetinetuuon.

158 2963 185 3015 7.
202 2960 297 3028 veras]
319 2957 381 3012 did.
400 2974 426 3010 et
445 2975 518 3028 seqq.
540 2982 577 3002 υ-
594 2974 693 3008 verens
712 2958 805 3012 Ptine.
824 2986 861 2998 -
879 2966 1010 3010 versatus
1029 2958 1135 3014 Berald.

155 3035 184 3090 8.
205 3041 234 3084 et
250 3038 291 3084 sit
307 3063 326 3079 «-
346 3063 364 3076 -
383 3061 402 3076 -
421 3035 511 3102 tegat]
551 3030 598 3085 stc
615 3047 742 3105 corrupte
764 3034 855 3087 Ptine.
873 3048 899 3085 et
919 3035 1135 3105 (impedimento)
1156 3032 1216 3092 tld.
1237 3037 1314 3091 Man.
1336 3060 1371 3079 -

61 3113 95 3157 set
112 3112 152 3158 sit
170 3107 365 3165 impedimento
384 3112 504 3159 coeteris
522 3117 638 3176 aetttpne
657 3115 739 3174 tegat
753 3104 859 3162 Berald.
880 3105 949 3161 Lod.
968 3130 1005 3152 ⁴-
1024 3118 1052 3160 et
1071 3118 1102 3161 nt
1119 3117 1159 3160 sit
1176 3110 1371 3184 impedimento

61 3186 198 3244 caeteris,
218 3189 283 3233 ertn
294 3188 376 3249 tegat
388 3181 474 3252 Lngd.
494 3181 606 3250 (Malim
627 3189 655 3234 et
673 3190 705 3233 ut
723 3185 761 3231 sit
773 3179 966 3252 impedimento
978 3189 1112 3250 caeteris,
1125 3192 1220 3236 astute
1232 3181 1320 3259 ag'it.)
1332 3214 1370 3232 .-

62 3266 95 3308 at
111 3262 150 3309 sit
169 3255 360 3328 impedimento
378 3261 509 3322 caeteris,
528 3262 582 3308 etsi
601 3274 658 3308 rem
677 3265 741 3307 asta
760 3264 857 3324 tegat,
868 3254 962 3327 saclle
980 3265 1075 3309 tamen
1095 3261 1159 3314 ilot.
1180 3262 1258 3314 Creo.

156 3332 185 3388 9.
204 3329 243 3385 Bt
260 3330 332 3382 bona
351 3360 369 3375 ·
389 3361 407 3374 -
427 3335 555 3400 orituris]
591 3335 676 3385 Locos
697 3347 841 3404 corruptus
861 3336 902 3384 sio
923 3330 1022 3403 iegitur
1041 3338 1069 3385 ln
1090 3336 1180 3388 Petne.
1199 3363 1237 3379 -·
1257 3336 1288 3387 ln
1308 3333 1370 3393 did.

63 3422 114 3483 pro
138 3409 259 3458 orituris
281 3403 381 3475 legitur
406 3403 492 3459 divise
517 3412 610 3457 oritur
629 3412 668 3468 ts.
702 3410 729 3458 ln
755 3405 862 3461 Berald.
888 3421 915 3460 et
941 3405 1009 3461 Lod.
1029 3408 1195 3479 simpliciter
1213 3414 1314 3463 oritur.
1334 3403 1369 3451 -’-

63 3489 91 3531 et
110 3487 153 3532 est
173 3479 245 3531 bona
264 3486 405 3533 accusatio
425 3497 485 3530 cnm
504 3498 588 3531 causa
607 3479 742 3532 lucidandi
759 3479 864 3533 iudices
882 3486 974 3531 oritur
994 3483 1103 3536 Graevii
1126 3483 1185 3537 MS.
1207 3513 1246 3527 -·-
1269 3484 1308 3536 Et
1326 3494 1370 3537 est

62 3555 134 3684 itm
147 3559 269 3682 hspera-sig
295 3572 356 3605 eam
380 3573 464 3607 cansa
489 3557 634 3611 insidentia
653 3554 799 3621 (laudandi
816 3556 882 3609 1101.
901 3555 997 3632 Creo.)
1016 3559 1120 3611 indices
1138 3564 1264 3613 oratoris
1282 3560 1368 3632 Lopd.

89 3645 127 3682 ot.
181 3644 226 3684 an.
270 3648 326 3682 reo.
820 3655 826 3668 s

140 3709 184 3761 10.
204 3709 247 3755 rei
262 3703 398 3773 publicae]
430 3701 478 3756 iio.
498 3701 548 3757 Po.
567 3701 629 3758 did.

140 3776 213 3834 tbtd.
232 3797 284 3848 pao
302 3780 384 3844 niano]
417 3783 510 3847 quiin
529 3776 599 3828 isnne
617 3778 710 3833 Ptine.

139 3856 185 3912 13.
204 3853 278 3923 quod
301 3860 329 3906 in
351 3858 444 3924 primo
469 3851 681 3921 rhetoricorum]
719 3855 766 3904 Sic
791 3856 898 3924 teripsl.
927 3881 963 3896 —
990 3855 1066 3924 qnod
1088 3856 1143 3928 tfim
1168 3855 1369 3914 rhetoricorum

63 3927 155 3981 Ptine.
173 3951 210 3967 -
228 3927 302 3998 quod
318 3932 406 3996 ipsum
425 3933 455 3977 in
473 3926 554 3981 libris
571 3925 774 3980 rhetoricorum
794 3925 899 3979 Berald.
923 3958 954 3970 -
975 3930 1049 4001 qnod
1064 3937 1122 4002 ipre
1135 3927 1337 3984 rhetoricorum
1351 3931 1370 3965 ⁴*

63 4001 124 4055 ald.
143 4029 182 4043 -
199 4003 272 4070 prod
289 4008 346 4073 ipse
365 4008 395 4054 tn
414 4002 492 4054 ntro
510 4001 710 4053 rhetoricorum
730 3998 798 4053 Lod.
820 4000 905 4074 Lupd.
926 4004 1003 4056 Man.
1023 4033 1056 4045 -
1076 4008 1151 4077 pund
1167 4009 1224 4075 ipsc
1243 4004 1369 4058 rhetori·

63 4091 156 4128 soram
171 4081 265 4150 primo
284 4077 348 4135 lior.
369 4077 449 4129 Creo.
479 4105 515 4120 ·-
542 4075 696 4147 significari
724 4073 829 4128 videtur
852 4077 928 4130 iocos
949 4076 981 4129 de
1002 4080 1107 4135 invent.
1128 4083 1151 4138 1.
1171 4097 1195 4130 r.
1216 4086 1259 4139 tu.
1279 4083 1303 4149 o.
1323 4085 1368 4143 26,

137 4154 180 4210 tii·
201 4149 358 4204 Lucretium
377 4168 395 4200 a
414 4151 559 4219 Cicerone]
590 4149 745 4204 Lucretium
764 4151 921 4206 Ciceronem
941 4153 1030 4208 Prlnr.
1057 4186 1093 4202 ·-
1120 4157 1278 4213 Lucretium
1298 4164 1369 4210 reti-

63 4230 140 4291 nttii‚
162 4226 321 4278 Ciceronem
341 4223 450 4278 Graevii
473 4227 532 4280 MS.

138 4302 181 4356 19.
202 4301 306 4352 Contra
319 4297 411 4371 fidem
428 4317 517 4353 meam
535 4298 607 4353 nihii
619 4298 771 4370 potuisset]
811 4299 858 4353 Sic
884 4305 982 4375 scripsi
1009 4319 1024 4353 e
1044 4303 1185 4362 Cicerone.
1206 4336 1242 4350 -
1262 4309 1369 4365 Contra

59 4370 146 4444 ¹fidem
172 4393 260 4425 meam
284 4373 355 4426 ninii
374 4380 497 4445 potuisse
524 4379 616 4430 Prior.
637 4373 744 4428 Bersld.
764 4373 825 4428 ald.
847 4374 913 4428 Lod.
950 4405 981 4419 -
1012 4388 1111 4432 contrn
1130 4380 1259 4435 honorem
1279 4403 1369 4439 metim

64 4447 133 4500 niirii
146 4466 229 4520 posse
248 4449 344 4500 debere
364 4449 449 4520 Lupd.
469 4450 546 4504 Man.
567 4464 593 4502 et
613 4454 729 4514 (omisso
748 4447 856 4523 dedere)
876 4449 940 4506 Hot.
962 4451 1043 4505 Cren.
1072 4482 1106 4495 -
1137 4460 1253 4530 Apparet
1274 4458 1367 4516 iocum

65 4539 187 4577 mancam
215 4540 288 4586 esse,
318 4539 345 4576 et
372 4523 492 4577 iemmttl
517 4540 613 4578 nostro
632 4528 902 4600 interpretationem,
932 4529 1155 4599 iuterpretatloni
1182 4549 1262 4599 cero,
1300 4517 1370 4609 sluaa
1449 4530 1453 4537 '

66 4602 199 4670 sequitur,
218 4598 319 4652 lemma
338 4600 441 4655 deesse.
517 4621 520 4628 ·

136 4681 181 4728 20.
200 4674 273 4744 Quia
292 4690 346 4727 non
364 4676 437 4741 turn]
466 4672 540 4742 qnod
556 4679 669 4728 nonsit
688 4675 798 4729 Graevii
819 4673 879 4730 MS.

135 4745 206 4800 ibid.
227 4749 358 4814 deiectus]
388 4747 486 4801 deictus
505 4749 596 4802 Prino-

105 4845 225 4896 Μαι·
239 4851 262 4892 u
276 4850 322 4896 cu.
338 4851 383 4894 vn
399 4851 425 4889 v.
439 4851 459 4894 r.
1035 4829 1073 4892 ii
