3210 5280
197 187 262 303 stu
619 222 824 295 senonis
847 226 1100 293 sostnusta

198 372 284 437 Post
304 372 391 454 qrtod
410 390 484 434 rcus
509 372 548 434 de
569 369 711 435 incesto¹
734 370 837 434 iacun
860 380 909 432 cst
931 369 973 434 P.
995 366 1148 444 Clodius,
1173 375 1339 429 accersente
1360 366 1405 428 L.
1431 365 1523 427 Lea·

197 463 288 540 tulo,
314 463 501 527 defendente
522 461 564 530 C.
581 463 724 528 Curione
737 475 842 546 patre.
887 465 968 526 Nam
989 473 1052 525 tres
1066 460 1127 524 illis
1141 461 1338 545 temporibus
1354 458 1523 523 Curiones

125 590 128 597 ·
197 555 314 621 illustri
343 558 468 621 nomine
491 556 683 633 extiterunt,
720 568 816 643 atque
844 555 887 619 ita
915 555 947 618 in
971 553 1060 618 libris
1091 556 1193 616 adbuc
1220 555 1383 627 irritatum
1415 551 1525 616 Corio

198 670 298 727 avus,
334 649 389 734 qui
421 650 567 724 Servium
597 649 746 714 Fulvium
775 649 887 714 incesti
915 669 1004 712 reum
1027 647 1183 721 defendit3
1219 658 1250 710 et
1271 647 1322 709 bie
1344 644 1388 712 C.
1415 645 1524 710 Curio

173 753 307 828 spater,
332 743 385 826 qaai
405 745 447 808 Ρ.
466 741 584 808 Clodio
607 742 725 818 adluit;
749 756 780 806 et
802 743 915 807 tertius
937 743 989 806 ille
1012 738 1114 806 Citrio
1130 739 1335 816 tribunicius,
1361 739 1416 822 qui
1433 739 1527 801 bello

197 834 284 900 civili
307 836 503 918 Pompeiano
526 836 558 901 in
579 837 691 901 Africa
711 835 825 919 periit:
849 858 944 919 qrrrrm
959 835 1071 899 enim²
1093 843 1178 897 esset
1193 834 1329 915 partium
1355 830 1524 908 Caesaris,

197 951 372 1013 oppressus
399 941 447 994 eet
475 932 517 994 ab
538 929 698 1016 equitibus
723 931 824 994 Iubae
849 930 949 1016 regis.
995 930 1058 993 Sed
1084 931 1233 991 hactenus
1257 928 1295 990 de
1319 924 1524 991 Curionibus

198 1023 314 1087 dictum
339 1022 392 1088 sit.
435 1025 575 1088 Multum
598 1024 713 1109 diuque
738 1023 852 1087 habitis
872 1021 1162 1087 concertationibus
1186 1032 1259 1112 aute
1281 1020 1451 1096 iudicium,
1476 1020 1523 1082 P.

199 1114 334 1188 Clodius
357 1138 374 1181 a
403 1119 583 1182 turbulenta
606 1117 823 1192 multitudiue,
846 1139 885 1180 ne
909 1139 1033 1180 causam
1056 1117 1195 1192 diceret,
1219 1137 1283 1181 nou
1309 1115 1374 1179 sine
1398 1115 1525 1197 impetu

155 1210 361 1276 ttseditiouis
383 1214 505 1276 adiutus
528 1225 595 1278 est:
633 1224 764 1278 auctore
794 1212 886 1276 binius
911 1211 1158 1293 conspirationis
1190 1211 1234 1293 Q.
1266 1211 1361 1274 Fufio
1394 1207 1525 1272 Caleno

196 1304 326 1371 tribuno
342 1308 411 1392 pb,
435 1308 524 1370 cuiue
551 1305 739 1370 mentionem
760 1304 984 1370 creberrimam
1008 1304 1163 1369 Tullius
1155 1327 1186 1368 ro
1211 1302 1422 1386 Philippicia³
1445 1320 1527 1366 ora-

196 1392 339 1464 tionibus
360 1400 448 1464 lacit.
494 1401 651 1464 Obstante
671 1418 750 1462 vcro
773 1399 894 1482 paenel
915 1399 1066 1462 universo
1088 1409 1198 1462 senatu
1224 1420 1284 1481 pro
1311 1394 1527 1460 sanctimonia

114 1501 115 1505 ’
197 1493 388 1578 religionum
411 1495 564 1556 adversus
596 1494 714 1555 crimen
741 1491 870 1568 incesti,
905 1491 1024 1555 iudices
1052 1505 1156 1555 tamen
1183 1495 1222 1554 ad
1251 1503 1428 1554 extremum
1456 1478 1527 1550 dari

125 1574 129 1583 ’
198 1598 282 1651 sum.
327 1590 371 1652 Et
392 1586 496 1669 primo
517 1586 642 1672 quidem
665 1588 704 1649 ab
726 1597 836 1648 senatu
857 1570 1047 1667 praesidium
1070 1586 1265 1667 petiverant,
1289 1596 1327 1647 ut
1345 1581 1526 1652 dectodio

155 1680 421 1786 sspotentissimo
451 1680 576 1743 homine
607 1679 736 1743 liberius
762 1678 969 1742 iudicaretur.
1024 1683 1147 1743 Verum
1171 1680 1212 1742 ita
1235 1701 1287 1742 res
1313 1663 1450 1750 cecidit,
1491 1687 1528 1737 ut

197 1772 229 1836 iu
252 1796 322 1838 eum
347 1773 438 1836 inulti
460 1795 562 1859 grave
590 1773 802 1838 testimonium
825 1775 983 1848 dicerent3
1007 1794 1143 1856 qttorum
1166 1773 1198 1838 iu
1223 1795 1356 1837 numero
1382 1772 1526 1835 Marcus

197 1866 267 1950 ipse
285 1867 410 1931 Tullius
430 1867 665 1953 interrogatus,
689 1868 731 1930 ait
746 1869 784 1930 ad
806 1888 840 1930 se
860 1869 1027 1930 salutatum
1048 1868 1170 1931 venisse
1190 1867 1258 1949 ipsa
1282 1868 1331 1929 dic
1353 1865 1525 1941 Clodium,

197 1981 258 2043 qua
287 1982 322 2024 se
351 1957 405 2025 ille
434 1964 640 2024 contenderat
671 1960 889 2025 lnteranmac⁵
920 1961 1035 2037 luisse,
1071 1961 1208 2025 millibus
1237 1983 1386 2044 passruun
1417 1959 1526 2023 ierrrae

198 2054 384 2118 LXXXX.
416 2057 457 2117 ab
492 2056 572 2118 urbe
606 2053 812 2128 disiunctum
846 2076 911 2139 quo
940 2056 1061 2118 scilicet
1092 2055 1190 2119 videri
1221 2056 1372 2130 volebat,
1407 2054 1528 2118 incesti

154 2167 187 2217 2⁰
200 2147 325 2211 Rornae
347 2147 562 2211 committendi
586 2145 774 2215 facultatem
788 2168 850 2212 non
873 2146 1032 2212 babuisse.
1075 2150 1121 2213 Et
1146 2161 1219 2231 poet
1241 2151 1319 2211 hacc
1341 2150 1382 2210 ab
1408 2146 1526 2211 iudici·

197 2241 258 2304 bus
279 2241 397 2305 XXV.
427 2244 589 2305 damnatus
612 2253 671 2305 est.
715 2240 902 2310 Praevaluit
921 2253 1028 2304 tamen
1055 2246 1095 2304 ad
1124 2243 1190 2307 ciras
1220 2242 1386 2307 victoriam
1420 2241 1528 2306 anaior

197 2352 310 2400 eorum
330 2356 496 2411 uumerus,
513 2334 567 2418 qui
592 2334 820 2400 absolverunt:
845 2357 913 2398 nam
937 2337 1054 2399 XXX.
1078 2349 1109 2399 et
1131 2358 1191 2403 tina
1205 2359 1268 2419 pro
1285 2358 1324 2401 eo
1343 2337 1527 2400 sententiae

197 2428 281 2492 latae
302 2441 388 2491 erint.
432 2429 512 2492 lnde
533 2427 633 2513 igitur
648 2427 814 2511 kapitalis⁶
835 2426 978 2491 iuimicus
993 2427 1024 2490 in
1041 2431 1093 2492 M.
1111 2431 1249 2493 'tuition
1265 2430 1370 2511 coepit
1386 2430 1526 2493 efferri⁷

200 2532 254 2599 et,
279 2545 375 2605 quum
397 2522 454 2587 illo
476 2544 560 2587 anno
590 2523 770 2605 potestate⁸
792 2526 973 2605 qraaestoria
1003 2521 1214 2606 iungeretur,
1252 2525 1337 2604 apud
1364 2524 1528 2604 populum

153 2630 187 2680 2⁵
198 2614 399 2679 creberrimis
421 2637 491 2679 eum
513 2615 715 2681 contionibus
738 2617 933 2702 lacessebat:
957 2615 1055 2681 minas
1076 2616 1150 2700 quin
1174 2617 1268 2679 imino
1296 2611 1543 2697 praetendens(

197 2710 237 2773 sd
257 2704 409 2772 familiam
423 2730 458 2773 se
472 2709 627 2792 plebeiam
642 2707 862 2784 transiturum,
888 2719 922 2771 ιιι
936 2709 1082 2781 tribanus
1100 2710 1149 2792 pl.
1167 2710 1274 2785 fieret,
1298 2710 1525 2775 denuntiabat.

267 2917 292 2969 1.
310 2919 347 2964 lta
365 2920 443 2973 cod..
464 2918 631 2964 nooineeatse.
668 2914 693 2966 2.
713 2917 825 2962 Schuetz.
843 2913 911 2962 Num
925 2929 999 2975 quum
1017 2921 1093 2962 esset.
1130 2917 1211 2962 Possit
1230 2917 1287 2961 item
1309 2915 1356 2975 legi
1370 2927 1526 2974 oppresses,

335 2994 452 3045 expuncto
468 3002 492 3033 s.
513 2994 560 3033 est.
589 2989 676 3032 Barea.
714 2984 739 3032 ³.
759 2988 820 3032 Cod.
834 2984 972 3048 filippirie.
1010 2987 1111 3031 Retineo
1133 2983 1370 3041 eutamerol’li,
1390 2988 1449 3043 quia
1464 2988 1526 3032 baec

336 3060 436 3115 scriptio
452 3073 498 3103 non
518 3062 554 3102 est
573 3058 711 3116 infrequens
729 3057 751 3101 iu
769 3056 872 3114 antiquis
886 3055 977 3100 batiuis
990 3057 1128 3100 codicibus.
1165 3058 1225 3101 Vide
1241 3069 1280 3103 ex.
1299 3068 1336 3114 gr.
1352 3056 1527 3108 Symmachum

335 3129 400 3172 laad.
417 3127 437 3172 1.
457 3130 480 3173 in
501 3128 620 3175 valentin.
640 3141 692 3172 aea.
710 3141 763 3183 esp.
783 3126 829 3170 tx.
850 3127 913 3170 land.
935 3125 966 3169 ΙΙ.
986 3139 1038 3182 rap.
1058 3124 1142 3170 XXV.
1163 3127 1226 3172 laod.
1247 3126 1270 3170 ia
1289 3125 1399 3170 Gratias.
1421 3141 1443 3172 r.
1464 3127 1524 3170 Vll.

338 3196 363 3244 1.
383 3197 445 3246 eoo.
461 3211 526 3255 perse
552 3198 596 3243 boc
618 3198 686 3252 loco,
717 3203 743 3242 at
768 3196 825 3241 aiibi
848 3196 899 3241 lere
923 3208 1018 3249 semper
1039 3199 1153 3241 scribitur
1167 3210 1259 3253 poene.
1297 3193 1320 3241 5.
1342 3193 1426 3240 Codex
1452 3197 1527 3241 babet

335 3273 448 3322 corrupte
466 3267 619 3313 Inter-umere.
656 3266 747 3310 Contra
769 3266 879 3321 saperius
904 3267 960 3310 iietu
985 3269 1113 3321 araendose,
1141 3266 1297 3325 aequilibres,
1324 3263 1451 3320 caecidit,
1480 3280 1527 3322 pro

335 3336 473 3397 equitibus,
493 3334 593 3384 recidit.
630 3335 749 3381 Nimirum
766 3335 965 3393 dipbiboognrum
985 3336 1047 3380 ratio
1071 3337 1137 3380 valde
1161 3341 1196 3380 est
1214 3338 1237 3381 in
1257 3333 1344 3379 Codice
1365 3336 1524 3393 perturbem

336 3408 399 3465 quod
416 3407 526 3465 quidem,
555 3406 731 3465 meoiudicio,
760 3407 908 3450 demonstrat
931 3406 1039 3452 scribere
1063 3407 1149 3448 solitos
1167 3405 1241 3451 luisse
1265 3405 1387 3449 llomanos
1405 3419 1452 3459 ese,
1481 3407 1527 3450 aed

334 3477 489 3533 pronuntiare
507 3488 538 3530 e,·
556 3476 628 3521 veluti
649 3480 717 3520 retro
735 3474 861 3520 observavi
879 3488 913 3519 ou
930 3477 1080 3531 pronuntiari
1099 3477 1197 3521 solitum
1215 3489 1240 3521 o.
1279 3471 1302 3520 d.
1323 3475 1358 3518 lta
1371 3472 1434 3519 Cod.
1453 3473 1527 3521 tuest

334 3543 427 3593 Graec!
444 3544 575 3603 dupitels'e.
612 3546 652 3590 Sic
671 3544 772 3590 interius
793 3549 904 3589 occurret
929 3544 1014 3604 despui.
1052 3544 1139 3589 Cicero
1160 3547 1212 3601 ipse
1234 3547 1257 3589 in
1277 3542 1381 3589 Oratore
1403 3544 1525 3591 xbvttt.
1568 3572 1572 3581 =

334 3616 431 3671 scripsit
446 3611 644 3675 Karthaginem.
680 3614 721 3658 Sic
739 3615 799 3670 apud
818 3619 912 3660 veteres
930 3630 977 3661 non
996 3629 1053 3659 raro
1074 3620 1203 3659 occurrunt
1218 3612 1354 3667 dolendae,
1374 3613 1524 3670 dulumniu,

333 3685 487 3732 durissimus
511 3690 557 3731 est.
595 3685 655 3729 Vide
680 3684 780 3741 Quintil.
800 3684 859 3728 last.
880 3684 900 3728 1.
927 3683 970 3742 l.;
998 3686 1145 3730 Frontonem
1163 3689 1188 3730 ta
1215 3684 1330 3738 exemplis
1356 3685 1523 3731 elocutionum

332 3770 386 3804 ror.
406 3751 451 3814 K;
470 3755 621 3801 Marcianum
639 3754 761 3809 Capellam
780 3753 822 3801 lib.
845 3753 888 3798 111.
908 3768 960 3810 cap.
981 3758 1009 3800 de
1028 3756 1116 3812 anutis;
1135 3760 1158 3799 et
1177 3752 1328 3799 int’uurbio
1348 3753 1526 3801 Terentianum

332 3840 358 3883 p.
379 3821 471 3884 21110.;
499 3825 583 3871 Valer.
608 3823 685 3870 Proli-
710 3837 734 3878 p.
761 3823 836 3869 1515.
857 3829 906 3868 torn
923 3825 1024 3883 denique
1044 3825 1175 3870 Cellarium
1199 3823 1316 3882 Ortbogr.
1344 3823 1405 3869 edit.
1435 3825 1522 3871 Pater.

334 3893 411 3942 1721.
431 3909 456 3953 p.
476 3892 502 3942 1.
546 3891 570 3942 l.
592 3914 621 3927 -
645 3890 750 3957 efferari
765 3894 878 3939 Schuetz.
925 3891 950 3938 d.
971 3895 1031 3940 Cod.
1051 3900 1150 3941 testate.

269 4023 297 4078 5.
317 4017 424 4089 Nempe
443 4021 473 4072 tn
493 4032 588 4070 eorum
609 4013 802 4079 orationibus,
833 4030 902 4085 quae
929 4013 1019 4068 adbuc
1044 3994 1226 4087 supereraut,
1254 4032 1338 4087 quom
1366 4014 1416 4068 bic
1442 4031 1528 4068 com-

194 4096 348 4147 meotarius
367 4091 551 4148 scribebatur.
588 4091 696 4147 Plinius
715 4093 781 4145 hiet.
801 4090 861 4144 Vll.
882 4095 928 4149 lid.
948 4108 1004 4143 serta
1015 4088 1138 4163 familia
1158 4092 1327 4156 Curionum,
1345 4096 1376 4142 ire
1394 4109 1452 4160 que
1465 4099 1529 4143 tres

195 4172 331 4222 continua
349 4173 421 4220 serie
440 4177 571 4221 oratores
593 4171 775 4219 exstiterunt

276 4255 319 4303 ιι.
342 4247 475 4298 Asconius
501 4242 536 4297 ad
562 4258 633 4297 orat.
663 4258 713 4313 pro
742 4241 805 4296 Mil.
824 4242 871 4297 Vl.
889 4256 1000 4295 narrat:
1029 4258 1082 4312 per
1101 4240 1211 4315 mptum
1240 4243 1302 4316 (seu
1321 4240 1447 4310 mutum)
1475 4242 1527 4293 illo

197 4331 337 4394 tempore,
357 4336 411 4389 que
429 4319 463 4371 de
482 4324 589 4374 incestu
611 4322 642 4375 P.
662 4316 754 4371 Clodia·
772 4325 868 4372 aeirem
886 4327 945 4386 eet,
955 4315 1091 4388 facteem,
1110 4335 1144 4370 rae
1156 4338 1183 4375 ,a
1201 4325 1301 4369 serietas
1320 4321 1452 4387 asperius
1470 4316 1526 4368 de-

196 4403 407 4528 mmiiiuillde
417 4475 578 4542 praesertim
593 4482 734 4530 octavam
748 4483 807 4522 rum
822 4472 906 4522 etiam
921 4467 1076 4534 decimam,
1087 4466 1263 4522 undecimam
1277 4481 1305 4519 et
1319 4464 1527 4522 duodecimam.

273 4549 318 4604 18.
338 4542 512 4598 normann
532 4542 707 4601 mendacium
728 4545 798 4598 ridet
819 4546 1022 4599 Cicercetism
1043 4561 1093 4617 pro
1113 4541 1198 4597 domo
1218 4544 1312 4598 111111.
1333 4559 1360 4596 et
1381 4560 1434 4615 pro
1461 4542 1527 4597 blil.

199 4623 315 4753 xvu26·
338 4693 369 4748 ld
389 4710 485 4769 reapse
511 4701 652 4769 praestitit
676 4690 806 4762 Clodius,
837 4711 921 4767 quum
951 4712 982 4750 us
1008 4709 1024 4746 a
1049 4694 1166 4748 donacio
1194 4691 1374 4769 adoptaretur
1405 4699 1529 4752 curarit.

196 4769 268 4828 Vide
288 4786 338 4845 pro
357 4767 442 4826 domo
462 4771 696 4831 Ι1111-11111Λι
715 4767 749 4825 de
769 4771 947 4847 bamapteuau
968 4789 1040 4845 resp.
1065 4771 1185 4828 xxvu.
