3210 5280
222 216 284 285 tte
636 219 840 289 scironia
862 218 1110 292 Bonlnusts

873 323 883 350 θ

221 359 392 426 habendae
412 363 487 425 sint.
526 358 629 446 Atqui
648 382 738 426 nnnc
753 362 936 426 Vnticonns
958 363 1116 440 interpres
1141 359 1178 421 id
1201 377 1337 442 quoqne
1354 359 1527 442 effugium

220 451 433 530 praecludit,
454 455 628 535 quoniam,
642 454 704 515 iias
734 455 825 533 ipsus
853 454 887 514 in
910 451 1151 514 commentario
1176 469 1239 512 suo
1260 447 1356 511 nobis
1375 449 1526 531 exhibet,

222 561 308 624 qnos
334 541 503 622 praedicti
521 544 636 604 critici
652 545 812 626 (qnorum
826 563 922 606 neruo
949 542 1106 607 vetustior
1127 537 1333 601 Mnrnlnndo
1355 541 1420 615 est)
1443 537 1527 600 obii-

221 630 365 695 eiciant.
418 632 538 696 Redeat
569 633 692 712 igitur,
723 633 773 695 vel
800 634 915 712 potins
945 637 1099 703 moneat,
1127 647 1207 690 suns
1237 627 1287 688 isis
1314 626 1525 690 orationibus

196 721 347 786 shouor:
377 731 480 803 utque
500 722 584 786 haec
611 724 856 798 controversia,
889 727 1054 803 quantum
1077 737 1250 799 auguror,
1279 715 1526 796 propemodum

221 807 377 887 definita,
397 809 599 873 documento
612 812 673 886 sit,
686 833 726 875 ne
737 812 856 892 focile
869 811 998 889 scripta
1012 817 1156 871 veterum
1171 805 1213 869 ob
1224 804 1373 870 eruditas
1388 808 1526 890 nls‘qnot

221 899 456 981 coniecturas,
472 898 715 963 Hordniniono
736 921 846 969 more,
866 898 905 962 de
931 901 1001 961 suis
1018 896 1147 961 sedilios
1167 895 1344 962 deturbare
1368 899 1524 962 velimus:

219 990 415 1067 praesertim
448 1010 554 1073 quum
582 993 770 1055 orationem
797 1012 933 1076 qnoque
965 1009 1028 1069 pro
1056 987 1231 1061 Marcello,
1264 1006 1370 1069 quum
1395 988 1526 1068 puriter

185 1104 189 1115 ¹
221 1074 387 1154 Woifins,
414 1080 581 1159 nuspiinto
603 1081 765 1158 consilio,
794 1082 948 1145 Ciceroni
966 1083 1092 1161 eripere
1111 1082 1202 1142 nisus
1223 1089 1293 1152 est,
1321 1087 1410 1142 vetus
1433 1076 1523 1139 eiius

179 1165 446 1245 wechelinus,
467 1187 490 1231 o
510 1189 564 1234 me
583 1170 662 1232 item
681 1168 754 1233 olio
774 1179 922 1252 tempore
941 1169 1068 1248 editus,
1089 1168 1349 1248 confirmaverit.

589 1526 896 1627 tuerere
935 1527 1165 1660 0qu

428 1723 747 1840 SENATUI
784 1725 1099 1814 GRATIAS
1134 1725 1319 1816 EGIT.
1403 1845 1406 1851 ¹

789 1889 953 1910 Μ

610 1925 1134 2067 c'ouueurunrus.
1183 2094 1186 2099 ⁴

306 2143 500 2214 orationum
527 2133 613 2212 ordo
639 2140 872 2211 'tullianorum
897 2167 921 2210 c
945 2147 1042 2211 uoltis
1065 2144 1231 2238 prsy‘ecio
1254 2147 1456 2232 postulabat,
1490 2159 1525 2212 nt

220 2239 437 2324 praecidentis
459 2239 683 2315 commentario
708 2262 774 2303 eam
793 2240 1021 2315 subiceremus,
1049 2261 1129 2324 quae
1153 2240 1334 2304 inscribitur
1355 2242 1397 2304 Sl
1420 2242 1523 2307 EUM

180 2335 264 2411 151².
288 2331 488 2399 CLODIUS
512 2335 709 2399 LEGIBUS
731 2335 1136 2408 INTERROGASSE'1'3
1173 2357 1254 2419 quae
1275 2335 1377 2400 oratio
1401 2336 1524 2400 videtur

221 2438 297 2512 post
325 2418 457 2492 mortem
485 2427 552 2491 eins
579 2427 718 2492 inventa.
770 2429 832 2490 Sed
860 2428 1006 2510 quoniam
1032 2428 1186 2510 plurimae
1211 2442 1462 2514 consequentur,
1493 2429 1524 2493 in

223 2521 336 2606 qssibns
346 2519 934 2602 pcneomnia(eommuniafflicturus
944 2533 1000 2595 est,
1011 2521 1344 2586 eximendamnumero
1354 2522 1523 2586 arbitratus

221 2632 310 2688 snm,
326 2616 453 2697 qnando
468 2616 563 2676 rebus
579 2612 655 2677 nihil
670 2616 834 2696 depereat,
854 2636 933 2697 quae
948 2615 1015 2679 sine
1033 2610 1178 2700 dubioin
1194 2617 1321 2678 aliarum
1338 2616 1524 2680 tractatione

222 2708 404 2771 reddentur.
448 2709 528 2771 Nam
544 2706 736 2788 plurifariam
752 2716 784 2769 et
807 2708 845 2768 de
864 2708 1028 2772 consulatu
1048 2729 1106 2772 sno
1130 2720 1161 2772 et
1181 2710 1219 2772 dc
1238 2706 1334 2772 exilio
1357 2719 1389 2772 et
1411 2723 1522 2775 eontra

180 2802 352 2873 eorundem
374 2798 521 2866 Clodium
543 2801 707 2866 locuturus
728 2810 789 2863 est.
832 2797 1077 2865 Consideremus
1096 2802 1193 2887 igitur
1218 2802 1231 2859 t
1256 2846 1267 2866 .
1292 2846 1302 2865 .
1327 2845 1336 2864 .

765 2902 782 2937 0
867 2902 884 2937 0
968 2903 986 2938 0

501 2986 798 3089 [Desiderantur
823 2988 993 3098 paginae
1021 2986 1245 3088 duodecim]

280 3114 445 3195 ·vt1.1.
496 3120 538 3193 is
564 3147 622 3191 me
647 3118 801 3217 quidem
827 3117 1001 3211 minime,
1044 3121 1111 3193 sed
1138 3145 1221 3212 uos,
1261 3122 1373 3231 rugis
1396 3150 1525 3225 super·

222 3232 388 3331 cilioque
413 3231 564 3331 decepit.

180 3376 212 3428 25
261 3410 265 3419 ,
306 3350 364 3433 [P.
387 3347 477 3425 240]
519 3347 582 3413 As't
595 3368 631 3410 se
647 3365 709 3407 non
725 3362 791 3406 esse
807 3343 971 3427 deceptum
986 3345 1045 3408 hac
1059 3344 1254 3411 simulatione
1269 3334 1416 3426 Pisonis,
1434 3369 1525 3434 qness

221 3442 364 3527 paenitus
385 3440 547 3526 cognitum
570 3437 733 3512 habuerit,
767 3449 900 3519 propter
928 3460 1078 3523 generum
1106 3461 1195 3502 snum
1225 3441 1343 3504 scilicet
1366 3440 1407 3506 C.
1432 3440 1526 3505 Piso.

222 3555 313 3610 nem,
337 3533 390 3618 qui
413 3547 481 3598 erat
504 3556 545 3597 ex
566 3535 674 3597 eadem
695 3528 829 3604 iamdiu
862 3533 916 3596 sed
938 3532 1090 3614 populum
1113 3533 1163 3596 vel
1188 3534 1320 3597 maxime
1341 3536 1523 3616 deceptum,

222 3627 278 3714 qui
299 3627 399 3691 vultui
423 3628 520 3707 magis
545 3626 630 3700 eius,
653 3645 745 3708 quam
769 3624 864 3687 rebus
885 3624 1072 3699 crediderit,
1095 3635 1130 3688 nt
1151 3628 1310 3691 consulem
1332 3627 1525 3711 designaret.

223 3724 320 3802 Quod
341 3740 420 3786 vero
442 3722 485 3785 ait
509 3723 547 3785 dc
570 3730 711 3782 materno
735 3715 887 3798 sangiune
909 3718 1138 3803 Transalpino,
1169 3741 1272 3805 aequo
1294 3719 1417 3804 plenius
1437 3720 1468 3783 in
1490 3740 1526 3782 es

180 3815 385 3894 moratione,
408 3814 545 3902 quaein
568 3813 715 3879 Pisonem
736 3810 840 3878 habita
863 3824 929 3889 est,
952 3813 1144 3877 continetur.
1188 3816 1263 3879 Non
1286 3816 1353 3879 vult
1376 3836 1457 3901 ergo
1476 3815 1525 3880 iu·

222 3906 307 3972 dicio
328 3910 440 3993 populi
460 3909 619 3974 consulens
641 3908 758 3972 iactum
782 3905 899 3983 videri,
924 3911 979 3972 sed
1000 3928 1124 3972 errore.

296 4077 346 4132 tt.
359 4073 423 4126 Duo
448 4071 517 4125 haec
540 4070 621 4124 ssrbs
640 4071 742 4141 incipit
759 4088 840 4141 qums
866 4085 922 4124 non
940 4067 1068 4143 leguntur
1086 4074 1116 4123 in
1135 4069 1253 4141 Codice,
1283 4077 1347 4144 qots
1366 4073 1525 4143 coloratos,

221 4162 276 4220 qno
295 4143 403 4199 insunt
423 4160 545 4212 exstars,
573 4163 655 4201 socos
674 4145 803 4217 elanguit.

297 4224 341 4280 tt.
360 4223 467 4275 Priores
488 4236 542 4274 sres
561 4224 715 4295 prohoemii
735 4219 862 4274 serslcnli
883 4217 1073 4273 cointio-suco
1092 4224 1186 4296 scripti
1205 4237 1389 4292 ossnoernnr,
1417 4238 1526 4299 praeter

221 4294 326 4370 aliquot
343 4293 465 4360 listerus,
485 4311 552 4369 qnos
571 4300 655 4349 rectis
674 4293 769 4348 iormts
789 4297 977 4367 exprimendas
997 4300 1099 4349 curavi.

296 4371 339 4428 16.
360 4370 492 4425 Notesnns
517 4369 628 4424 sisnlnsn
653 4368 811 4443 deperditas
835 4371 1043 4442 incognitosque
1066 4369 1151 4424 Tollit
1177 4375 1321 4426 orssionis.
1368 4375 1444 4440 (tois
1468 4377 1526 4427 sins

221 4442 306 4500 dnbio
324 4443 488 4499 dsclsmsrio
507 4444 660 4500 subdititia.
687 4447 754 4510 Os.)
792 4445 852 4498 iun
875 4443 909 4498 ds
931 4443 1054 4499 iudiciali
1073 4443 1205 4498 vocabulo
1232 4451 1411 4518 interrogare
1430 4449 1525 4523 legesis

222 4521 408 4592 prohoemium
427 4521 461 4573 de
479 4537 544 4572 aere
562 4520 653 4574 alieno
671 4519 790 4572 Milonis
808 4535 823 4571 a
843 4536 888 4575 ms
906 4519 1058 4573 Mediolani
1078 4521 1193 4574 aditum.

295 4600 340 4654 5⁰.
359 4595 396 4648 Le
416 4614 430 4648 s
449 4592 602 4668 irsgsnsnss
621 4592 787 4649 exordientis
807 4599 865 4649 eins
885 4598 1019 4648 orsstonts
1038 4611 1101 4647 cuns
1122 4597 1256 4653 Asconim
1284 4611 1342 4651 sum
1361 4603 1446 4652 estam
1466 4615 1523 4670 esp.

222 4669 329 4724 xxiii.
347 4670 402 4726 xx
427 4670 451 4725 1.
470 4668 570 4725 Muris
590 4671 721 4725 nimtrnsn
739 4671 848 4727 Pisonis
867 4666 1025 4725 catomum
1038 4668 1166 4744 qnidssn,
1186 4685 1217 4724 ιιι
1232 4668 1359 4728 obterens
1371 4675 1522 4738 Manutius,

220 4742 417 4818 Transalpinos
436 4744 521 4801 hono
540 4757 619 4820 pstor
637 4740 701 4801 init.
