3210 5280
326 211 375 312 IN
400 206 544 276 ottAT.
569 210 663 277 utto
686 213 730 275 Α.
755 203 936 276 LICINIO
961 208 1152 276 ARCHIA.
1330 209 1391 271 357

74 352 213 432 acceptis
235 354 343 413 decem
367 351 504 414 millibus
524 352 673 414 talentum
694 352 733 412 ab
749 372 825 435 rege
840 351 1047 428 Ptolemaeo,
1071 348 1198 413 diruisse
1215 349 1391 413 Romanum

75 447 246 507 exereitum
271 445 300 506 in
324 446 507 528 Aegyptum
531 443 703 509 diceretur.

151 564 186 642 2.
216 569 360 642 Census
388 579 539 643 nostros
566 571 742 669 requiris.

161 686 265 749 Etiam
290 688 351 749 hoc
367 699 555 765 argtrtrrento
570 686 776 750 deficiebatur
793 686 946 750 Archias:
971 706 1028 749 uec
1047 698 1173 769 poterat
1190 687 1216 750 is
1233 688 1392 768 probare,

75 803 146 843 cum
181 780 295 842 ceteris
329 780 451 842 civibus
480 780 632 844 Rotnanis
661 791 737 861 aput
759 780 1011 862 praecedentium
1038 792 1215 861 temporum
1245 786 1421 844 censoresi

76 877 158 937 bona
186 895 240 936 sua
263 874 456 954 prolessum.
512 875 555 936 Et
579 875 643 936 ltoe
672 874 836 937 coloratur
866 873 1025 935 absentiae
1055 874 1270 945 adlectione',
1310 875 1396 956 qttod

75 990 145 1028 euin
174 980 298 1030 constet
321 968 381 1030 illis
405 967 591 1030 censoribus
617 968 739 1033 Romae
765 988 828 1031 non
851 967 988 1043 luisse²‚
1014 989 1051 1029 ac
1073 979 1249 1050 propterea
1270 988 1396 1029 censntn

77 1084 139 1124 nun
163 1062 324 1124 detulisse.

152 1179 189 1258 3.
217 1186 308 1260 Cum
335 1187 380 1259 L.
408 1185 565 1260 Lucullo
592 1197 680 1284 aput
706 1190 908 1260 exereitum
937 1187 1064 1260 fuisse.

161 1305 199 1367 Iu
230 1305 307 1367 Asia
333 1305 454 1368 seilicet
477 1316 621 1388 tempore
645 1305 719 1367 belli
745 1303 969 1367 Mithridatici.
1412 1322 1441 1370 to

153 1424 190 1502 lt.
221 1429 267 1502 Et
295 1439 551 1503 testamentum
579 1453 689 1526 saepe
717 1428 805 1502 fecit
832 1432 973 1502 nostris
999 1430 1153 1530 legibus.

164 1547 352 1629 apartibus
375 1551 549 1610 adiutum.
595 1548 705 1610 Rebus
728 1547 825 1631 gestis
849 1569 940 1631 quiam
964 1547 1108 1629 plurimis·
1133 1548 1292 1610 Archiam·
1307 1545 1397 1631 signa

77 1639 209 1703 edidisse
233 1639 311 1703 civis
336 1642 396 1716 li„
421 1662 501 1724 quae
526 1662 589 1703 nou
610 1651 739 1722 poterat
762 1643 879 1703 habere
901 1640 1104 1726 peregrinus.

157 1765 221 1838 Vl.
250 1766 432 1865 Quantum
462 1767 621 1864 denique
649 1766 774 1860 aleae,
801 1775 976 1864 quantum
1003 1765 1099 1865 pilae
1110 1762 1137 1839 ³.

163 1886 244 1946 Sunt
266 1884 345 1945 enim
369 1884 465 1959 haec,
490 1894 525 1945 ut
547 1883 647 1966 vulgo
669 1884 900 1964 comperimus,
923 1903 1040 1967 genera
1065 1882 1205 1946 ludendi.
1413 1901 1443 1948 ts

153 2008 258 2081 VIII.
287 2006 379 2109 Quis
406 2010 527 2082 animo
550 2018 624 2082 iam
642 2009 781 2108 agresti
800 2017 844 2080 et
854 2007 949 2080 duro
967 2007 1060 2105 fnit,
1088 2018 1127 2082 ui
1144 2009 1259 2082 Rosci
1278 2018 1399 2081 morte
1455 2007 1459 2014 ’

78 2147 153 2196 uon
181 2114 446 2194 moveretur⁴?

163 2239 316 2319 Quintum
344 2237 496 2304 Roscium
524 2237 652 2303 Gallum
682 2235 758 2298 dicit
783 2233 844 2297 illis
875 2234 1074 2317 temporibus
1102 2235 1253 2298 illustrem
1286 2235 1399 2299 comici

78 2332 187 2413 operis
209 2333 390 2407 notorem⁵,
415 2351 507 2414 quem
522 2329 764 2393 familiarissime
781 2326 899 2417 Cicero
915 2329 1045 2404 dilexit,
1068 2329 1122 2412 qui
1146 2343 1211 2393 non
1237 2331 1310 2393 ito⁶
1331 2329 1400 2414 pri·

78 2430 148 2488 dem
174 2426 235 2487 vita
259 2436 453 2487 excesserat.
1411 2440 1443 2488 zo

156 2549 222 2623 tx.
252 2549 341 2623 llle⁷
368 2550 510 2623 Marius
537 2545 660 2623 idom⁸
687 2545 845 2622 eximie⁹
872 2547 918 2621 L.
946 2547 1115 2625 Clodium
1143 2549 1283 2624 dilexit.
1393 2663 1396 2669 ‚

164 2669 228 2732 Hie
250 2669 369 2750 primus
392 2669 515 2732 Romae
538 2670 639 2730 studia
662 2668 775 2729 Latina
803 2667 949 2731 docuisse
959 2648 1105 2759 fertur.

149 2876 174 2923 I.
192 2879 274 2923 Codex
292 2878 342 2923 aie:
374 2875 528 2928 adlectione,
548 2891 591 2921 nee
612 2878 682 2923 mele.
703 2901 735 2912 -
754 2877 785 2922 At
805 2877 835 2922 tt.
861 2877 951 2922 mavult
967 2874 1137 2937 adlegationes.
1174 2877 1259 2930 (Recte
1278 2877 1308 2923 tt.
1341 2877 1399 2930 or.)

217 2946 242 2992 2.
263 2948 323 2992 Cod.
336 2942 445 3006 sua'aeet.
493 2944 554 3005 (Ed.
573 2947 639 2992 Mad.
665 2953 688 2991 et
714 2945 829 3004 Ilomea.)
875 2943 899 2992 ³.
919 2945 979 2991 coe.
1004 2960 1047 3002 oro
1070 2949 1115 2993 hoe
1139 2952 1205 2993 testo
1225 2949 1312 3008 habet3
1338 2949 1398 3007 ocio

217 3018 298 3076 eloqui
314 3018 384 3074 pilae,
409 3017 454 3070 (sie
475 3016 547 3060 Rom.
563 3017 620 3073 pile
640 3017 721 3068 nea.)
739 3018 937 3071 corruptissime:
965 3017 1008 3061 sed
1030 3018 1053 3061 in
1071 3018 1115 3064 tae
1133 3019 1287 3072 correptione
1304 3021 1399 3063 latitare

216 3088 350 3145 elegantem
376 3088 502 3132 lectionem
523 3087 630 3140 alveolo,
659 3100 730 3144 quatu
760 3090 834 3131 codex
857 3088 961 3143 optitons
984 3084 1080 3132 Pithoei
1108 3083 1230 3142 exhibuit,
1257 3094 1341 3133 easset
1367 3085 1398 3131 Ν.

218 3154 243 3201 l.
263 3156 325 3204 Cod.
345 3161 493 3200 moreretur.
531 3153 556 3201 5.
576 3156 637 3200 Cod.
658 3163 795 3200 nectorem.
832 3154 856 3203 6.
876 3157 938 3204 Cod.
958 3155 1001 3215 qui
1017 3169 1066 3218 non
1086 3192 1093 3207 .
1114 3191 1121 3202 .
1142 3189 1149 3202 .
1170 3171 1186 3200 o
1201 3158 1301 3216 pridem
1314 3159 1400 3203 relicto

216 3229 328 3282 apstIoto.
364 3227 449 3270 Visam
464 3227 727 3281 estsieaaopleadntn.
766 3224 789 3270 t.
809 3228 870 3275 cod.
890 3227 946 3272 rua.
983 3221 1008 3270 8.
1028 3228 1129 3276 Videtur
1144 3229 1311 3287 corrigendam
1324 3230 1398 3282 iteam

217 3302 243 3340 at
265 3299 382 3342 edItionaa
406 3295 502 3340 habent.
541 3293 565 3343 ⁹.
585 3290 785 3341 Confossum.

171 3423 198 3474 2.
219 3406 301 3471 dulus
320 3415 458 3472 Gabinius
478 3431 550 3468 sono
570 3412 647 3471 urbia
667 3415 763 3470 DClC.
803 3417 990 3474 Ptolemaeum
1012 3423 1040 3472 lo
1060 3421 1212 3492 Aegyptum
1233 3436 1297 3474 ourn
1317 3438 1400 3473 exet-

76 3500 136 3547 eieu
156 3490 277 3557 redusit,
300 3510 387 3562 eoque
407 3497 524 3545 crimine
546 3496 691 3545 damnatus
711 3508 763 3546 eat.
804 3497 860 3546 lam
881 3495 949 3549 liaeo
970 3500 1061 3549 orosto
1080 3501 1161 3567 uulgo
1181 3495 1305 3550 creditur
1324 3501 1399 3549 dieta

77 3585 151 3621 anno
170 3567 247 3620 urbia
267 3567 511 3621 nctxxxttttt.
550 3568 641 3638 lgttur
661 3565 702 3619 uel
722 3582 846 3641 tempora
868 3571 1009 3640 perturbat
1035 3587 1130 3624 noster
1157 3577 1292 3644 interpres
1318 3587 1400 3643 atque

76 3643 111 3697 da
131 3642 186 3696 allo
211 3642 334 3696 Gabinio
359 3642 483 3711 loquitor
508 3645 624 3707 Cicero,
653 3658 682 3696 ot
708 3644 838 3697 censebat
864 3645 975 3717 quidam
1003 3652 1108 3698 amicus
1136 3664 1229 3711 meua,
1264 3646 1305 3699 vel
1331 3647 1399 3700 haec

76 3722 168 3772 orado
188 3717 329 3788 aliquanto
350 3722 435 3770 aerius
456 3719 628 3791 a'Cioerooe
647 3719 721 3770 dicta
741 3735 795 3772 est:
825 3725 870 3772 eol
898 3726 1051 3775 sententiae
1071 3720 1181 3773 obstare
1202 3720 1330 3775 aldentur
1348 3737 1398 3783 ea,

75 3810 145 3866 quae
165 3811 198 3845 es
218 3793 298 3846 huius
319 3796 453 3846 orationis
474 3808 532 3864 cap.
553 3792 584 3844 V.
604 3790 674 3845 dtett
696 3794 835 3847 Fabricius
856 3801 883 3848 tn
903 3797 1048 3850 Ciceronis
1070 3801 1125 3849 vita
1145 3794 1178 3847 ad
1199 3813 1302 3849 annum
1323 3796 1398 3848 urbia

75 3868 303 3923 Dcuxxxxtt.
324 3872 384 3934 (aen
405 3871 495 3948 posius
516 3867 768 3935 ocettxxxtu)
807 3872 905 3923 Pisone
925 3886 952 3923 et
972 3870 1093 3926 Messala
1114 3888 1186 3925 eoas.
1208 3872 1313 3925 Mateta.

151 3945 249 3995 Amico
269 3959 333 4008 tuo,
354 3948 432 3995 cuius
453 3947 618 3996 sententiam
638 3943 774 4008 attulisti,
795 3951 910 3999 omnino
931 3945 1089 4011 adsentior,
1108 3963 1198 3998 errare
1213 3946 1397 3999 Scholiastam

74 4018 110 4070 ds
131 4015 252 4071 Gabinio
272 4022 407 4072 censenti.
447 4020 568 4080 Quintus
587 4022 661 4070 enirn
682 4019 798 4084 Cicero,
824 4026 870 4092 qui
892 4020 945 4072 hoe
966 4023 1098 4074 iudleimn
1120 4025 1259 4085 exercuit,
1289 4037 1398 4092 tractor

76 4107 228 4146 ermanno
251 4093 405 4147 ucxettt.
446 4094 507 4147 auu
534 4109 625 4147 autem
646 4091 761 4148 Gabitrii
782 4095 925 4148 calamitae
945 4097 1046 4148 accidit
1067 4109 1140 4147 anno
1162 4098 1241 4151 DCC.
1273 4096 1398 4165 Detriqim

75 4168 223 4238 collegium
245 4166 312 4220 illud
333 4185 508 4240 praetorum,
528 4187 543 4220 e
563 4186 679 4240 quorum
695 4187 811 4223 tautuero
824 4170 960 4224 Gabinius
975 4170 1020 4223 Ille
1034 4186 1111 4235 erat,
1130 4170 1164 4223 de
1179 4187 1233 4241 quo
1248 4171 1292 4222 ute
1306 4186 1398 4222 sermo

76 4243 121 4308 fit,
151 4259 184 4295 eo
211 4259 299 4307 anno,
325 4261 380 4315 quo
406 4244 515 4298 ultanus
535 4259 562 4297 et
587 4243 678 4299 Carbo
702 4245 791 4318 legem
812 4246 845 4299 tle
871 4251 983 4299 civitate
1009 4244 1149 4311 tolerunt,
1179 4251 1206 4298 in
1235 4251 1398 4314 magistratu

74 4316 175 4370 luerat.
197 4317 332 4372 Naaaorrn.

152 4397 197 4449 21.
217 4391 311 4446 Codex
332 4409 425 4465 aperte
456 4394 486 4447 L.
516 4395 649 4447 Clodiam.
694 4393 729 4447 Et
756 4394 867 4460 quidem
894 4394 1008 4450 (iodim
1036 4394 1094 4468 (sed
1124 4412 1187 4447 eum
1218 4400 1396 4467 praenomine

72 4465 202 4538 Servius)
224 4486 380 4521 recensetur
399 4485 414 4518 a
436 4470 568 4523 Suetonio
589 4478 660 4523 inter
680 4469 798 4525 illustres
819 4477 1014 4544 grammaticos
1035 4488 1095 4543 esp.
1118 4473 1167 4530 ii..
1193 4488 1276 4542 gener
1296 4472 1394 4537 Quinti

74 4543 146 4595 artu
169 4548 235 4594 itetn
256 4549 440 4613 grammatici.
480 4544 532 4598 Sed
554 4547 662 4618 vulgata
682 4544 766 4598 Ieeuo
781 4549 925 4600 Ciceronis
946 4547 1027 4599 lubet
1050 4547 1080 4600 t.
1097 4545 1215 4598 Plotium
1236 4562 1281 4596 aot
1303 4545 1393 4596 Idan.

73 4625 152 4671 tinen.
193 4619 305 4672 Lucium
325 4637 417 4672 autem
440 4618 560 4673 Plotium
581 4627 701 4692 primum
724 4623 826 4675 Ronrae
847 4621 973 4674 docuisse
997 4625 1105 4676 iaetus.
1132 4638 1160 4673 ae
1181 4637 1282 4691 puero,
1308 4632 1395 4671 testa·

75 4709 120 4746 tur
139 4695 241 4747 cicero
262 4699 289 4745 in
311 4695 407 4767 [ragin.
427 4699 508 4767 epist.
535 4695 568 4747 ad
588 4698 724 4751 Titinium
746 4698 817 4768 apud
845 4696 961 4749 eundem
983 4698 1148 4753 Suetonium
1168 4704 1204 4750 de
1222 4694 1304 4749 elaris
1325 4699 1396 4753 rhet.

74 4784 136 4841 cap.
156 4770 193 4822 tt.
214 4772 300 4826 Porro
319 4770 406 4825 codes
425 4770 624 4828 Ambrosianus
644 4789 686 4828 eat
706 4773 946 4830 nteodoaisaioaua.
