3210 5280
455 219 505 287 IN
526 219 634 289 Act.
656 220 687 285 Ῑ.
710 220 759 285 ΙΝ
782 218 824 284 C.
848 217 1064 285 VERREM.
1164 221 1169 227 '
1348 213 1414 279 iii-³

189 363 237 437 (ξ.
260 359 328 440 40.)
349 360 394 428 Ut
414 361 636 426 discoioniias
656 360 775 442 signis]
828 359 894 422 lam
927 377 1025 440 snpra
1053 355 1167 419 dictam
1197 364 1256 419 est.
1310 353 1408 433 Sigon

113 463 214 514 sotem
244 452 296 516 alii
323 465 445 516 cerates
467 454 594 515 diverso
616 454 726 516 colore
748 452 885 526 tabidas,
917 450 970 514 alii
998 452 1038 512 ab
1070 448 1223 512 indicibus
1250 447 1407 528 appositas

106 546 229 607 tabnies
251 560 373 611 ceratas
395 547 511 610 diversi
533 545 652 610 coloris
674 546 777 622 siunt,
797 546 853 608 'ut
873 545 936 608 hoc
956 542 1078 628 signnm
1100 553 1182 606 esset
1203 544 1241 604 ad
1263 541 1408 604 voiunta-

107 649 167 701 tem
189 638 235 700 rei
256 641 428 705 sententiae
449 640 597 722 scriptae.
1415 668 1463 728 pe]

191 733 387 796 inratoram
406 732 592 811 hominnm]
643 730 786 796 Indicum
815 729 951 807 scilicet,
987 727 1043 815 qni
1063 727 1095 792 in
1116 724 1201 812 leges
1223 736 1293 790 ente
1314 744 1432 810 quamq

106 820 277 886 iudicarent
299 824 403 888 iurare
425 839 668 890 consueverant.

189 916 231 980 Se
251 913 372 980 natm
393 918 559 982 hominem
579 914 761 1000 potentem]
812 912 1016 979 Hortensium
1050 913 1118 977 vnit
1144 910 1289 996 intelligi.
1342 909 1408 974 Scit

107 1007 186 1070 enim
209 1010 271 1070 hoc
292 1006 368 1069 mire
394 1008 498 1071 raicre
520 1013 559 1072 ad
581 1010 772 1071 minuendam
795 1007 860 1071 eins
885 1007 1115 1071 anctoritatem.
1247 1051 1250 1057 -

190 1105 234 1179 (§.
258 1101 327 1173 44.)
346 1100 445 1182 Apud
462 1102 524 1164 Μ’.
547 1100 771 1179 Glabrionem]
814 1102 1000 1166 Praetorem
1021 1096 1302 1184 praesentiorem,
1338 1094 1408 1182 qni·

106 1213 166 1277 qne
187 1204 347 1275 praeesset
371 1193 442 1253 hnic
463 1190 592 1253 indicio.
963 1222 964 1226 ¹
1419 1213 1450 1263 to
1491 1186 1494 1195 '

191 1287 236 1362 (§.
261 1284 326 1362 44.)
349 1281 466 1366 Neque
488 1283 600 1346 niianr
621 1282 727 1345 aliam
749 1282 791 1347 ob
811 1306 952 1350 cansam
970 1285 1120 1367 popalus
1141 1280 1320 1360 iiomttnns]
1342 1281 1408 1345 Per

107 1396 204 1438 ennos
236 1375 401 1438 continuos
430 1385 493 1435 tres
525 1372 661 1453 populns
688 1376 847 1438 Rotnnnns
873 1378 928 1439 iiio
954 1366 1317 1456 tempore'iribttoicinm
1345 1393 1405 1454 po·

107 1478 252 1529 testatem
273 1467 448 1549 flagitabat.
491 1463 566 1527 Hoc
587 1461 703 1529 Cicero
733 1467 830 1529 utitur
850 1471 890 1531 ad
918 1467 1063 1531 invidiam
1088 1465 1273 1529 indiciorum
1302 1477 1333 1528 ct
1359 1464 1409 1527 in·

107 1558 230 1622 iamiam
253 1572 361 1621 senatu
384 1558 551 1621 indicante.

194 1654 265 1732 Qui
283 1652 337 1714 Otr.
357 1650 531 1730 Pompeio]
574 1648 612 1712 ln
639 1649 752 1713 invidie
780 1662 853 1716 irinc
875 1650 1045 1733 Pompeias
1073 1649 1152 1724 snit,
1185 1650 1272 1733 qnod
1299 1647 1451 1723 consults

110 1746 257 1807 redderet
284 1741 406 1822 popnio
432 1741 627 1804 tribuniciam
656 1756 856 1825 potestatem.
913 1747 976 1809 Sed
1006 1756 1106 1808 totnm
1138 1745 1259 1807 'l'niiins
1291 1745 1330 1805 sd
1360 1738 1409 1804 etti

107 1834 261 1918 temporis
294 1837 492 1897 commodum
529 1835 646 1912 refert,
685 1850 719 1900 nt
749 1839 841 1901 etism
876 1836 986 1904 Catuli
1017 1838 1198 1900 sententiam
1232 1837 1263 1901 in
1299 1846 1410 1900 senatu

111 1932 315 1992 demonstret.

193 2026 238 2100 (§.
262 2018 329 2094 iii.)
353 2018 434 2081 Oam
457 2020 604 2100 primam
629 2023 825 2084 concionem
849 2022 897 2085 ad
921 2019 1034 2085 arbem
1055 2022 1175 2085 cansni
1203 2015 1408 2100 designatas]

109 2109 309 2183 Mariam,
331 2110 361 2171 in
387 2110 479 2171 urbe.
522 2110 565 2173 Et
588 2109 633 2170 sic
653 2109 715 2173 dici
738 2112 819 2174 solet
843 2114 881 2175 de
903 2111 957 2188 iis,
983 2111 1037 2196 qni
1057 2133 1126 2174 cnm
1152 2121 1310 2192 potestate
1330 2130 1451 2191 pro-20

205 2309 230 2359 1.
248 2304 351 2369 signis]
371 2301 436 2356 Atd.
456 2317 483 2355 et
503 2320 577 2374 seqq.
596 2327 632 2344 ···
650 2309 723 2355 ceris
741 2305 832 2358 Priac.
851 2304 957 2357 Berslti.

183 2374 255 2428 ibid.
275 2377 336 2426 Iam
353 2394 438 2445 snpra
457 2374 560 2429 dictrsrn
579 2381 633 2445 esi]
665 2377 712 2432 Ad.
733 2380 852 2432 Dtvtnst.
872 2380 895 2444 §.
914 2378 960 2435 24.

203 2456 230 2510 3.
249 2452 359 2501 tabttias
376 2454 496 2517 ceratas]
537 2454 618 2505 Princ
647 2452 754 2506 Bersid.
774 2451 834 2507 eid.
854 2451 922 2505 Lod.
950 2479 988 2495 -
1015 2451 1119 2505 robertis
1136 2466 1216 2503 ceras
1236 2451 1320 2525 [apd.
1339 2452 1406 2509 lint.

112 2522 288 2577 Mamerco.
309 2553 342 2566 —
363 2524 750 2594 „Tabuliscerar1Dnnesii.
784 2530 885 2594 Vetas,
905 2526 1028 2580 Tabulas
1045 2527 1184 2581 ceratae.'’
1210 2526 1298 2582 ΗΟΤ.
1348 2544 1351 2549 ·

201 2597 228 2653 is
247 2607 399 2650 sententiae
416 2604 551 2669 scriptae]
572 2618 626 2653 ont.
646 2600 714 2655 Lod.

202 2677 228 2730 5.
247 2673 407 2725 latratorum
425 2672 574 2742 homimem]
594 2675 754 2729 Inratoram
772 2674 910 2728 homimem
927 2670 1080 2728 serrieriiiae
1098 2682 1265 2728 notarentur
1283 2671 1352 2731 Lod.

205 2751 233 2806 6.
255 2751 466 2815 conerreverant]
492 2759 692 2802 consueverunt
711 2750 817 2804 Bereid.

204 2826 231 2879 7.
251 2824 297 2889 Se]
330 2820 394 2874 Lod.
414 2839 440 2876 et
465 2838 540 2896 seqq.
559 2852 596 2866 -
614 2825 669 2877 Sed
686 2830 862 2897 antiquiores.

185 2895 256 2949 ibid.
273 2904 415 2964 potentem
434 2913 489 2950 om.
509 2896 576 2950 Lod.

203 2977 229 3029 8.
249 2975 328 3039 mire]
359 2971 406 3024 Sic
425 2976 533 3046 scripsi.
554 2994 591 3012 -·
609 2979 700 3025 minus
717 2975 810 3027 Princ.
829 2969 936 3029 Beraid.
955 2969 1017 3025 did.
1036 2995 1073 3014 -·
1091 2967 1267 3024 ntiinmtnm
1285 2968 1353 3025 Lod.
1370 2994 1409 3014 ι-

113 3046 193 3094 nimis
212 3044 297 3117 Lngd.
318 3048 381 3099 flat.
403 3048 478 3100 Man.
497 3047 579 3101 Cren.

200 3121 229 3175 9.
249 3118 306 3173 Μ’.
325 3119 517 3192 Glabrionem]
537 3121 616 3174 Men.
633 3149 672 3164 ·-
689 3120 734 3176 Μ.
752 3121 929 3175 Glabrionem
948 3126 1041 3172 ceteri.

187 3199 231 3249 to.
245 3197 399 3264 praeesset]
419 3194 477 3248 eid.
495 3211 523 3248 et
541 3211 616 3265 seqq.
635 3205 849 3266 -praeessent
868 3199 958 3250 Princ.
977 3191 1084 3248 Bersld.

186 3272 231 3321 ii.
249 3269 344 3338 Neque
363 3271 447 3322 uliam
466 3268 565 3341 aliam]
592 3269 682 3324 Prine.
707 3269 814 3325 Bersid.
843 3268 901 3324 old.
927 3294 965 3312 ι·
991 3270 1086 3339 Neque
1113 3266 1184 3319 enim
1211 3265 1296 3320 taliam
1323 3267 1409 3322 air'nm

111 3336 179 3394 Lod.
200 3356 227 3393 et
246 3358 320 3412 seqq.
340 3359 401 3395 cum
421 3341 500 3398 editt.
513 3345 664 3398 Ciceronis.
702 3350 737 3401 At
750 3343 826 3410 ride,
846 3363 881 3398 ne
901 3342 972 3418 spnd
991 3348 1080 3417 ipsam
1092 3341 1256 3397 Ciceronem
1275 3343 1409 3417 porticale

111 3413 228 3466 censsiis
249 3417 345 3468 meiius
365 3417 443 3470 sitiit.

111 3560 167 3614 Lod
186 3487 256 3543 ibid.
274 3492 391 3561 populas
416 3491 508 3563 item]
543 3493 660 3564 popalus
685 3491 824 3546 Romanae
846 3499 1015 3564 patestatem
1040 3498 1120 3543 tanta
1146 3488 1241 3542 stadia
1264 3496 1409 3564 requisivi!

171 3600 179 3616 .
200 3581 214 3615 e
233 3567 375 3618 Cicerone.

187 3645 231 3694 12.
252 3639 306 3690 Per
324 3654 413 3692 annos
431 3642 586 3707 continnae]
610 3657 667 3694 om.
688 3637 755 3695 Lod.

186 3712 256 3767 ibid.
277 3722 336 3766 ires
351 3715 468 3786 popalus
479 3714 631 3785 Romanus]
647 3714 727 3788 ingd.
742 3717 806 3768 iios.
818 3713 894 3767 Msn.
910 3714 992 3769 Cren.
1005 3735 1041 3754 ·-
1053 3718 1091 3767 ir.
1101 3712 1141 3784 pl.
1155 3713 1261 3781 Ptine„
1274 3713 1361 3768 nudet
1370 3737 1408 3757 ι·
1476 3740 1478 3743 ·

112 3781 171 3839 Yrs’.
187 3790 242 3856 pie.
261 3788 370 3842 Beraid.
391 3788 448 3843 ild.
467 3815 504 3832 -·
522 3806 578 3843 om.
598 3786 666 3842 Lod.

186 3862 411 3934 13.fla5itabat]
433 3863 515 3934 Lngd.
537 3862 601 3919 Hct.
620 3865 698 3917 Men.
717 3862 798 3916 Creo.
820 3887 850 3905 —-
865 3860 1044 3933 flagitabant
1062 3865 1176 3934 priores.

184 3940 227 3993 44.
247 3945 276 3989 et
293 3935 452 4009 infamiam]
475 3936 535 3992 sid.
554 3954 581 3991 et
601 3955 674 4010 seqq.
694 3962 731 3980 u·
749 3933 897 4010 iqlamiam
917 3942 984 4003 (ent.
1002 3935 1043 4009 ei)
1063 3937 1153 3990 Ptine.
1171 3927 1278 3988 nessii.

186 4012 230 4066 19.
250 4013 317 4064 Cam
333 4017 454 4082 primam
473 4017 640 4082 concionem]
660 4010 720 4065 eid.
735 4041 768 4054 -
781 4020 839 4063 inm
848 4017 968 4082 primam
981 4015 1183 4063 contentionem
1196 4012 1285 4064 Ptine.
1299 4004 1407 4063 iterati.

108 4105 144 4124 ι·
162 4082 229 4137 cum
244 4094 364 4156 primum
383 4091 537 4137 concionem
557 4086 623 4142 Lod.
644 4103 671 4140 et
690 4105 765 4157 seqq.
786 4102 849 4139 cum
869 4087 946 4145 editt.
967 4087 1118 4138 Ciceronis.

189 4152 234 4217 94).
253 4160 426 4225 deturbem,
446 4165 476 4212 in
494 4161 575 4231 reric]
611 4167 683 4232 „Ant
705 4174 814 4234 prorsus
835 4164 933 4213 erescit
953 4161 1099 4223 Asconius,
1128 4160 1152 4211 si
1171 4152 1239 4210 dixit
1258 4155 1299 4207 ad
1315 4160 1408 4208 urbem

111 4249 169 4287 esse
189 4240 208 4289 i.
229 4253 255 4307 q.
280 4242 310 4287 in
337 4235 421 4294 rubet
450 4251 495 4289 snt
521 4236 602 4288 verbs
620 4244 650 4287 t'n
668 4238 733 4288 arbe
753 4236 942 4308 interpoistori
963 4231 1105 4287 tribuends
1124 4246 1197 4286 sant.
1230 4231 1345 4285 ‚Certum
1365 4245 1408 4284 est

110 4313 183 4362 enirn
204 4315 250 4379 qni
270 4329 301 4364 ex
320 4312 459 4384 provincis
477 4326 540 4363 cnm
561 4314 676 4385 irnperio
696 4311 841 4362 rediissent
861 4309 954 4363 nehem
974 4306 1077 4380 ingredi
1098 4304 1168 4359 hand
1187 4306 1324 4377 patuisse:
1352 4309 1407 4359 nisi

110 4387 254 4456 imperinm
274 4384 453 4457 deponerent.
500 4387 595 4458 itaque
620 4387 666 4456 qai
693 4386 860 4457 triumphum
888 4382 1033 4456 spessissnt
1060 4379 1113 4437 sihi
1133 4380 1271 4435 decretam
1291 4383 1342 4443 iri,
1370 4377 1410 4431 ad

110 4459 219 4524 arbem,
239 4464 258 4512 i.
277 4478 301 4513 e.
320 4466 387 4512 anie
404 4459 496 4511 urbem
515 4458 661 4514 manebant
677 4477 739 4514 enm
753 4459 896 4513 itt-toribus
909 4468 941 4511 se
954 4455 1089 4519 isscibas.
1108 4455 1194 4509 donec
1207 4455 1407 4524 triumphantes

108 4532 204 4588 nrbem
225 4533 444 4606 ingrederentur,
473 4537 664 4609 triumphoque
691 4550 801 4608 peracto
831 4535 974 4607 imperinm
999 4526 1192 4603 deponerent.”
1232 4526 1409 4582 sonuntz.

111 4610 214 4676 ,Deest
233 4608 356 4681 sliqnid,
375 4613 434 4681 ipro
453 4612 572 4665 Ascanio
592 4610 748 4676 indicente,
768 4610 814 4682 qui
834 4608 867 4661 sd
888 4609 924 4662 11.
944 4610 1041 4663 Acras.
1060 4611 1086 4665 8.
1107 4608 1146 4676 [i.
1166 4608 1228 4676 at]
1249 4605 1318 4658 hene
1330 4619 1407 4657 susm

112 4686 223 4756 respicit
243 4676 477 4737 adnot-nonem·
504 4684 653 4756 (441444.Ι
1515 4692 1568 4771 ἃ

184 4758 254 4812 ibid.
273 4763 321 4826 iis]
342 4758 426 4832 Logd.
447 4759 513 4812 iias.
531 4759 608 4814 Men.
628 4762 708 4816 Creu.
727 4788 764 4803 -
783 4752 826 4810 iis
846 4759 957 4830 priores.
1550 4768 1556 4787 ⁵
