3210 5280
571 215 619 279 IN
643 214 967 297 scaufflannln.
1106 231 1108 236 “
1382 221 1423 284 23

116 373 211 415 mss
229 363 343 417 tumere
363 375 431 418 rsors
451 357 617 432 sinerem,
632 376 790 420 venenum
810 357 936 437 hospiti
955 368 1016 420 out
1039 361 1197 422 convivae
1210 362 1241 420 si
1258 360 1423 423 diceretur

118 444 279 506 emanti
298 443 342 506 ob
365 445 429 506 iilo
451 444 586 522 dotum
604 449 664 508 cui
681 466 788 527 neque
808 446 900 510 ireres
924 467 1032 528 neque
1052 449 1159 508 iratus
1176 447 1315 527 fuisset.

200 533 247 593 L.
261 531 317 593 hic
339 533 483 595 Tubulus
497 535 675 614 praetorius
696 534 756 610 insit
771 547 870 599 aetate
883 548 1006 615 patrum
1022 535 1199 600 Ciceronis.
1242 540 1274 601 ls
1289 548 1423 619 propter

118 625 214 686 multa
235 623 356 708 flagitis
380 646 450 688 cusu
473 627 511 689 dc
537 627 636 691 exilio
656 626 825 691 accersitus
850 641 948 704 esset,
982 628 1069 692 neiu
1094 650 1220 693 carcerc
1238 641 1421 706 necaretur,

120 737 277 780 serenum
298 717 391 780 bibit.
518 778 524 784 .
1434 736 1448 782 s

345 862 490 931 CIRCA
514 868 731 932 TERTIAM
753 867 952 933 PARTEM
977 868 1008 930 A
1030 869 1197 934 PRIMO.

200 982 264 1059 (ΙΙ.
288 984 336 1060 1.)
359 985 376 1021 ¹*
398 987 573 1065 cudimus,·
605 989 671 1051 doc
706 1009 782 1051 vero
814 991 1021 1052 meminimus
1052 1008 1096 1050 oc
1125 998 1231 1069 poene
1265 992 1423 1067 vidimus,

119 1072 264 1137 eiusdem
278 1078 393 1157 stirpis
413 1085 445 1140 et
463 1078 606 1138 nominis
626 1077 661 1139 P.
682 1077 855 1152 Crassum,
874 1098 914 1141 ne
941 1079 975 1140 irs
993 1096 1113 1138 monus
1135 1077 1295 1142 incideret
1316 1081 1423 1143 inimi·

120 1182 257 1240 sorum,
276 1184 311 1228 se
331 1168 447 1245 ipsum
466 1167 677 1231 interemisse.

200 1251 265 1315 Hic
294 1253 430 1319 Crassus
461 1254 521 1318 ruit
541 1266 631 1336 pater
657 1255 765 1321 Crassi
798 1254 882 1330 cius,
921 1254 974 1338 qui
1005 1255 1139 1317 aesonius
1167 1255 1325 1337 potentiae
1358 1255 1421 1321 Cn.
1435 1273 1464 1321 so

120 1345 264 1428 Pompeii
293 1347 366 1410 init.
415 1347 516 1412 Periit
544 1359 646 1410 erstem
675 1349 706 1410 in
735 1346 948 1412 dominatione
973 1349 1015 1411 L.
1045 1347 1179 1423 Cinnae,
1214 1370 1283 1410 cusu
1312 1349 1363 1412 itte
1392 1361 1423 1411 et

121 1439 199 1502 dios
219 1438 383 1524 principes
406 1441 589 1524 optimatum
611 1453 643 1504 et
665 1441 819 1525 collegam
841 1462 932 1504 suurn
954 1439 1016 1505 Cn.
1042 1440 1209 1506 Octavium
1232 1442 1360 1505 occidit.

675 1598 866 1661 STATIM.

201 1716 265 1796 (2.)
284 1720 332 1782 Ac
351 1738 458 1801 sieque
479 1719 574 1780 illius
594 1718 706 1780 Crassi
719 1717 864 1796 fuctum
890 1721 1071 1799 superioris
1099 1718 1213 1782 iisdem
1240 1720 1421 1782 horroribus
1432 1742 1494 1798 [ηε]

122 1829 216 1884 usus,
249 1810 312 1891 qui
322 1808 533 1888 fortissimus
555 1809 589 1868 in
609 1805 705 1868 deliis
717 1807 861 1887 fuisset,
895 1803 1131 1888 M'..Aquilius
1151 1811 1264 1889 potuit
1283 1811 1420 1871 imitari.
1436 1833 1464 1878 15

202 1898 295 1960 Haec
315 1899 433 1971 rerba,
464 1897 576 1979 quibus
603 1894 719 1960 Cicero
740 1917 822 1959 nunc
844 1895 958 1969 utitur,
982 1894 1045 1960 Ac
1069 1899 1245 1978 NEQUE,
1280 1919 1347 1960 eam
1375 1899 1422 1960 vi·

121 1994 232 2054 dentur
255 1992 371 2052 habere
393 2002 552 2063 naturam,
575 2001 610 2051 ut
627 1987 721 2050 semel
740 1990 814 2069 poni
829 2011 891 2054 non
914 1991 1057 2064 soleant;
1081 1991 1152 2074 quia
1174 2004 1221 2055 est
1244 1990 1422 2054 coniunctio

120 2081 307 2145 disiunctiva
328 2094 360 2145 et
380 2102 505 2162 semper
526 2081 682 2162 postulat,
707 2092 740 2142 ut
763 2103 873 2144 rursus
899 2082 1069 2159 inferatur,
1094 2085 1272 2163 NEQUE,
1297 2096 1329 2146 nt
1351 2105 1421 2147 cnm

121 2174 273 2237 dicimus:
303 2194 410 2258 neque
430 2176 510 2249 hoc,
544 2194 650 2257 neque
679 2173 775 2237 iliud.
820 2175 892 2253 Quo
915 2185 1016 2237 autem
1047 2197 1120 2238 casn
1143 2174 1290 2238 acciderit
1321 2197 1423 2259 qnare

120 2266 264 2342 rasione,
298 2277 333 2329 ut
356 2266 514 2330 hocloco
541 2264 656 2330 Cicero
678 2267 741 2329 hnc
767 2268 865 2330 verbo
891 2267 932 2329 ita
958 2289 1032 2330 ussss
1053 2267 1111 2343 sit,
1145 2268 1329 2348 praesertim
1352 2277 1465 2329 cassato

122 2359 273 2421 adiecerit
297 2359 382 2420 iliam
409 2358 638 2440 appositionem
660 2371 692 2422 ct
712 2380 825 2421 nomen
846 2359 985 2423 intulerit
1009 2368 1120 2441 postea
1141 2360 1291 2432 alterurn,
1321 2380 1422 2441 neque

122 2453 302 2535 perspicere
322 2452 413 2533 potui
434 2462 466 2514 et
486 2454 704 2514 attendendum
726 2471 793 2514 esse
815 2454 903 2514 valde
923 2464 1013 2533 puto.
1057 2453 1202 2515 Moveor
1216 2450 1297 2512 enim
1313 2449 1421 2512 userita

123 2545 181 2607 viri
201 2544 411 2620 anctoritatc3
434 2535 534 2629 neque
549 2545 666 2628 ignoro
682 2544 848 2628 aliquando
865 2546 926 2610 hoc
941 2547 1072 2608 verbum
1088 2545 1242 2625 NEQUE
1259 2543 1311 2607 vel
1327 2544 1423 2606 semel

213 2752 241 2799 1.
259 2741 409 2812 convivae]
427 2747 544 2795 convive
563 2745 655 2796 Princ.

213 2824 242 2871 2.
260 2835 303 2868 cus
339 2819 437 2885 „Alter
455 2834 470 2870 e
489 2816 569 2870 codd.
592 2815 776 2870 Ambrosisnis
796 2833 846 2886 pro
864 2821 909 2866 cut
927 2814 1008 2868 bubos
1027 2833 1108 2883 quom
1132 2814 1212 2871 Met.

195 2889 269 2943 thid.
290 2818 416 2961 disset]
422 2890 546 2962 suisset,
568 2895 612 2958 [ne
625 2898 669 2943 ersi
680 2891 731 2942 hcc
743 2891 871 2942 credibile
882 2890 1048 2957 videretur].
1087 2891 1211 2955 seierus,
1232 2887 1422 2961 supplemento

123 2985 178 3021 son
196 2963 290 3028 mato,
309 2965 356 3018 sed
376 2982 470 3036 parum
489 2971 653 3020 necessario.

213 3047 241 3100 3.
264 3039 397 3108 Tubulus]
418 3040 477 3094 ΔΜ.
498 3056 524 3092 es
544 3057 617 3110 seqq.
636 3069 673 3081 -
691 3040 819 3091 tribuitur
837 3041 930 3093 Princ.
950 3037 1057 3091 Bersld.
1261 3093 1265 3100 ,

214 3115 243 3170 Is.
261 3119 426 3183 accersitus]
444 3120 594 3166 arcessitus
612 3118 700 3169 Beier.
786 3113 812 3168 lt.
831 3116 953 3181 carcere]
978 3130 1117 3165 carcerem
1137 3114 1228 3165 Prino.

213 3190 242 3246 6.
261 3205 318 3240 om.
340 3189 405 3241 Lod.
425 3186 508 3260 Lugii.

215 3267 242 3319 7.
260 3263 398 3329 audimus]
420 3261 466 3315 Sic
483 3276 578 3315 mance
592 3265 682 3315 Prius.
696 3260 803 3315 Beraid.
817 3260 876 3314 sld.
891 3259 956 3314 Lod.
971 3290 1004 3303 -
1019 3260 1071 3312 tila
1082 3259 1241 3312 audivimus
1254 3258 1338 3332 Lugd.
1354 3263 1420 3314 Hos.

126 3338 201 3390 usn.
220 3337 352 3399 Crentns3
372 3337 458 3390 hicet
472 3337 539 3390 Mai.
554 3343 644 3409 inepte
663 3341 810 3408 praemisso
830 3341 941 3406 insuper
952 3334 1122 3408 fragmento,
1151 3333 1223 3405 qnod
1250 3341 1277 3388 in
1298 3340 1423 3406 proximo

127 3413 230 3464 scholio
249 3410 364 3482 iegitur:
406 3412 465 3476 Sic,
495 3419 620 3482 inquam,
644 3429 688 3476 ss,
713 3410 834 3475 iudices,
859 3427 904 3461 res
926 3408 1024 3468 habet,-
1055 3427 1138 3479 neque
1157 3408 1206 3460 hoc
1224 3429 1242 3459 a
1261 3428 1303 3460 me
1321 3428 1425 3461 novum

127 3486 300 3557 disputatur,
319 3485 369 3536 sed
386 3493 537 3554 quaesitum
556 3487 591 3536 ab
609 3485 673 3537 aliis
691 3493 744 3537 est.
808 3491 833 3542 7.
849 3489 949 3555 paene]
963 3503 1034 3556 perse
1055 3488 1144 3538 Ptine.

197 3568 241 3618 1ο.
261 3563 393 3626 armisius]
415 3562 518 3613 emrelus
539 3564 628 3614 Ptine.
785 3566 827 3618 11.
848 3558 983 3631 Pompeii]
1004 3558 1114 3629 Pompei
1134 3562 1221 3612 Ptine.
1235 3556 1342 3614 Beseld.
1356 3557 1419 3614 sid.

196 3643 241 3692 11.
262 3632 360 3702 Periit]
382 3634 458 3686 Perit
479 3637 568 3688 Princ.
590 3634 649 3688 ΑΜ.
786 3645 829 3691 ss.
850 3634 966 3701 Cinnae]
987 3639 1065 3685 cirsrse
1086 3635 1177 3688 Ptine.

197 3713 242 3766 13.
261 3725 316 3761 oso.
338 3708 404 3763 Lod.
426 3708 511 3781 Lngd.
788 3707 832 3764 14.
853 3711 905 3776 Ae]
930 3712 969 3759 Ar
988 3710 1109 3762 Beierus.

196 3782 241 3848 111.
260 3787 422 3853 superioris]
441 3803 524 3855 rseqrse
543 3789 694 3852 superioris
714 3784 804 3838 Princ.
823 3781 930 3838 Bersld.

197 3857 269 3910 lbtd.
288 3854 395 3926 iisdem]
415 3857 519 3910 lsisdem
539 3860 629 3911 Prioo.
650 3857 757 3913 Beraid.

196 3935 244 3989 15.
265 3932 331 3998 Mn]
356 3934 432 3986 Msn.
452 3939 491 3998 (er
511 3930 629 3985 editores
649 3930 863 4004 fragmentorum
882 3931 1048 3996 Ciceronis).
1066 3958 1103 3973 -·
1120 3930 1165 3983 M.
1184 3935 1276 3984 essert.

196 4008 242 4063 16.
262 4006 324 4073 ΑΟ]
345 4008 442 4074 ¹,ut?”
463 4008 590 4060 Betesns:
608 4023 661 4079 qns
681 4013 841 4060 contectura
861 4005 999 4059 abstinere
1019 4010 1168 4078 posuisses,
1186 4009 1240 4058 nist
1257 4010 1285 4058 in
1299 4005 1426 4061 lemmate

130 4094 227 4134 seuere
244 4083 288 4133 Ar
306 4080 446 4136 edidisset.

197 4161 242 4212 17.
260 4159 397 4225 quiescet]
431 4159 520 4212 Prisc.
549 4154 658 4209 Bersld.
688 4153 752 4210 Ald.
781 4152 849 4209 Lod.
878 4179 913 4196 -
942 4158 1008 4226 prsis
1034 4153 1169 4222 NEQUE
1194 4163 1237 4206 est
1257 4153 1342 4226 Lngd.
1362 4156 1427 4213 Hos.

129 4228 201 4284 ileo.
220 4230 302 4283 Creo.
1216 4238 1221 4245 '

197 4310 241 4362 18.
264 4308 303 4370 et]
326 4302 410 4375 Lngd.
432 4304 486 4357 Hos
505 4303 581 4357 Man.
601 4306 681 4357 Creo.
699 4332 737 4345 -
753 4301 1038 4357 resvrrectionis.
1060 4302 1118 4357 ttd.
1138 4301 1205 4357 Lod.

195 4376 267 4431 thid.
285 4378 434 4448 NEQUE]
464 4379 530 4432 Lod.
555 4407 593 4422 -
620 4388 647 4430 et
666 4397 751 4448 rreqsse
775 4379 865 4432 Prioe.
886 4376 993 4432 Berstd.
1015 4375 1077 4432 Aid.
1105 4406 1141 4418 -
1166 4396 1221 4431 osu.
1249 4378 1331 4451 Lugd.
1363 4383 1426 4434 Hcs.

131 4451 206 4504 lien.
226 4455 308 4504 Creu.

197 4529 240 4582 19.
258 4535 289 4577 ut
309 4545 369 4578 eum
388 4525 515 4594 dicimus]
538 4527 603 4578 Lod.
624 4544 650 4578 es
671 4544 745 4598 seqq.
764 4555 802 4569 -
819 4545 880 4578 cum
899 4525 1014 4578 dicimus
1033 4535 1066 4578 ut
1084 4528 1174 4580 Prisc.
1196 4527 1303 4580 Bersid.
1324 4526 1383 4584 Aid.

198 4609 242 4656 20.
257 4603 437 4671 praesertim]
473 4606 622 4670 presertim
642 4604 732 4654 Prion.

199 4681 244 4729 21.
265 4674 307 4746 et]
327 4675 411 4745 Lngd.
434 4676 498 4729 ilos.
520 4676 595 4728 Masi.
616 4678 697 4728 Creo.
716 4705 753 4719 ·-
771 4685 801 4726 ut
821 4678 910 4728 Psinc.
932 4673 1036 4726 Berald.
1057 4672 1117 4727 ΑΜ.
1139 4675 1206 4726 Lod.

197 4754 242 4805 22.
260 4750 378 4820 merita]
400 4747 616 4806 peruenerant
638 4749 693 4804 std.
714 4750 782 4806 Lod.
805 4781 837 4794 -
857 4753 956 4802 merito
976 4748 1061 4821 Lugd.
1084 4750 1147 4801 iios.
1167 4749 1243 4802 Man.
1268 4749 1349 4802 Creo.
