3210 5280
161 211 222 275 um
566 212 770 281 senous
793 214 1052 280 BOBIENSIA.
1084 226 1089 237 ‘

98 402 101 407 .
160 375 225 437 quo
251 355 376 418 vidcttu·
403 376 517 440 magno
543 354 612 418 usui
642 354 686 418 rei
712 377 745 437 p.
768 355 891 428 luisse,
921 354 1109 439 investigata
1136 353 1354 421 romuratione
1381 355 1466 422 cati·

160 448 241 511 linne
277 461 307 512 et
336 447 537 530 deprehensis
560 449 590 512 in
618 460 715 531 ponte
736 449 886 513 Mulviol
907 448 1122 530 Allobrogum
1145 448 1270 531 legatis.
1314 449 1468 513 Proficict

160 541 257 625 igitur
285 543 324 603 ad
353 541 515 604 consilium
545 543 797 622 compensativae
829 540 1039 615 defensionis,
1074 562 1166 623 quam
1200 541 1268 602 vult
1297 553 1410 606 orator
1437 540 1466 605 in

160 636 219 697 lmc
240 655 332 697 caiisa
355 656 417 699 uon
442 633 641 698 mediocriter
665 635 788 710 valere,
813 647 845 698 ut
868 633 926 697 etsi
952 633 1102 696 alicuius²
1123 633 1296 715 suspicioni
1327 634 1467 700 uideatur

135 729 335 803 sobnoxius‚
371 739 473 791 tamen
496 727 761 810 contemplatione
783 727 948 812 insignium
976 727 1160 790 meritorum
1192 729 1231 789 ab
1260 725 1353 790 huius
1383 730 1467 791 dam·

160 821 292 884 nationis
319 821 459 903 periculo
488 825 700 906 protegendus
731 821 784 884 sit.
839 824 1018 885 Praeterea'
1035 820 1068 882 in
1093 831 1164 885 toto
1190 832 1344 885 contextu
1378 819 1467 886 huius

159 913 278 998 epilogi
309 917 406 977 dese
436 914 525 998 ipse³
556 915 680 978 'l'ullius
702 915 869 996 plurimum
895 915 985 988 dicit,
1021 913 1109 997 qutasi
1135 935 1195 995 per
1217 914 1466 980 communionem

158 1028 282 1084 rerum,
314 1010 411 1094 qttas⁴
437 1029 500 1091 pro
527 1008 647 1092 patriae
667 1007 767 1071 salute
790 1019 973 1091 gesserunt,
1008 1010 1101 1072 atnbo
1123 1007 1174 1070 rei
1192 1018 1224 1070 et
1244 1010 1339 1072 ambo
1360 1008 1468 1073 absol·

160 1100 252 1165 vendi
274 1100 347 1165 sint.

117 1259 148 1307 ..
225 1225 468 1301 11111111.
497 1219 532 1300 1.
559 1223 632 1300 u.⁵
659 1177 842 1326 squinum
868 1235 994 1324 patres
1020 1166 1152 1302 nostri.
1229 1204 1232 1208 ’
1319 1205 1323 1216 ’

241 1341 583 1408 Commemorationem
605 1343 681 1408 facit
703 1342 794 1407 huius
817 1343 939 1427 Aquilii
961 1355 992 1407 et
1021 1342 1050 1406 iu
1073 1342 1221 1408 Verrinis
1246 1343 1467 1423 orationibus,

159 1434 215 1520 qui
236 1437 349 1499 bellum
372 1436 403 1499 in
429 1436 534 1500 Sicilia
554 1449 664 1500 contra
680 1437 834 1523 fugitivos
857 1439 953 1524 gessit
976 1450 1007 1502 et
1027 1436 1294 1523 gloriosemulta
1315 1438 1469 1502 contecto

160 1529 286 1592 Horum
314 1528 412 1613 igitur
441 1529 633 1592 enumeratio
664 1535 881 1613 exeruplorum
907 1528 989 1618 πρὸς
1017 1529 1076 1612 τὴν
1097 1527 1269 1597 ἀντίθεσιν
1291 1545 1466 1614 operatur,

161 1633 212 1697 ut,
239 1644 332 1705 quum
349 1623 409 1686 illis
425 1623 570 1686 ortinibus
586 1643 709 1686 calisam
732 1625 908 1692 dicentibus
930 1623 1052 1710 gloriae
1073 1646 1148 1687 suae
1170 1624 1371 1706 profuerint,
1394 1625 1468 1691 huic

119 1715 330 1797 1⁵[P.229.]
361 1717 451 1782 etiam
472 1717 590 1784 Flacco
617 1720 769 1800 prodesse
802 1720 935 1795 debeat,
967 1721 1055 1803 quod
1076 1717 1302 1783 coniurationis
1324 1718 1465 1800 indicia!

161 1811 413 1893 deprehenderit.

237 1933 414 2009 xxxxi.
443 1929 478 2010 l.
506 1937 621 2037 Quem
647 1910 802 2035 posthac
828 1905 901 2010 tem
928 1947 1106 2012 amentem
1133 1938 1214 2012 sore
1237 1932 1404 2036 putatis?

245 2048 326 2117 Ἀπὸ
348 2096 359 2116 .
382 2097 393 2117 .
417 2054 455 2117 .⁶
475 2065 514 2117 ut
536 2055 635 2140 tnagis
663 2066 824 2132 moveret,
859 2054 977 2119 addidit
1005 2059 1240 2120 conservandos
1269 2058 1349 2118 bene
1372 2057 1410 2119 de
1431 2074 1466 2119 rs

13 2190 15 2194 »
69 2207 71 2210 ,
160 2165 195 2228 p.
216 2144 347 2211 meritos
372 2147 479 2224 viros,
503 2159 537 2211 ut
560 2148 657 2212 ceteri
681 2148 774 2213 huius
801 2147 979 2214 devotionis
1008 2147 1168 2212 imitentur
1190 2148 1381 2232 exemplum.

118 2311 151 2362 ‚⁰
235 2265 272 2345 2.
300 2270 393 2344 Huic
419 2273 555 2346 misero
584 2297 712 2371 puero.

246 2389 481 2470 [Ηαθητικῶς]
502 2389 622 2466 intulit¹
646 2403 771 2454 secutus
793 2389 1044 2455 1ἰ1111ἱ1111111111
1066 2390 1322 2454 consuetudinem
1342 2403 1376 2470 et
1390 2391 1467 2456 artis

162 2481 323 2545 oratoriae
338 2482 549 2566 disciplinam,
574 2494 606 2547 ut
627 2483 803 2548 lacrimosis
824 2484 1000 2550 adfectibus
1020 2506 1124 2568 prope
1146 2485 1329 2562 sententiam
1350 2486 1466 2555 iudices

162 2571 354 2657 inpleantur.

163 2727 1092 2758 —mm

138 2814 143 2822 ’
234 2822 259 2868 l.
285 2823 319 2867 ltu
337 2825 398 2869 Cod.
435 2822 460 2871 2.
480 2825 514 2869 ltu
532 2825 610 2882 Cod.,
636 2841 682 2871 uon
700 2828 787 2873 111411ιί.
825 2825 849 2873 3.
869 2829 929 2873 Cod.
948 2834 972 2872 st
992 2831 1097 2886 seipse.
1133 2830 1224 2884 (Maius
1246 2832 1309 2875 dedit
1330 2831 1401 2887 ἐμοὶ
1421 2842 1465 2888 ego

299 2893 564 3022 :pt'ul'c'ps
492 2893 1178 2959 1111401111·511111111111111
1215 2898 1240 2948 6
1260 2901 1427 2945 V'xu'cs
1416 2913 1468 2944 111·

238 3088 284 3216 ἆ.
303 3083 502 3221 iiidindicgi,
514 3090 543 3140 tn
562 3083 716 3160 fragmento
736 3044 937 3143 Mediolanensi
956 3103 1036 3164 sopra
1056 3087 1177 3162 editop.
1197 3091 1224 3149 9.
1244 3088 1284 3164 (p.
1305 3086 1385 3163 251.)

237 3239 282 3290 12.
301 3233 358 3288 le.
377 3234 498 3309 Epitom.
519 3217 606 3292 L'xx.

190 3308 413 3369 2111111111
433 3312 506 3365 huno
526 3313 683 3368 Tullianum
704 3308 967 3383 commovendorum
985 3318 1057 3389 lnep
1061 3314 1141 3389 llogis
1155 3312 1312 3371 adfectuum
1325 3313 1465 3376 confirmet

163 3397 257 3436 noster
276 3376 410 3460 interpres
430 3385 464 3439 sd
483 3385 532 3442 01.
552 3407 602 3462 pro
622 3387 735 3444 Plancio
755 3391 862 3445 XXXI.
885 3393 913 3444 2.

518 3578 618 3656 PRO
644 3579 837 3657 FLucco
862 3579 1112 3654 EXPLICIT.
