3210 5280
330 223 379 290 tu
401 220 510 293 ACT.
532 226 589 290 11.
604 225 653 292 ut
676 224 720 291 C.
741 225 944 292 VERREM
965 226 1056 292 LIB.
1077 226 1109 293 1.
1312 227 1372 293 195

61 363 91 438 †
111 361 188 427 inite
202 371 256 426 aut
269 363 411 428 aedilium
431 387 506 429 curs
522 378 570 430 est
585 387 697 430 annua.
742 365 933 446 Praetores,
955 364 1016 430 nisi
1035 377 1162 432 senatus
1176 365 1372 442 demoverit,

62 458 105 520 de
126 457 244 520 haere
265 456 365 520 suiuus
387 459 545 524 laborant.

152 553 199 632 (ς.
224 548 311 628 132.)
333 553 412 616 Sine
432 554 507 617 'tillo
531 553 785 634 intertrimento]
828 554 1066 620 Detrimentum
1087 553 1138 616 vel
1164 551 1253 616 unius
1275 552 1376 636 partis

65 641 128 706 dici
149 651 276 723 potest,
300 643 576 708 intertrimentum
596 662 675 706 vero
702 644 742 706 sd
771 644 931 727 utriusque
955 655 1079 726 partein
1105 656 1244 727 spectat,
1274 646 1376 709 dantis

67 732 318 817 et-aceipientis.
1390 746 1403 796 t

152 832 199 905 (ὁ.
223 826 478 905 restitutum
500 848 569 892 esse
594 829 811 906 columnam,
831 849 921 913 qnae
945 828 993 891 od
1013 827 1292 910 perpendiculum
1309 851 1377 898 esse
1387 847 1435 906 [ιη

66 921 190 1004 possit]
232 918 495 1000 Pet-pendiculum
525 918 604 980 linea
629 919 761 980 laterum
789 918 1007 1001 aequalitatem
1040 921 1175 999 probat,
1209 941 1227 983 a
1255 942 1377 985 summo

67 1011 225 1076 adiutum
255 1010 448 1074 altitudinem
469 1012 622 1093 probans.
680 1011 754 1073 Hoc
779 1033 848 1074 cum
878 1010 909 1074 ia
937 1010 1090 1074 columnis
1116 1012 1280 1087 omnibus,
1312 1024 1378 1075 tuns

67 1105 251 1180 ιιιιιιίιηε]ι
279 1104 482 1168 instructibus
506 1115 595 1165 vetus
624 1101 745 1166 timoris
774 1125 838 1168 uon
869 1103 985 1189 aliquid
1013 1103 1180 1186 provenit,
1212 1103 1380 1188 inquibus

67 1210 124 1263 sut
150 1199 250 1262 media
274 1209 326 1261 aut
351 1197 413 1260 ima
440 1197 596 1260 crassiora
619 1207 702 1258 sunt.
1392 1221 1425 1273 qq
1458 1272 1462 1279 „

154 1296 200 1370 (5.
225 1293 313 1369 tto.)
333 1291 442 1354 Sartis
462 1291 626 1371 tectisque
647 1288 822 1352 dominata
846 1289 909 1369 est]
963 1287 1094 1352 Addidit
1123 1310 1206 1374 qne,
1239 1301 1382 1355 utesset

69 1383 200 1469 plenum
223 1386 357 1458 dictum,
384 1403 452 1444 natu
474 1391 568 1445 snrtu
588 1390 745 1464 tectaque
767 1381 925 1442 dicuutur.

156 1481 202 1557 (§.
227 1480 315 1557 stt.)
335 1480 445 1564 Eques
476 1478 661 1550 Romanus,
688 1475 908 1555 publicanus]
952 1474 969 1508 θ
1002 1487 1055 1537 attt
1083 1474 1189 1557 potius
1219 1495 1319 1560 pateo
1351 1487 1383 1540 et

74 1583 217 1647 attento,
241 1593 306 1654 quo
329 1571 428 1653 tnagis
452 1567 609 1648 indiguum
632 1563 672 1625 sit
694 1568 732 1626 ad
755 1567 950 1629 meretricem
976 1568 1110 1632 venisse.

156 1666 203 1742 (§.
228 1663 463 1744 atestinum
493 1656 677 1730 iudicium,
709 1657 804 1740 quod
829 1679 937 1738 prope
969 1664 1120 1725 omnium
1142 1660 1427 1744 fortunarumhs

70 1763 208 1821 Causam
236 1758 377 1820 Mustius
405 1745 615 1835 pecuniariam
641 1747 749 1808 habuit
779 1747 887 1811 Tullio
918 1749 1123 1826 defendente,
1162 1754 1249 1814 euius
1280 1754 1384 1820 oratio

72 1869 140 1914 ¹¹⁰⁰
162 1862 211 2022 iii
232 1853 327 2022 iiiia)
343 1944 432 2005 Foro
453 1932 589 2013 ornato]
641 1932 731 1995 Haec
760 1929 830 1994 ficri
855 1931 934 1996 ludis
969 1934 1132 2014 solebant,
1166 1935 1221 2021 qui
1248 1937 1278 2001 iu
1309 1939 1385 2006 iuro

71 2035 168 2100 etiam
192 2048 256 2097 turn
281 2039 446 2098 dabantur.

156 2130 341 2194 denunciat
362 2120 542 2200 Habonius]
585 2118 788 2191 ttennncint,
812 2116 933 2179 irritatu
956 2118 1096 2182 nunciat.

160 2219 206 2288 Ab
227 2241 267 2288 eo
288 2217 463 2295 mancipe,
485 2233 585 2296 quem
606 2210 667 2269 iste
687 2211 914 2290 opposuisset]
958 2212 1106 2275 Rabonio
1128 2211 1260 2278 scilieet.

75 2341 730 2373 .-—---·-····-··········—'*··—‘

175 2449 202 2500 1.
223 2445 373 2498 hortarer
391 2473 409 2483 -
426 2468 445 2480 -
463 2467 482 2480 -
501 2432 645 2505 laborant]
674 2450 730 2485 om.
751 2434 828 2488 Man.
848 2434 929 2489 Creu.

170 2519 198 2576 lt.
218 2522 417 2569 interlucere
437 2511 477 2562 ad
494 2515 635 2578 utriusque
650 2517 763 2578 partem
780 2526 821 2579 sp.
841 2509 948 2579 dantis]
978 2509 1047 2566 Lod.
1072 2541 1110 2556 ι-
1126 2513 1245 2567 Intertr,
1261 2533 1331 2567 vero
1350 2512 1394 2568 ad

72 2601 159 2650 unius
175 2596 268 2665 partis
285 2609 326 2661 sp.
346 2587 443 2640 dantis
462 2587 553 2638 Ptine.
566 2613 603 2625 —
615 2583 732 2635 Intertr.
751 2601 806 2634 non
825 2584 865 2634 ad
881 2592 962 2637 senius
976 2597 1089 2657 purtem
1107 2605 1149 2659 sp.
1167 2587 1263 2643 dantis
1280 2589 1388 2644 Bertid.

71 2701 112 2717 ..
137 2671 256 2722 Intertr.
282 2682 338 2717 non
364 2661 403 2713 ad
420 2665 502 2713 unius
517 2664 612 2730 partis
629 2676 672 2728 sp.
693 2657 743 2708 sed
761 2658 857 2710 dantis
876 2661 936 2714 ΑΙιΙ.
957 2660 1043 2734 Lugd,
1062 2664 1128 2722 1101·
1150 2663 1229 2717 Man,
1251 2668 1333 2722 cren,
1355 2695 1389 2713 .,

73 2748 315 2800 intertrimentum
333 2756 402 2790 uero
420 2736 515 2788 dantis
535 2738 657 2798 (omissis
677 2732 862 2798 intermediis)
882 2737 994 2788 Schttte.

169 2820 197 2876 6.
215 2816 321 2867 nullam
340 2829 399 2863 esse
418 2812 482 2877 eol]
502 2809 607 2860 nullam
626 2809 679 2860 col.
699 2805 767 2879 (otu.
789 2807 862 2881 esse]
882 2808 940 2863 ild.
960 2809 1030 2864 Led.
1049 2808 1136 2882 Lugd.
1155 2810 1233 2866 Man.

174 2897 201 2949 7.
222 2909 281 2961 aeq.
298 2887 417 2959 probat,
436 2905 455 2936 a
474 2884 594 2952 stimmo]
621 2882 668 2934 Sic
681 2887 791 2953 scripsi.
813 2912 846 2924 -
866 2903 926 2955 aeq.
943 2886 1045 2953 probat
1058 2903 1163 2938 stimma
1176 2890 1267 2942 Ptine.
1279 2887 1391 2947 Bersld.

76 2966 138 3024 did.
159 2963 227 3021 Lod.
246 2994 282 3007 -
301 2982 360 3032 aeq.
380 2979 397 3011 a
416 2977 520 3010 summo
539 2956 607 3023 (om.
624 2954 740 3029 prabet)
759 2956 843 3028 Lugd.
864 2960 927 3012 Hos.
949 2961 1026 3012 Man.
1047 2960 1128 3015 Creo.

173 3047 200 3102 8.
220 3037 409 3105 altitudinem]
429 3031 579 3085 altitudine
598 3035 674 3085 Mau.
694 3058 727 3072 ·-
747 3031 896 3084 latitudine
915 3033 979 3087 Hos.
999 3038 1080 3090 Creu,

155 3114 229 3170 ibid.
248 3115 309 3165 Hoc
329 3114 403 3174 eum]
429 3109 479 3160 ltoc
497 3116 591 3159 autem
610 3124 670 3156 cum
690 3106 754 3159 Hot.
775 3106 856 3160 Creu.
1129 3100 1132 3104 ’

173 3193 200 3248 9.
220 3185 400 3240 instructibus
417 3192 499 3235 uetus
523 3185 635 3232 timoris
652 3198 708 3233 non
727 3180 832 3250 aliqnid
845 3183 993 3252 prouenit]
1030 3182 1078 3236 sto
1097 3199 1224 3255 corrupte
1244 3187 1334 3241 Petne.
1353 3216 1392 3233 -

78 3265 264 3320 instructibus
281 3271 362 3314 vetus
380 3263 498 3311 tumoris
515 3274 571 3307 non
590 3257 656 3325 aliq.
671 3261 805 3325 provenit
822 3255 930 3309 senta.
955 3287 992 3301 -
1011 3261 1041 3309 s'tt
1060 3259 1259 3312 struetiouibus
1276 3271 1360 3313 vetus
1377 3267 1392 3295 ⁸

80 3346 202 3394 timoris.
221 3356 285 3390 nam
305 3337 371 3406 aliq.
387 3335 521 3407 provenit
540 3328 603 3384 Ald.
633 3359 671 3372 -
697 3334 727 3381 in
745 3330 917 3382 structilibus
936 3336 1041 3384 vetusti
1058 3340 1145 3385 moris
1166 3341 1300 3406 provenit
1324 3335 1393 3390 Lod.

76 3413 306 3469 instruentibus
323 3416 417 3462 evenit
436 3404 522 3479 Lugd.
542 3406 619 3459 Man.
639 3433 676 3447 -
695 3409 724 3457 ln
743 3406 916 3458 structilibus
933 3413 1069 3475 vetustis,
1087 3408 1134 3460 nbi
1153 3416 1272 3463 tumoris
1286 3420 1329 3464 ese
1341 3413 1394 3464 alt.

79 3491 162 3564 quid,
182 3493 276 3540 evenit
295 3486 358 3538 Hot.
378 3485 460 3536 Creu.

159 3569 205 3620 11.
224 3561 371 3631 tectisque]
396 3561 481 3610 tectis
498 3572 566 3625 quae
585 3550 693 3606 Berald.
713 3549 775 3607 ald.
794 3549 882 3627 Lugd.

160 3636 233 3692 ibid.
252 3638 315 3708 que]
334 3652 401 3704 patae
422 3628 510 3702 Lugd.

160 3718 206 3770 12.
226 3720 353 3781 tectaque
372 3707 437 3774 die]
471 3707 515 3759 Pr.
539 3703 602 3757 Ber.
628 3699 688 3757 ald.
708 3700 777 3756 Lod.
793 3729 832 3745 -
850 3709 926 3755 tecta
944 3702 998 3761 dia.
1018 3705 1104 3780 Luqd.
1123 3707 1188 3763 nn.
1213 3703 1291 3762 Min.
1311 3709 1393 3766 cren,

161 3785 205 3845 tlt.
223 3786 315 3856 Eques
327 3783 359 3836 li.
374 3781 546 3855 publicanus.
566 3785 617 3830 aut
631 3785 691 3847 pot.
704 3793 795 3845 parea
813 3783 841 3827 es
860 3778 984 3851 attento]
1011 3780 1058 3834 sic
1071 3776 1167 3836 minoe
1181 3786 1271 3838 Ptine.
1285 3784 1394 3842 Bersld.

84 3858 148 3917 ild.
175 3888 212 3902 -
238 3861 330 3930 Eques
347 3857 379 3910 li.
395 3855 570 3927 publicanus]
606 3852 748 3903 Honestus
766 3858 817 3902 aut
832 3860 892 3920 pot.
908 3871 963 3923 pro
978 3873 1066 3921 pareo
1085 3865 1115 3908 ee
1132 3865 1243 3909 attenso
1263 3856 1330 3913 Lod,
1356 3888 1395 3904 .,

80 3936 304 4004 frugalissimus
322 3932 413 4000 bomo]
433 3930 540 3982 Paroria
558 3934 586 3978 et
605 3934 739 3979 attentus.
772 3927 961 3995 Certissimus]
994 3929 1055 3998 Qua
1074 3950 1110 3984 sn.
1130 3947 1184 3985 eet.
1204 3938 1273 3999 (otu.
1291 3930 1342 3991 Eu.
1361 3931 1394 3988 li.

81 4011 173 4085 publ.)
187 4010 272 4082 Lugd.
287 4011 364 4063 Mau.
384 4034 420 4049 -
437 4004 488 4074 Eq.
502 4002 534 4055 Ii.
551 4000 724 4070 publicanus]
745 4004 804 4052 Aut
819 4006 913 4069 potitis
928 4021 1033 4073 pareus
1051 4013 1080 4056 et
1098 4013 1222 4061 attentus
1235 4005 1299 4062 flos.
1312 4008 1394 4062 Creu.

165 4084 235 4138 lbtd.
255 4087 318 4155 quo]
344 4099 413 4152 quae
434 4075 604 4150 (compend.)
624 4078 714 4129 Ptine.

161 4164 205 4217 15.
225 4159 335 4211 Etenim
348 4156 496 4216 iudicium,
510 4149 594 4222 qstod]
615 4146 808 4204 Pr.tter.a1d.
823 4148 890 4205 Lod.
906 4150 1014 4224 Zumpt.
1031 4181 1062 4194 -
1078 4151 1190 4207 Etenim
1202 4154 1331 4208 indictum
1349 4157 1396 4221 lei,

83 4233 161 4304 quod
172 4234 256 4306 Lugd.
271 4235 336 4288 blot.
352 4233 430 4286 Man.
445 4229 527 4282 Creu.
540 4252 576 4266 -
594 4229 696 4276 etenim
708 4224 741 4275 id
749 4223 893 4290 iustitium,
912 4225 985 4295 qtsod
1004 4225 1126 4299 vulgatae
1145 4226 1224 4284 editt.
1243 4232 1395 4287 cicerontfl,

161 4312 208 4368 16.
228 4308 368 4376 Mustius]
390 4303 456 4357 Lod.
476 4317 502 4355 et
522 4319 597 4373 seqq.
616 4328 654 4341 -
672 4303 790 4350 mortuis
811 4304 990 4370 snttqotores.

162 4388 283 4442 ts-ts.
302 4384 361 4435 Hoc
385 4378 512 4432 scholion
537 4378 661 4448 sequenti
687 4377 869 4446 postpositum
896 4389 937 4428 est
958 4378 986 4427 tn
1007 4376 1097 4432 Petne.
1118 4375 1225 4433 Bersid.
1246 4378 1307 4435 std.
1327 4379 1396 4436 Lod.

164 4460 210 4514 18.
229 4459 306 4509 Haec
318 4457 350 4527 j.
369 4455 389 4507 l.
409 4453 545 4518 solebant]
571 4445 679 4519 lines.
697 4449 717 4501 l.
736 4448 842 4500 solebat
862 4450 927 4502 tion
948 4449 1030 4503 Creu.

163 4536 209 4590 20.
229 4532 382 4586 denunciat
401 4528 554 4593 Rubenius]
592 4524 766 4583 denunciata
788 4540 880 4575 novus
898 4525 989 4578 Ptine.
1016 4548 1052 4564 -·
1080 4523 1234 4580 denunciat
1253 4527 1398 4584 Halm,

85 4606 199 4665 Bersld.
221 4636 251 4649 -
274 4604 404 4660 Scholion
424 4604 477 4657 hoe
497 4598 598 4654 caeldtt
619 4615 633 4650 e
653 4595 738 4669 Lugd.
758 4597 835 4653 Man.

163 4687 209 4738 21.
229 4682 297 4754 iste]
316 4681 408 4733 Ptine.
431 4675 536 4734 Betsld.
558 4672 616 4728 tid.
640 4670 707 4727 Lod.
726 4699 761 4714 -·
781 4676 839 4739 ipse
858 4671 924 4726 Hot.
944 4672 1020 4725 Man.
1040 4674 1122 4730 Creu.
1142 4704 1181 4719 —
1198 4692 1253 4730 otu.
1275 4677 1361 4753 Luqd.

162 4755 236 4813 lbtd.
255 4755 389 4823 Rabonio]
412 4752 471 4819 ild.
490 4767 517 4806 et
536 4767 612 4823 seqq.
632 4775 668 4791 -·
687 4744 917 4820 taimen-Petne.
937 4746 1043 4804 Bersld.
