3210 5280
476 191 526 255 IN
550 190 693 258 ΟΒΑΤ.
715 190 811 257 PRO
834 188 999 255 SYLLA.
1336 183 1398 250 863

152 325 190 406 3.
218 331 261 409 Si
288 332 418 408 falsum
446 333 623 431 dixerim,
649 343 687 408 te
713 336 751 408 in
775 332 947 408 eosdem¹
975 333 1138 431 dixisse3
1165 331 1220 407 sii
1247 359 1398 430 verum,

79 460 153 510 nou
182 461 265 510 esse
292 436 363 511 boc
389 463 567 537 regnare,
602 463 713 544 quum
739 462 867 510 verum
893 441 1037 511 iuratus
1064 439 1189 534 dicas,
1222 440 1398 534 probare.

164 555 203 618 in
225 556 327 618 altero
348 557 524 620 mensorio
545 555 737 618 aduersarii
759 567 825 629 est,
849 555 882 618 in
897 555 1000 617 altero
1021 555 1077 618 sni
1094 553 1288 645 defensio&
1333 556 1400 618 Aut

53 647 215 712 invidiae
237 670 357 712 enectam
382 651 559 731 particeps,
590 648 710 732 inquit,
743 648 918 724 videberis,
941 648 969 711 si
989 648 1085 732 quidi
1118 649 1149 711 in
1177 671 1216 712 eo
1247 649 1399 734 regaliter

77 741 159 819 ieci,
190 743 277 826 quod
302 740 333 804 in
355 744 529 806 sceleratos
559 741 702 805 homines
730 741 942 806 testimonium
975 741 1055 815 dixi,
1092 743 1238 825 quoniam
1261 756 1292 806 et
1315 754 1345 805 te
1368 742 1423 804 in5

78 837 208 900 eosdem
232 836 348 899 dixisse
373 837 570 900 manifestum
593 848 659 910 est;
684 848 738 899 aut
762 837 787 900 si
808 836 885 901 fides
907 849 939 901 et
960 837 1075 921 religio
1091 838 1274 919 incorrupta
1293 836 1322 897 in
1338 835 1399 899 illis

78 921 225 994 onmibus
247 929 435 994 testimoniis
457 929 536 1007 init,
561 951 624 994 non
648 941 757 1012 potest
779 952 836 995 rex
860 930 985 1008 videri,
1009 930 1064 1016 qui
1086 930 1266 994 testimonio
1282 929 1399 991 adserit

78 1021 259 1085 veritatem.
304 1024 342 1086 ln
368 1035 459 1105 parte
487 1023 585 1108 igitur
612 1023 770 1105 percussit
796 1026 956 1110 'Torquati
982 1025 1218 1103 verecundiam,
1251 1024 1282 1087 in
1308 1035 1398 1106 parte

79 1115 169 1179 diluit
191 1117 308 1201 regalis
330 1117 426 1180 animi
446 1117 689 1199 proprietatem.

154 1235 192 1316 4.
248 1240 339 1315 Uter
373 1242 521 1315 tandem
547 1267 616 1316 rex
643 1252 720 1336 est,
759 1245 864 1339 isne,
901 1246 960 1317 cui
985 1245 1203 1318 innocentes
1229 1241 1398 1317 homines
1411 1248 1441 1297 ¹⁰

78 1368 154 1418 nou
180 1346 385 1442 resistunt,
412 1370 459 1418 an
484 1348 541 1441 is,
568 1347 630 1444 qui
657 1345 893 1420 calamitosos
920 1372 995 1421 non
1022 1341 1193 1421 deserit?

162 1462 377 1527 Praemiserat
408 1461 489 1527 enim
523 1461 684 1549 Torquati
714 1464 968 1546 propositionem
1001 1465 1092 1528 valde
1125 1461 1398 1528 insolentissimam

76 1568 109 1619 et
132 1557 251 1620 liberae
274 1557 412 1621 civitatis
435 1557 511 1622 odio
538 1557 684 1643 dignam:
707 1558 790 1632 „nisi
815 1571 848 1622 tu
867 1558 1060 1622 descendisses
1078 1558 1120 1622 P.
1144 1558 1280 1639 Syllam,
1305 1576 1398 1620 nemo
1497 1632 1500 1641 Ι

76 1651 301 1714 defenderet’'.
345 1650 409 1717 Cui
433 1652 537 1714 statim
565 1650 596 1713 in
621 1653 724 1716 iorma
750 1651 936 1717 concessiva
967 1649 1141 1718 occurrit⁵.
1184 1653 1246 1728 Ut,
1278 1647 1397 1734 inquit,

77 1745 158 1809 alios
184 1748 354 1809 concedam
378 1745 586 1827 patrocinium
611 1748 825 1830 denegaturus
845 1746 964 1822 fuisse,
998 1744 1030 1809 in
1055 1766 1147 1830 quem
1174 1743 1284 1808 iustius
1314 1741 1441 1806 deri-15

76 1836 208 1901 rabitur
229 1838 324 1902 animi
346 1838 464 1924 regalis
489 1839 663 1922 cupiditas,
685 1839 717 1903 in
745 1861 811 1917 me,
836 1841 890 1924 qui
911 1850 1054 1924 protego
1080 1840 1281 1914 innoeentes,
1306 1859 1345 1900 an
1367 1835 1397 1900 iu

78 1945 128 2008 te,
161 1933 215 2018 qui
240 1934 489 1998 subveniendum
512 1955 576 1997 non
606 1945 700 2016 putas
724 1932 969 1998 innocentibus?
1005 1935 1080 1999 Non
1106 1944 1225 1998 tantum
1254 1952 1336 2018 ergo
1363 1949 1398 1994 so

77 2025 246 2104 liberavit,
270 2029 326 2090 sed
349 2029 550 2104 Torquatum
573 2028 673 2115 mnito
696 2027 842 2091 acerbius
863 2027 1033 2110 proscidit.

155 2146 192 2225 5.
230 2151 280 2225 At
306 2150 365 2225 hic
391 2153 500 2225 etiam
528 2151 672 2227 facetus
697 2176 781 2226 esse
807 2150 978 2249 voluisti,
1018 2177 1128 2251 quum
1154 2153 1397 2250 Tarquinium

79 2263 120 2328 et
143 2253 298 2328 Numam
328 2265 366 2328 et
392 2279 448 2327 me
477 2256 626 2329 tertium
651 2257 889 2356 peregrinum
916 2280 1040 2355 regem
1066 2279 1149 2329 esse
1176 2256 1314 2329 dixisti.
1407 2272 1440 2321 2⁰

165 2371 348 2437 Novitatem
372 2371 540 2438 Ciceronis
573 2372 661 2436 multi
694 2373 819 2457 quidem
849 2393 910 2454 per
933 2371 988 2435 iila
1021 2384 1167 2456 tempora
1199 2372 1398 2438 contumeliis

79 2465 202 2549 agitare
225 2465 438 2541 volueruntiy
470 2475 505 2538 ut
531 2464 668 2529 Catilina
698 2478 729 2530 et
758 2464 892 2531 Clodius
920 2477 951 2531 et
980 2464 1070 2549 ipse,
1101 2467 1245 2552 quaurvis
1271 2468 1398 2551 collega

78 2558 195 2634 fuerit,
239 2557 280 2622 C.
320 2559 493 2623 Antonius.
548 2560 655 2626 Getieas
694 2560 866 2623 virtutibus
910 2563 1091 2624 obtrectare
1124 2583 1188 2626 non
1230 2573 1397 2643 poterant,

79 2651 146 2716 eins
165 2652 371 2714 humilitatem
394 2651 541 2715 natalium
565 2653 714 2717 maledica
736 2652 942 2718 insectatione
961 2656 1146 2737 carpebant.
1191 2652 1398 2718 Notissinmm

79 2757 128 2809 est
151 2757 254 2808 autem
274 2745 373 2810 irrisae
397 2744 588 2811 Ciceronem
615 2746 742 2810 natione
763 2746 918 2810 Volscum
946 2748 1073 2830 Arpino
1096 2745 1285 2830 municipio,
1317 2748 1441 2815 undeet

80 2838 127 2903 rili
148 2842 299 2924 quaedam
322 2838 559 2925 peregrinitatis
585 2841 625 2901 ab
649 2838 845 2905 invisoribus
873 2840 1121 2906 concionabatur
1144 2841 1283 2905 iniamia.
1328 2843 1400 2904 Ncc

80 2933 112 2998 in
133 2930 310 3015 praesentis
325 2954 438 2996 carnae
453 2932 568 2995 iudicio
585 2934 770 3017 Torquatus
785 2945 993 3016 pepercerat,
1015 2934 1098 2998 iacta
1114 2934 1273 2998 mentione
1286 2955 1398 3017 regum

79 3027 325 3112 peregrinorum
350 3026 516 3110 Tarquinii
545 3037 576 3089 et
601 3028 737 3089 Numae.
782 3028 902 3092 Fuerat
928 3027 1008 3090 enim
1038 3028 1237 3110 Pompilius⁷
1259 3026 1400 3093 Curibus

81 3121 209 3189 Sabinis
231 3133 341 3186 ortus:
374 3119 567 3205 Tarquinius
596 3141 673 3184 vero
699 3120 829 3186 Priscus
854 3121 1038 3186 Demarati⁸
1075 3122 1253 3188 Corinthii⁹
1296 3119 1397 3198 iilius,

81 3215 136 3298 qui
157 3214 285 3299 lugiens
306 3213 551 3280 dominationem
568 3211 720 3296 Cypseli,
745 3214 776 3278 in
791 3216 913 3281 ltaliam
934 3237 969 3279 se
985 3216 1178 3300 Tarquinios
1200 3215 1398 3292 contulerat,
1410 3239 1442 3289 3⁰

81 3309 189 3392 ibique
214 3309 333 3373 liberos
363 3319 604 3390 procreaverat.
648 3307 946 3374 Animadvertamus
975 3321 1097 3388 tamen,
1131 3309 1257 3396 qrrantis
1282 3307 1400 3373 aculeis

81 3400 262 3483 asperitatis
290 3400 451 3465 taliionem
474 3402 527 3465 M.
555 3401 680 3465 'Tullius
708 3402 828 3466 reserat
855 3403 908 3466 hic
937 3406 1127 3489 Torquato,
1163 3426 1256 3487 quern
1286 3402 1399 3487 partim

81 3492 286 3577 despiciendo
308 3496 380 3578 plus
406 3494 503 3558 abicit
529 3505 560 3558 et
582 3495 788 3560 humillimum
813 3494 911 3574 iacit,
945 3495 1059 3579 partim
1087 3495 1205 3560 maiore
1229 3496 1401 3560 insectatur
1497 3493 1502 3503 ’

80 3585 220 3664 invidia,
251 3592 338 3673 quod
359 3588 391 3652 in
420 3588 574 3670 exemplis
598 3589 751 3653 maiorum
777 3588 862 3655 iliius
891 3587 1058 3655 baereatli
1078 3590 1192 3655 invidia
1215 3589 1399 3671 tyrannidis.

154 3722 178 3769 i.
198 3722 258 3767 sco.
281 3725 387 3768 deterius
405 3736 457 3769 ene.
478 3721 521 3781 12.
541 3723 601 3770 nde.
624 3724 710 3769 metius
727 3725 778 3770 ein.
799 3724 829 3770 N.
867 3722 891 3771 ³.
912 3727 973 3771 Coei.
993 3727 1043 3772 sic:
1063 3726 1091 3770 in
1109 3726 1189 3771 nitere
1208 3759 1215 3773 .
1236 3757 1243 3770 .
1263 3733 1301 3770 eet
1319 3727 1346 3770 ira
1363 3726 1402 3769 al·

224 3799 278 3839 iero
297 3824 304 3839 .
326 3823 332 3838 .
352 3798 396 3837 cut
413 3798 460 3838 ret.
481 3807 539 3851 qnae
557 3794 634 3848 spatia
652 3796 764 3850 replenda
781 3796 933 3849 videbantur,
954 3801 979 3840 nt
998 3796 1107 3841 intimae.
1131 3796 1212 3841 Porro
1230 3800 1313 3841 noster
1328 3799 1400 3841 inier-

222 3876 279 3920 pres
303 3864 362 3908 satis
386 3861 446 3908 bene
471 3865 575 3910 declarat
593 3863 653 3907 bone
671 3865 764 3916 iocum,
792 3865 830 3923 qni
850 3868 997 3911 recentiores
1021 3866 1119 3910 criticos
1143 3879 1189 3909 non
1213 3878 1297 3920 param
1320 3865 1400 3909 torsit.

226 3931 252 3977 4.
276 3932 338 3978 Cod.
365 3933 451 3992 eiqait.
501 3930 525 3980 5.
552 3931 611 3976 Cod.
637 3933 664 3977 iu
682 3929 798 3993 firrmenr
819 3935 965 3979 concessivo
987 3934 1077 3979 currit.
1127 3931 1151 3978 6.
1181 3935 1241 3978 Cod.
1269 3935 1400 3979 noluerint.

223 4004 283 4049 Noa
301 4003 380 4047 idaiae
399 4003 517 4059 supplerit
534 4000 600 4048 Nem
617 4003 676 4063 quic
694 4004 750 4048 virt.
792 4004 838 4048 Sed
857 4009 912 4060 poet
928 4006 984 4060 ayii.
1003 4005 1062 4048 uiua
1080 4004 1196 4049 excidisse
1215 4005 1292 4058 potius
1310 4005 1403 4048 videtne

222 4073 305 4118 cuiue.
335 4071 381 4118 Oa.
427 4070 452 4120 i.
472 4072 578 4131 Utraque
601 4073 660 4117 idaii
685 4075 777 4130 editio;
807 4071 930 4131 Popiliae.
976 4070 1001 4118 8.
1022 4073 1081 4121 coa.
1100 4070 1242 4118 Demcrtiri.
1290 4072 1314 4119 ⁹.
1339 4074 1401 4118 Coi.

223 4157 275 4189 earn
294 4144 363 4188 oniea
382 4144 400 4187 i.
440 4140 480 4190 id.
499 4143 560 4190 Cod.
580 4157 615 4188 are
633 4143 760 4187 tciiionem
779 4167 789 4180 ·
807 4168 817 4179 ·
836 4143 914 4189 obicit
929 4149 954 4189 et
971 4142 1058 4188 ierant
1074 4145 1126 4189 aine
1145 4143 1298 4202 diphthongo.

159 4234 204 4285 22.
230 4228 360 4298 Magnam
381 4224 414 4279 de
434 4241 483 4278 aaa
503 4223 650 4278 nobilitate
669 4229 828 4297 opinionem
849 4242 875 4278 et
896 4226 1050 4298 snperbiam
1071 4225 1202 4279 Claudiae
1222 4223 1343 4279 familiae
1362 4228 1405 4277 in-

84 4308 168 4359 sitam
191 4318 308 4356 restatur
327 4302 440 4355 Tacitus
462 4301 560 4355 Annal.
582 4300 604 4352 l.
625 4303 667 4358 iu:
686 4300 827 4352 Tiberium
846 4302 1002 4366 Neronem,
1022 4311 1163 4352 metretum
1176 4306 1274 4365 annis,
1293 4311 1405 4373 specta-

83 4388 142 4435 imn
162 4379 257 4437 hedis,-
275 4377 440 4429 seductore
460 4385 543 4446 atqaee
562 4381 649 4429 insita
670 4376 804 4428 Claudiae
809 4373 945 4447 familiae
957 4377 1096 4449 superbia.
1132 4375 1256 4430 Eandem
1271 4383 1298 4430 in
1314 4378 1405 4450 Appio

83 4454 204 4510 Pulchro
224 4455 254 4508 P.
275 4452 367 4506 Clodii
388 4451 471 4504 fratre
491 4456 611 4523 exaginu
631 4455 727 4505 Cicero
748 4451 782 4505 ad
802 4453 897 4506 Famii.
919 4455 968 4507 iii.
990 4459 1015 4510 7.

160 4535 204 4588 25.
226 4530 265 4581 De
285 4529 406 4581 Catilina
426 4542 451 4579 er
474 4531 596 4582 Antonio
617 4526 761 4580 confirmat
781 4530 917 4581 Asconius
938 4528 970 4580 ad
990 4545 1062 4583 erar.
1083 4533 1111 4580 in
1132 4543 1197 4602 roga
1216 4525 1333 4581 candida
1352 4527 1403 4578 aab

84 4605 181 4658 linem:
202 4602 264 4655 hesic
283 4609 408 4655 orationi
428 4603 570 4654 Ciceronis
589 4611 616 4654 et
629 4603 756 4656 Catilina
776 4613 803 4655 et
819 4608 959 4657 Antonius
977 4607 1172 4661 contumeliose
1191 4604 1403 4675 responderunt,

84 4682 158 4752 qued
176 4681 264 4732 soleam
280 4687 431 4749 poterent,
451 4684 558 4730 devecti
575 4684 605 4730 in
624 4684 781 4732 saevientem
800 4685 868 4737 eires.

161 4758 208 4817 bi.
228 4755 353 4828 intellige
373 4754 512 4809 Manlium
532 4753 730 4829 Capitolinum.
