3210 5280
499 197 545 261 ΙΝ
570 195 713 265 onst.
734 196 833 262 rito
854 192 1057 262 titione.
1366 191 1433 254 itu

197 342 285 415 iiii.
314 332 348 413 1.
376 339 489 439 Atqui
514 342 547 414 si
573 351 716 439 tenipus
743 350 801 418 esi
833 339 944 413 ulium
968 342 1052 413 iure
1077 337 1235 413 hortinis
1261 337 1427 412 necandi.

204 460 263 502 -¹
296 457 498 521 Pertinenter
525 469 556 521 et
584 458 648 522 cito
680 480 836 544 agenore
857 461 898 521 ad
919 457 1053 539 speciem
1076 457 1246 540 prolapsus
1267 467 1332 529 est,
1366 455 1432 515 hon

118 551 178 614 iant
201 551 444 614 confirmaturus
473 550 536 615 aiio
564 554 711 635 exemplo
739 564 771 616 et
792 551 946 625 indicato,
978 549 1191 612 insidiatorem
1213 551 1255 614 Ρ.
1279 545 1427 612 Clodium

117 645 255 708 interfici
277 665 294 706 a
317 642 442 706 Milone
463 643 621 725 potuisse,
650 647 776 729 qnando
800 643 892 707 etiam
924 644 1029 706 miles²
1056 641 1251 707 inereretur
1275 641 1317 706 C.
1341 640 1432 704 nissi

118 742 158 802 de
181 737 299 802 tribuni
319 738 366 799 stri
391 737 628 820 interemptione
654 738 819 802 confessus
847 736 1046 817 imperatoris
1075 736 1174 818 ipsius
1204 735 1319 798 indicio
1349 735 1457 798 libe-s

116 845 206 896 rttttts
226 830 278 896 sit.
324 832 396 894 Fttit
418 843 519 894 antem
549 831 591 897 C.
615 831 732 896 Lttsitts
761 830 929 894 iribttntts³
960 829 1092 893 ntiiittmt
1119 827 1241 893 sororis
1270 826 1353 890 liiitts
1384 826 1426 892 C.

117 924 221 996 Mari,
245 923 300 1008 qtti
320 925 405 987 bello
426 923 587 989 Cimbrico
610 928 651 989 P.
674 924 869 987 'l'tebonittnt
891 924 959 987 sive
980 922 1168 987 Arruntium
1191 920 1315 984 militem
1337 941 1427 982 sttttnt

116 1018 238 1082 ltberali
261 1017 341 1081 lucie
364 1020 555 1101 praeuittttn,
580 1041 673 1102 qnttnt
690 1018 802 1101 partim
819 1017 963 1087 minando
978 1017 1089 1098 partim
1105 1016 1246 1099 praemio
1263 1017 1428 1080 offerendo

117 1111 157 1172 ad
179 1133 364 1174 consensum
387 1110 489 1192 stupri
511 1133 573 1174 non
596 1110 750 1193 potuisset
773 1110 919 1185 inlicere,
963 1123 1056 1174 nocte
1078 1111 1262 1191 intempesta
1284 1129 1345 1194 pro
1368 1129 1428 1192 po·

117 1216 230 1268 tesittte
253 1209 312 1248 -i
336 1228 415 1271 voca
436 1206 443 1218 '
466 1209 595 1268 ettndetu
619 1205 720 1269 ittssit.
765 1204 823 1267 lile
845 1225 970 1266 causam
992 1204 1203 1286 suspicaiitts
1246 1254 1255 1272 .
1299 1248 1309 1267 .
1354 1247 1365 1267 .
1440 1208 1473 1262 ti

477 1311 757 1384 Desidcroniter
775 1309 948 1418 paginae
973 1304 1097 1407 duan]

197 1435 259 1536 [P.
287 1433 393 1537 218]
447 1495 456 1514 .
497 1495 506 1515 .
548 1495 556 1513 .
596 1492 606 1512 .
638 1439 774 1513 Milone
804 1440 1021 1513 sensissent.
1060 1426 1067 1441 ³
1175 1455 1177 1459 ’

195 1568 240 1641 V.
270 1562 304 1641 1.
332 1569 532 1643 Declatant
557 1568 663 1643 huius
686 1571 848 1643 'ambusti
874 1572 1013 1644 tribuni
1039 1571 1089 1667 pl.

192 1741 215 1785 1.
235 1742 374 1786 Versienius
398 1755 483 1786 teeuus
501 1743 546 1786 Gr.
591 1741 616 1786 2.
636 1743 695 1789 con
716 1742 848 1787 stiomt'ise.
893 1738 918 1790 3.
939 1743 1000 1786 Cod.
1022 1742 1128 1788 tribuni.
1175 1738 1200 1786 i.
1224 1742 1331 1796 Speiiutu
1359 1742 1430 1784 unica

259 1811 376 1856 vocabuli.
413 1810 516 1866 (Erudit
533 1811 636 1857 tortasse
654 1810 689 1856 ud
703 1826 740 1856 se.
760 1811 818 1864 Os.)

119 1891 155 1943 eh
185 1891 369 1946 Ambrosiano
398 1893 550 1946 Scholiasta
579 1893 732 1965 perturbari
761 1911 811 1966 pro
841 1893 934 1948 Pinoc.
963 1893 1093 1947 xxxiv.
1126 1899 1149 1949 1.
1174 1897 1201 1946 2.
1239 1891 1363 1962 Namque
1391 1891 1429 1943 ibi

120 1967 291 2021 Scholiastea
317 1971 439 2020 secundo
464 1968 527 2020 ioco
554 1986 610 2021 non
636 1965 739 2041 proiert
767 1984 979 2040 consequentem
1008 1967 1090 2020 veluti
1119 1967 1204 2019 i'niiti
1235 1982 1355 2031 tentum,
1383 1963 1434 2018 sed
1483 1967 1487 1974 '

120 2041 331 2115 prsecedentem
359 2047 426 2096 citat
453 2048 481 2095 in
501 2048 636 2096 orationis
654 2060 719 2097 suae
739 2049 816 2098 setin
866 2046 958 2110 Quare
984 2059 1011 2095 et
1030 2059 1082 2114 equ
1102 2058 1157 2095 tent
1178 2046 1207 2094 in
1227 2041 1433 2095 Mediolanensi

120 2132 204 2189 quarn
231 2122 258 2169 in
288 2119 340 2170 hac
367 2120 488 2170 Romana
514 2117 635 2171 editione
661 2135 756 2171 notam
783 2119 951 2172 numeralem
977 2123 1003 2172 2.
1027 2121 1245 2189 praetermittere
1265 2114 1430 2169 debuissem.

120 2192 320 2258 (praetermisi.
346 2191 412 2265 Os.)
450 2194 543 2264 Neque
564 2198 592 2246 in
612 2193 791 2247 bobiensium
811 2193 938 2248 codicum
959 2190 1085 2265 catalogo
1104 2210 1131 2264 p.
1149 2195 1228 2253 2i5..
1247 2190 1294 2243 ubi
1307 2189 1428 2261 loquitur

119 2272 163 2319 tir
182 2285 304 2322 summus
324 2266 356 2320 de
377 2267 480 2321 §edulii
500 2267 595 2321 codice
615 2268 682 2321 oiitn
703 2268 831 2322 bobiensi
852 2288 924 2323 nunc
938 2270 1118 2331 'rsuriuenti‚
1138 2265 1217 2320 tetba
1237 2265 1284 2319 iiis
1298 2265 1431 2317 robeoin-

119 2346 373 2412 cipetroirttmoptts
391 2343 571 2413 explicarem,
590 2359 619 2396 ttt
640 2349 698 2417 ipae
717 2341 799 2410 satit,
818 2344 901 2396 rrtlero
920 2347 1017 2414 incipit
1036 2360 1147 2392 sucrttm
1166 2358 1250 2411 opust
1275 2338 1322 2393 sed
1344 2339 1431 2392 multo
1463 2360 1470 2370 ·
1553 2382 1558 2389 .

120 2415 233 2469 tuellem
254 2419 337 2469 ruben
356 2421 453 2488 incipit
470 2427 562 2470 etrum
582 2436 666 2489 optes:
686 2418 756 2471 liber
775 2423 848 2471 enim
862 2417 965 2473 sedutti
980 2431 1134 2470 atramento
1147 2421 1268 2487 scriptus
1281 2412 1432 2486 incipiebat
1544 2432 1547 2437 ·

119 2490 153 2544 de
174 2509 251 2545 more
271 2509 284 2542 tt
305 2490 444 2544 rubricato
464 2497 551 2547 minio
571 2493 612 2546 tel
632 2496 723 2548 littera
737 2493 778 2545 tel
792 2495 936 2547 tertinulo.
974 2496 1066 2562 Quure
1081 2496 1108 2543 iu
1123 2491 1174 2543 hcc
1186 2488 1286 2563 frigida
1299 2489 1432 2544 antithesi

119 2565 266 2621 bobiensis
287 2565 414 2620 librarius
434 2567 511 2621 insit.
561 2567 643 2637 Quod
671 2569 787 2640 denique
815 2574 844 2622 in
869 2566 1024 2630 irnernento
1051 2569 1211 2638 Psnegyrici
1237 2569 1335 2618 veteris
1361 2580 1377 2616 a
1403 2581 1432 2618 te

120 2640 196 2695 edito
215 2662 243 2716 p.
263 2641 325 2702 tsi.
352 2647 393 2695 tic
412 2641 510 2695 scribit
537 2645 587 2696 vir
612 2643 649 2696 cl.
668 2649 797 2715 repetitio
816 2643 1018 2713 inexplicabilis
1039 2660 1095 2694 nott
1113 2651 1206 2701 teneir
1233 2639 1384 2692 debitorem
1402 2644 1433 2690 iss

120 2733 216 2768 measa
233 2734 340 2788 semper
359 2718 525 2778 absumunt,-
550 2723 574 2771 si
594 2716 660 2787 quid
680 2737 729 2789 eqo
750 2718 843 2784 tideo,
864 2717 965 2771 divisio
985 2717 1031 2770 ills
1051 2722 1081 2769 in
1100 2734 1195 2768 mensu
1215 2714 1332 2768 absurda
1350 2730 1391 2767 est
1404 2729 1432 2766 et

121 2809 217 2846 sensus
237 2792 292 2845 ioci
319 2793 509 2863 pessumdetur
535 2793 577 2847 tei
596 2794 768 2848 obscuratus.
819 2793 1001 2848 scribendum
1031 2798 1114 2865 igitur
1142 2796 1292 2845 coniuncte
1313 2805 1432 2843 censeo:

121 2872 251 2935 repetitio
263 2867 467 2938 inexplicabilia
484 2885 540 2920 nott
560 2877 651 2929 tenet‚·
671 2869 821 2921 debitorem
840 2874 964 2921 innteetso
983 2886 1090 2938 semper
1108 2867 1264 2920 absolvunt.
1302 2864 1361 2930 (Sic
1372 2864 1433 2917 Psi-

120 2939 210 2996 ladius
229 2940 284 2995 1111.
304 2941 325 2994 l.
344 2945 373 2998 ii.
393 2941 566 2995 Creditorem
583 2928 771 3014 potitttrsctti
783 2947 842 2994 sirte
855 2963 903 3010 spe
915 2943 1096 2995 absolutionis
1107 2947 1242 2994 astrictus
1255 2939 1321 3012 est)
1341 2940 1433 2992 itntno

122 3021 311 3089 interpunctio
331 3020 390 3086 pati
410 3014 495 3070 ierme
515 3023 573 3070 iure
593 3034 703 3072 anteat
723 3033 784 3091 post
804 3017 954 3070 debitorem
974 3018 1030 3071 lieri
1052 3032 1151 3089 potest.
1202 3017 1260 3069 latu
1286 3012 1359 3086 quod
1386 3014 1433 3065 Vir

120 3091 163 3145 Cb
192 3089 226 3144 de
252 3092 412 3144 Latinarum
439 3093 593 3146 litterarum
620 3109 682 3166 post
703 3097 814 3164 Augusti
835 3108 929 3146 tetum
950 3097 1126 3165 corruptione
1146 3090 1271 3157 disserit,
1302 3090 1370 3142 mihi
1390 3093 1433 3141 sio

121 3165 269 3219 dicendum
288 3163 403 3219 ridetur.
443 3169 595 3222 Sumuntur
616 3167 725 3238 quidetn
744 3169 915 3238 eloquentiae
935 3184 991 3221 tarn
1012 3172 1040 3220 in
1054 3167 1167 3222 Graecis
1181 3183 1263 3236 quant
1285 3169 1313 3217 in
1327 3164 1434 3215 Latinis

122 3247 204 3295 unius
224 3237 310 3293 ietnte
331 3246 428 3294 setttis
449 3240 515 3295 luit:
543 3247 703 3314 ceteroquin
731 3248 832 3296 sanitas
859 3260 905 3295 eeu
934 3259 1008 3297 certe
1027 3242 1138 3296 bonitus
1159 3242 1323 3294 elocutionis
1345 3238 1455 3290 multo·

121 3315 226 3371 diutius
253 3312 324 3382 spud
350 3317 463 3371 Lstinos
488 3321 572 3371 etisnt
601 3323 797 3391 perseverarit.
827 3322 856 3371 in
885 3319 991 3383 Plinio,
1019 3333 1099 3389 puta,
1131 3315 1299 3379 Columella,
1330 3314 1431 3378 iente,

121 3392 239 3455 Tacito,
262 3390 369 3455 Gellio,
395 3397 453 3445 iure
473 3392 547 3446 cirili
568 3408 638 3458 cet..
659 3393 820 3458 trenusio,
840 3394 962 3456 Hilario.
983 3395 1152 3465 Hieronymo
1170 3408 1225 3445 cet.
1262 3389 1298 3444 Es
1318 3391 1435 3442 Fronto-

120 3471 164 3521 nis
184 3470 269 3519 etiam
283 3464 494 3536 Sytnmacitique
514 3467 634 3521 elocutio
654 3477 752 3521 mortri
772 3469 889 3523 lectores
909 3485 972 3520 cunt
993 3466 1083 3521 irurtu
1103 3467 1194 3537 aliquo
1215 3479 1314 3537 potest.
1343 3464 1433 3517 inttnn

120 3543 222 3595 leonto
243 3555 299 3593 tem
321 3559 385 3612 pure
406 3541 520 3604 scribit,
540 3559 570 3596 ut
590 3547 635 3612 qui
656 3561 718 3595 eutn
739 3560 842 3597 attente
862 3545 970 3616 legunt.
989 3545 1089 3595 nedum
1110 3556 1261 3613 spernunt.
1288 3557 1344 3592 non
1365 3541 1433 3590 bttr-

120 3615 254 3670 barisstos
274 3615 362 3668 sulum
381 3620 466 3669 vitate
485 3616 611 3682 discant,
631 3635 725 3671 serunt
745 3623 828 3672 etism
850 3624 983 3684 qenttinse
1003 3617 1154 3690 elegantiae
1175 3616 1295 3670 colotern
1316 3629 1432 3667 contts-

121 3692 197 3745 bant.
247 3688 357 3743 Urbane
383 3695 524 3762 amiceque
551 3697 681 3746 invitatus
701 3709 716 3744 a
737 3698 796 3747 tiro
815 3698 918 3745 eximio
937 3695 993 3766 Op.
1012 3697 1062 3748 cit.
1082 3713 1108 3764 p.
1128 3697 1192 3752 256.
1212 3706 1297 3761 pauca
1319 3690 1385 3742 hsec
1405 3705 1434 3742 et

120 3762 286 3827 levidensis,
315 3781 344 3818 ut
365 3763 404 3816 illi
425 3783 530 3819 rnorem
550 3785 689 3838 gererem,
715 3769 806 3822 obiter
824 3767 972 3831 adnotatl;
1000 3785 1068 3841 quae
1087 3764 1186 3841 sponte
1207 3770 1316 3836 rituque
1336 3780 1363 3817 et
1384 3767 1432 3816 in·

121 3844 220 3894 stitnto
240 3857 302 3893 meo
322 3857 461 3909 nunquam
482 3842 667 3912 protulissent.

196 3935 225 3991 6.
245 3929 313 3985 ced.
334 3932 443 3984 Clttsitts
460 3934 608 3987 evidenter.
646 3934 681 3989 Et
701 3932 810 4006 quidern
831 3940 913 3990 etlant
927 3940 956 3988 ln
969 3935 1070 3988 Valerii
1087 3934 1160 3986 hias.
1174 3933 1221 3986 vi.
1239 3934 1258 3985 Ι.
1278 3937 1318 3988 12.
1333 3933 1431 4001 pristis

121 4005 290 4062 editionibus
309 4007 439 4062 scribitur
458 4008 576 4063 Clusius.
615 4008 669 4062 Sed
687 4008 887 4064 dubitationem
908 4029 1019 4064 ornnem
1034 4008 1107 4062 toiilt
1123 4008 1281 4062 Plutarchus
1297 4011 1325 4058 in
1340 4007 1431 4059 Mario

121 4086 189 4156 ctu.
210 4082 286 4147 XV„
315 4097 330 4134 tt
350 4099 403 4154 quc
422 4082 553 4138 scribitur
571 4083 662 4147 Γάϊος
680 4083 818 4149 Atttirtot.
866 4085 949 4138 Error
969 4088 1052 4157 igitur
1072 4087 1101 4136 in
1121 4082 1263 4136 codicibus
1284 4079 1383 4133 Valerii
1403 4094 1431 4130 et

119 4162 148 4210 in
169 4157 223 4211 hoc
244 4158 377 4211 istiesuo
397 4173 475 4210 ortus
495 4174 537 4212 est
564 4174 579 4209 a
600 4163 797 4214 coniunctione
816 4163 1002 4232 praenominis
1021 4174 1083 4212 cunt
1104 4162 1233 4222 nornine,
1254 4156 1362 4212 clusisse
1382 4171 1431 4227 pro

122 4233 153 4286 C.
180 4231 296 4291 leuiter,-
326 4233 481 4286 cuiusmodi
512 4233 564 4286 alia
590 4233 725 4306 permulta
750 4250 815 4288 tunt
840 4237 944 4288 iamdiu
972 4249 987 4285 a
1014 4236 1122 4286 criticis
1148 4248 1241 4285 notsta
1269 4229 1430 4284 mendorum

121 4304 582 4437 iiiiiiliiiitiiizi
597 4310 780 4456 iiiiii
804 4307 1321 4438 iiii.t‘2tii..i‘’iiii‘·2
1363 4302 1431 4356 Μ’

217 4461 243 4513 7.
264 4457 305 4509 its
325 4458 422 4510 scribit
442 4462 524 4512 atiatn
547 4459 717 4512 Plutarchus.
754 4461 791 4513 At
811 4460 933 4513 lislerius
952 4457 1022 4511 dicit
1040 4459 1072 4513 C.
1092 4457 1222 4510 Plotium.
1271 4456 1368 4510 Noster
1389 4459 1432 4504 in-

122 4548 203 4603 super
224 4532 360 4601 interpres
380 4531 456 4585 sddit
477 4539 578 4586 teriam
598 4532 745 4587 lectionem
765 4536 942 4586 Antiatium.

199 4615 242 4662 10.
263 4606 375 4659 Scilicet
401 4608 480 4661 utiles
506 4608 539 4661 ad
564 4608 705 4662 tribununt
725 4623 866 4663 vocantem
886 4613 975 4668 teuit:
1006 4622 1116 4678 parstus
1134 4622 1226 4660 tatnsn
1247 4610 1302 4658 rint
1323 4619 1429 4673 turpent

123 4678 238 4732 boueeta
258 4685 283 4731 ei
305 4680 452 4751 repelleret
478 4681 552 4756 quod
572 4700 665 4756 reapse
684 4682 760 4737 iecit.
798 4685 869 4757 Lege
889 4699 997 4754 prseter
1015 4681 1105 4735 dictos
1125 4697 1250 4734 auctores
1270 4683 1337 4735 duas
1357 4695 1430 4750 quo-

122 4772 173 4826 que
192 4755 424 4827 decimationes,
442 4774 511 4831 quae
531 4759 583 4813 hse
602 4776 684 4833 super
703 4776 731 4813 te
751 4765 824 4816 inter
842 4762 1047 4831 Quintilinnaas
1067 4773 1226 4812 ocurrunt.
