3210 5280
160 187 223 252 aaa
578 186 784 255 scuonm
807 183 1080 269 nonmusm

237 326 272 405 2.
301 332 344 405 In
369 332 591 406 Autronium
617 330 867 407 testimouium
895 329 1045 424 dixisti,
1079 327 1218 426 iuquit,
1253 321 1404 422 Syllam·
1428 324 1483 397 dc·

160 443 294 518 fendis.
347 460 410 524 Et¹
433 459 578 523 relicum.

246 559 470 626 Acutissimum
496 573 626 648 torquet
647 561 913 645 argumentum²
940 579 1043 640 prope
1069 559 1108 620 ad
1133 556 1195 623 vim
1223 553 1484 628 dialecticorum,

160 666 195 719 ut
220 655 391 718 adversarii
418 655 601 762 propositio
630 656 786 739 utrimque
809 653 956 714 conclusa
983 664 1141 714 teneatur.
1187 649 1329 724 Dixisti,
1360 646 1484 731 inquit,

136 750 191 815 tin
221 748 415 813 Autronium
439 749 670 822 testimonium,
701 759 732 811 et
759 745 992 831 quodaminodo
1018 766 1101 806 nunc
1126 742 1234 806 deficis
1262 763 1279 803 a
1303 739 1486 807 constantia

160 853 232 919 tna,
257 842 310 925 quui
333 844 374 907 P.
403 843 509 924 Syllae
536 840 761 924 patrocinaris.
806 839 891 904 Huic
919 839 960 901 ita
984 838 1088 900 factae
1110 835 1349 919 propositioni³
1379 855 1487 916 oppo-

160 935 266 1011 nitur,
300 947 333 997 ut
358 935 600 1011 animadvertis,
632 947 723 997 acuta
746 932 926 1015 responsio.
971 930 1005 995 Si
1038 930 1137 992 minus
1160 929 1313 1014 integre,
1338 928 1491 1013 inquiat,

160 1028 374 1094 testimonium
400 1027 485 1103 dixi,
520 1051 578 1090 nec
600 1027 774 1092 defensioni
804 1048 909 1096 ruere.
934 1046 1027 1111 quam
1055 1045 1137 1085 nrtnc
1158 1021 1349 1106 adgredior,
1382 1023 1488 1084 inesse

160 1123 254 1186 debet
276 1122 470 1186 auctoritas:
494 1123 563 1185 sin⁵
588 1145 666 1186 vero
690 1122 768 1184 fides
785 1120 928 1183 constitit
944 1118 1018 1180 mihi
1034 1117 1245 1180 testimonium
1265 1114 1404 1188 dicenti,
1431 1135 1489 1176 cur

119 1229 224 1280 tonon
248 1216 287 1277 ab
315 1217 424 1278 eadem
450 1215 512 1278 fide
539 1216 630 1279 etiam
654 1215 844 1278 defensionis
868 1213 958 1277 husius
982 1215 1123 1297 aequitas
1146 1208 1338 1274 descendat?
1369 1209 1415 1271 Et
1437 1207 1491 1269 hic

160 1305 222 1372 iam
245 1328 279 1371 se
302 1307 573 1372 animis'iudicnm
601 1311 736 1377 latenter
758 1311 912 1385 insinuat,
945 1320 978 1373 nt
1003 1327 1152 1390 praesens
1175 1303 1316 1368 defensio
1342 1301 1374 1364 in
1398 1300 1490 1365 testi·

161 1400 258 1466 monii
281 1401 381 1464 vicem
408 1404 513 1468 cedat.

236 1518 274 1599 3.
301 1525 443 1607 videor
473 1527 666 1604 animiam
694 1552 767 1601 uon
796 1528 913 1601 solum
941 1527 1100 1600 studium
1126 1523 1172 1600 ad
1191 1517 1490 1598 defendendum⁶

162 1661 315 1734 causas,
340 1663 469 1713 verum
498 1641 605 1712 etiam
634 1641 818 1738 opinionis
846 1639 984 1738 aliquid
1010 1648 1048 1711 ot
1068 1636 1301 1712 auctoritatis
1321 1634 1490 1706 adferre.

122 1779 152 1829 ιε
248 1756 371 1821 Canet⁷
395 1757 504 1831 vaide,
526 1757 686 1821 neodium
709 1759 866 1842 quoddam
890 1756 1000 1819 nimiae
1021 1754 1113 1818 huius
1141 1749 1420 1816 adseverationis⁸
1443 1751 1491 1812 in·

164 1860 284 1914 orara-at.
330 1849 422 1913 Facit
448 1850 528 1919 cuitu
558 1852 734 1935 periculum
756 1851 955 1936 inpudentiae
965 1895 976 1926 ,
1008 1849 1082 1934 qui,
1110 1869 1205 1934 qutun
1233 1856 1395 1929 patronus
1425 1845 1489 1920 sit,

165 1941 243 2043 velit
265 1943 354 2006 testis
378 1943 493 2010 videri.
895 1971 898 1977 ’

241 2065 306 2144 lv
326 2061 361 2146 1.
390 2069 491 2144 Duae
510 2071 788 2153 coniurationes
805 2072 922 2152 abste
933 2069 1175 2169 ,Torquate,
1194 2070 1490 2145 constituuntur.

250 2184 439 2253 Coniuratio
462 2187 579 2252 diuersi
606 2191 733 2273 generis
757 2189 894 2253 infertur
915 2187 1069 2271 geminata
1093 2184 1330 2275 propositione.
1358 2198 1390 2250 et
1416 2188 1452 2250 tit
1472 2209 1492 2250 a

123 2292 155 2343 20
167 2277 219 2342 Μ.
244 2279 353 2347 'struis
376 2282 605 2346 consultissima
629 2296 660 2347 ct
676 2307 739 2349 non
755 2283 920 2356 incuriosis
937 2283 1110 2345 lectoribus
1126 2280 1304 2342 admiranda
1320 2279 1490 2357 discretio,

167 2382 201 2436 ut
223 2373 325 2437 softun
348 2383 471 2455 ternpus
498 2375 563 2458 ipsc
585 2376 732 2442 defendat
754 2375 981 2440 emim-ationis
1004 2375 1088 2449 eius,
1115 2394 1195 2458 quiae
1222 2395 1255 2435 se
1278 2377 1412 2439 consule
1437 2378 1492 2439 de

165 2466 321 2547 prehensa
336 2466 395 2542 sit3
418 2467 494 2533 iilud
510 2490 589 2532 vcro
603 2470 752 2552 surperius
768 2469 946 2534 Hortensio
968 2467 1186 2549 patrocinante
1200 2465 1338 2529 fateatur
1353 2469 1492 2532 dilucido

166 2572 363 2642 peroratum.
410 2562 457 2624 {ta
482 2585 539 2625 uec
560 2563 596 2624 fit
625 2564 687 2626 uffa
716 2567 835 2628 iactura
866 2560 1080 2636 defensionis,
1116 2562 1202 2645 qrtod
1233 2559 1309 2623 iilud
1341 2563 1493 2644 superius

162 2663 291 2734 ,teartpus
314 2657 457 2731 omittat,
482 2657 629 2738 quomam
653 2659 792 2721 defendit
809 2657 1020 2727 Hortensius;
1045 2667 1076 2718 et
1097 2676 1192 2739 qustum
1215 2655 1279 2716 hoc
1303 2652 1365 2717 sibi
1388 2657 1493 2737 potis·

126 2745 281 2811 assianum
315 2751 401 2812 votuit
434 2751 583 2833 privatim
613 2752 877 2834 etpeculiariter
905 2749 1044 2813 vindicet
1078 2751 1118 2811 ad
1152 2747 1352 2823 diluendum,
1388 2751 1491 2834 magis

169 2841 369 2905 existimetur
400 2843 581 2909 testimonio
615 2845 670 2907 niti
699 2867 792 2929 quam
819 2844 1029 2928 probatione,
1066 2842 1241 2906 defendens
1274 2863 1311 2904 ca
1344 2843 1490 2923 scilicet,

169 2935 284 3018 quibus
312 2937 381 3019 ipse
402 2939 513 3002 consid
538 2940 694 3004 interfuit.

247 3053 284 3136 2.
323 3062 422 3162 Ergo
448 3065 557 3143 istius
584 3066 853 3148 condonationis
879 3066 1019 3138 crimen
1046 3061 1236 3136 defensum
1264 3063 1311 3135 ab
1338 3087 1384 3138 eo
1413 3073 1491 3161 est,

171 3174 234 3271 qui
259 3175 440 3250 interfuit.

129 3297 161 3348 ³⁰
257 3292 341 3356 Non·
355 3305 522 3357 contentus
543 3293 603 3358 sibi
626 3296 679 3364 uui
704 3295 863 3358 vindicare
888 3293 978 3358 testis
1001 3291 1241 3366 arrctoritatern,
1264 3289 1363 3361 etiam
1380 3291 1413 3355 in
1436 3293 1492 3359 iilo

171 3385 389 3466 praecedentis
415 3387 641 3455 coniurationis
663 3400 824 3472 tempore,
850 3387 999 3471 quioniam
1023 3408 1056 3449 se
1079 3407 1143 3451 non
1166 3397 1289 3468 potest,
1315 3385 1365 3449 vel
1389 3388 1493 3469 ipsum

172 3487 283 3542 testem
306 3480 470 3544 constituit
496 3482 717 3547 Hortensium.
762 3481 815 3544 Sic
837 3494 948 3550 contra
973 3480 1116 3550 iniuriam
1143 3481 1295 3562 temporis
1323 3480 1494 3567 utriusqus

172 3591 236 3639 non
259 3574 458 3638 detensiones
480 3577 634 3652 duorum,
658 3579 715 3639 sed
735 3575 913 3639 testimonia
935 3575 1082 3637 videntur
1104 3575 1238 3656 opponi.

248 3691 287 3774 3.
321 3697 405 3777 Non
434 3681 543 3775 modo
570 3699 714 3779 auimo⁹
754 3699 845 3774 nihil
867 3680 1058 3798 comperi,
1095 3700 1162 3773 sed
1188 3699 1240 3770 ad
1261 3699 1365 3773 auris
1392 3722 1496 3774 meas

131 3811 281 3888 saistius
308 3813 531 3909 suspicionis
558 3813 652 3887 fama
679 3838 754 3889 uon
766 3810 795 3858 ¹⁰
822 3815 1005 3912 pervenit.

259 3929 386 4008 Obnixe
409 3933 554 4016 negando
577 3933 615 3994 de
636 3930 689 3993 iila
711 3930 878 4014 superiore
901 3930 1120 3996 coniuratione
1136 3927 1211 3992 nihii
1226 3949 1260 3993 se
1280 3929 1493 4010 comperisse,

173 4025 237 4095 hoc
259 4027 452 4110 persuadere
474 4025 664 4101 connititur,
688 4026 791 4092 omnia
814 4025 873 4093 subi
896 4024 926 4091 in
945 4022 1110 4090 consrrlatu
1125 4044 1184 4087 suo
1198 4021 1297 4088 fuisse
1314 4021 1495 4090 manifesta.

246 4327 352 4380 1.Cod.
374 4324 414 4378 ed.
451 4327 477 4376 2.
496 4327 604 4383 Spatium
623 4329 645 4375 iu
665 4327 753 4372 Codice
772 4327 882 4378 salictum
900 4327 993 4383 explevi
1015 4324 1198 4376 hoesoeabuto,
1236 4321 1261 4369 3.
1281 4323 1363 4368 Codex
1383 4321 1444 4369 faute
1462 4324 1498 4376 tae

305 4392 383 4457 sueto
397 4397 578 4453 propositione.
629 4396 654 4440 t.
679 4397 739 4442 Cod.
767 4395 862 4455 inpuid.
909 4395 935 4441 5.
960 4394 1060 4447 Medici.
1084 4395 1118 4440 st.
1169 4393 1192 4441 6.
1213 4395 1274 4438 Cod.
1300 4391 1497 4452 defendendam,

316 4467 383 4511 Libri
402 4478 485 4510 oannes
502 4464 687 4525 defendendos,
706 4470 729 4511 iu
752 4468 880 4524 iisdemque
902 4467 969 4510 deest
986 4478 1057 4520 supra
1075 4465 1138 4508 iam.
1175 4466 1221 4509 Sed
1241 4463 1403 4507 Arsubrostnna
1426 4465 1497 4509 tectio

315 4535 447 4590 retinenda.
473 4535 504 4580 u.
542 4534 566 4584 f.
594 4538 700 4592 Spatium
729 4542 770 4581 aut
799 4539 894 4581 lituum
918 4535 1007 4580 codicis
1028 4534 1120 4588 expiari
1140 4534 1215 4581 verbo
1236 4539 1317 4578 coust.
1366 4530 1392 4578 8.
1413 4535 1496 4578 Codex

313 4605 506 4651 «decertationis.
556 4603 581 4651 9.
602 4605 669 4651 Libri
694 4606 750 4652 aditi
775 4611 797 4650 st
821 4608 889 4650 codd.
911 4606 977 4649 enim
996 4617 1040 4660 pro
1058 4604 1152 4648 aniano.
1174 4603 1204 4652 N.
1256 4604 1296 4648 ft).
1316 4603 1378 4648 Cod.
1392 4599 1496 4662 scuram

309 4676 433 4739 prestas.
467 4672 540 4735 (Scit.
566 4690 650 4722 erran
671 4677 758 4721 excidit
774 4676 849 4721 aa'xe
875 4675 919 4720 Cd.
943 4688 985 4719 nec
1007 4687 1065 4719 sero
1086 4674 1241 4734 supplendam
1265 4678 1319 4718 erat
1341 4685 1402 4719 non.
1440 4674 1493 4722 Gis.
1515 4695 1518 4699 ·

312 4748 362 4818 stef
381 4744 429 4800 esd
441 4745 489 4797 ais
506 4743 542 4796 ad
557 4758 635 4809 auu
654 4771 663 4792 ι
682 4742 783 4825 ‚supro
797 4747 920 4812 parom,
952 4742 1012 4801 Oa.)
