3210 5280
214 187 276 254 aas
348 193 352 204 ·
545 187 841 257 scuomusru
864 144 1205 257 ououovnsuus

298 330 432 396 Deinde
447 352 483 394 se
498 329 675 411 ducturos]
694 325 766 420 ‘tq’
782 325 818 398 ‘iv
833 314 1001 416 legendum
1016 342 1086 406 est,
1102 329 1135 393 id
1149 341 1197 394 est
1207 341 1395 413 ,tracturos
1411 343 1538 413 tempus

211 423 373 500 dicendo,
396 426 640 506 respondeud03
673 425 890 499 excusando,
926 446 1036 487 causas
1058 425 1302 505 occupationum
1325 427 1497 508 lingendo.

215 561 216 564 =
294 519 353 582 Ad
366 518 465 582 ludos
483 518 670 598 Victoriae]
690 518 780 595 Quos
793 518 878 580 Sulla
892 517 1140 601 constituitpost
1156 518 1321 583 victoriam
1339 517 1538 582 Marianam.

296 614 382 675 Cum
404 612 458 674 his
475 611 624 693 plebeios
645 611 732 691 esse]
756 611 981 692 Voluptarios.

186 710 200 758 ⁵
295 705 354 769 Ad
374 706 560 788 agendum]
595 708 648 769 Ad
673 704 889 778 iudicandum
912 715 1023 786 postea
1051 703 1131 766 enim
1153 704 1253 768 leriae
1275 719 1362 771 stunt.

295 796 540 885 Refrigerata]
563 800 602 862 ld
624 810 689 874 est,
715 797 801 862 omui
823 798 931 865 calore
957 797 1166 861 accusationis
1190 798 1363 865 exstincto.

295 895 405 974 Quem
415 913 481 974 ego
491 891 674 974 hominem]
688 887 862 981 ‘l'noqopd
876 893 946 957 ΠΕ
952 891 1120 957 ΥΣΕΙΣε
1135 892 1167 954 id
1182 903 1247 968 est,
1264 894 1446 957 reiecissem
1458 893 1542 957 sicut

210 983 291 1048 alios
313 995 479 1066 suspectos
501 985 631 1049 iudices.

296 1078 352 1141 32.
378 1080 538 1142 Tabellas
558 1078 782 1158 committere]
805 1079 881 1142 Non
904 1077 976 1161 quia
1000 1099 1068 1141 mos
1088 1089 1156 1141 erat
1171 1082 1246 1142 dare
1260 1079 1368 1144 iudicii
1390 1083 1538 1163 praetori

169 1173 362 1247 ttrubettas,
387 1175 442 1236 sed
464 1173 537 1257 quia
564 1185 692 1256 poterat
713 1173 841 1246 iubere,
876 1183 910 1232 ut
936 1172 1055 1234 iudices
1083 1173 1289 1237 absolverent
1315 1176 1359 1238 G.
1384 1177 1538 1239 Verrem.

293 1270 373 1349 Ego
398 1287 459 1329 vos
479 1268 633 1348 consido]
669 1269 785 1332 Utrum
810 1275 964 1345 perpetua
992 1268 1121 1329 debeam
1149 1265 1195 1328 uti
1227 1266 1391 1344 oratioue,
1416 1270 1537 1345 idest,

210 1357 376 1432 continua,
402 1380 440 1422 au
466 1380 524 1441 per
550 1359 671 1441 singula
696 1359 825 1422 crimina
848 1363 979 1423 debeam
1002 1371 1100 1423 testes
1122 1361 1316 1441 producere.

294 1452 389 1517 Mihi
408 1450 573 1543 prrffeeto
594 1454 691 1516 taciti
716 1451 856 1531 dabitis]
892 1453 982 1516 Bene
997 1452 1232 1534 conparticipes
1255 1455 1304 1517 sui
1319 1455 1449 1519 consilii
1462 1454 1541 1520 lacit

209 1544 345 1620 iudices,
371 1568 409 1609 ne
434 1561 625 1632 arroganter
646 1569 743 1631 agcre
772 1547 928 1610 videatur.
1224 1543 1227 1548 ’
1343 1629 1352 1638 .

168 1641 200 1690 ¹⁵
293 1642 379 1704 Meo
400 1640 555 1722 legitimo
577 1642 744 1731 ternpore]
777 1643 843 1702 Aut
868 1651 1021 1722 perpetua
1048 1639 1194 1703 oratione
1217 1650 1270 1702 aut
1296 1661 1337 1702 ex
1364 1641 1437 1722 lege
1460 1664 1540 1705 cou-

209 1729 340 1802 stituto,
377 1732 450 1816 quia
483 1734 572 1795 horis
605 1733 700 1797 certis
733 1733 878 1796 dicebant
915 1742 1121 1796 accusatores
1155 1731 1224 1795 sive
1257 1733 1448 1797 defensores
1482 1758 1541 1818 per

214 1825 424 1905 clepsydram.
472 1826 607 1890 Centum
635 1839 666 1889 et
692 1829 798 1889 decem
827 1828 891 1889 dies
918 1825 1092 1909 legitimum
1117 1836 1239 1906 ternpus
1262 1839 1345 1888 erat.

297 1919 373 1983 Mei
394 1919 539 1994 laboris,
564 1920 757 1983 industriae
782 1919 1059 2004 diligentiaeque]
1092 1919 1290 1992 Industria,
1321 1941 1384 2001 qua
1416 1920 1539 1983 iuveni·

211 2033 298 2086 mus;
336 2013 537 2096 diligentia,
573 2035 636 2097 qua
665 2019 826 2077 inventum
857 2013 1050 2094 perficimus.
1095 2012 1161 2075 Atii
1189 2012 1297 2076 dicunt
1327 2015 1538 2078 industriam

166 2108 199 2158 2⁰
210 2104 363 2189 segnitiae
386 2107 602 2181 contrariam,
628 2118 681 2169 aut
696 2127 776 2189 quae
793 2106 823 2168 in
839 2109 1061 2190 persequendo
1077 2105 1184 2169 officio
1207 2107 1318 2170 labore
1334 2129 1400 2172 non
1419 2109 1537 2171 deficit.

293 2198 468 2279 Paratior]
506 2202 658 2262 Paratus
686 2212 853 2263 accusator
885 2210 952 2272 est,
987 2199 1042 2280 qui
1065 2202 1160 2270 rnirlta
1191 2201 1322 2262 crimina
1350 2201 1537 2265 obiecturus

209 2301 257 2352 est
271 2311 342 2353 reo.
389 2292 620 2373 Vigilanticr,
645 2292 699 2375 qui
722 2292 824 2356 omnia
840 2291 1071 2375 circumspicit,
1095 2315 1134 2356 ne
1156 2315 1230 2357 rcus
1245 2297 1371 2358 evadat.
1412 2296 1538 2378 Copio-

210 2384 303 2459 sior,
333 2387 371 2472 ad
395 2385 578 2447 varietatem
601 2383 724 2448 dicendi
747 2385 870 2449 retulit.

292 2478 477 2558 Etobatur]
512 2480 659 2553 Evadat,
689 2478 834 2562 effugiat.

165 2580 197 2630 2⁵
293 2574 500 2654 Obscurum]
522 2574 715 2639 Obscurum
737 2585 801 2650 est,
825 2576 912 2659 qnod
928 2572 1051 2636 difficile
1072 2573 1233 2636 invenitur
1245 2595 1254 2648 ;
1275 2573 1536 2651 absconditum,

209 2668 297 2750 quod
322 2666 448 2749 penitus
473 2668 654 2751 ignoratur.

293 2760 346 2822 33.
370 2762 473 2824 Nunc
495 2761 666 2824 hominem
687 2759 831 2836 tabulis,
858 2761 954 2841 test]
987 2761 1066 2822 Nam
1093 2758 1119 2820 si
1150 2759 1346 2822 volucrimus
1375 2773 1535 2842 perpetus

208 2853 255 2918 uti
278 2854 441 2928 oratioue,
475 2866 625 2938 quantum
652 2853 778 2938 quidem
800 2855 839 2914 ad
863 2851 1062 2936 eloquentiae
1086 2874 1123 2916 os
1146 2853 1162 2886 ³³
1184 2853 1201 2887 s
1225 2853 1241 2886 ‘³
1264 2854 1281 2888 1
1304 2853 1321 2886 ‘¹
1347 2854 1364 2887 ²
1388 2854 1406 2888 *³
1432 2857 1449 2889 ‘³

293 2949 377 3030 Cap.
401 2950 504 3012 xltl.
529 2949 583 3014 39.
606 2948 624 2984 ⁶
647 2948 664 2982 ‘³
687 2947 704 2983 ‘³
726 2947 838 3011 suisset
862 2959 1056 3028 susceptum.
1102 2945 1252 3010 Similiter
1266 2949 1533 3030 quemadmodum

164 3048 196 3099 ³⁰
209 3040 240 3106 in
263 3042 420 3124 Septimio
443 3055 606 3106 senatore.

290 3140 349 3200 Pr.
380 3135 477 3199 urbis
506 3135 685 3215 sortiente]
727 3135 780 3198 Ex
808 3144 896 3197 sorte
922 3136 1033 3211 dante,
1070 3133 1143 3217 quia
1175 3132 1244 3215 ipse
1276 3132 1367 3218 quasi
1399 3145 1534 3216 praetor

206 3226 325 3292 iudices
348 3231 455 3292 dabat.

290 3326 332 3388 Iu
353 3344 432 3386 eum
453 3323 563 3405 reum]
597 3319 811 3404 Oppianicum
834 3319 1004 3405 significat.

288 3418 332 3487 In
354 3416 473 3479 eodem
500 3416 642 3496 iudicio]
667 3416 772 3493 Quum
799 3416 996 3476 consuetudo
1019 3411 1135 3487 luerit,
1160 3409 1327 3495 utqvigiuti
1359 3423 1391 3474 et
1412 3425 1533 3494 septem

163 3518 195 3568 3⁵
206 3508 317 3572 diebus
342 3508 438 3572 iudex
460 3508 600 3585 audiret,
625 3506 838 3572 Fidiculanius
854 3506 982 3569 Falcula
1006 3528 1069 3569 nou
1086 3507 1206 3569 audivit
1232 3528 1249 3569 a
1272 3505 1457 3588 principio.
1479 3508 1533 3568 sed

92 3610 95 3616 ’
205 3602 332 3679 triduo,
356 3601 429 3686 quia
452 3613 541 3666 sorte
561 3604 757 3685 subrogatus
780 3611 844 3673 est,
870 3610 903 3661 et
927 3600 972 3663 sic
995 3601 1205 3683 Oppianicum
1221 3598 1394 3662 damnavit.
1440 3601 1532 3681 Ergo

205 3695 258 3758 laic
283 3695 425 3760 oratorie
440 3695 525 3779 agit3
548 3717 619 3758 nam
642 3715 737 3778 quum
754 3713 833 3756 uatis
848 3693 941 3755 iudex
958 3705 1131 3774 corruptus
1145 3693 1207 3769 sit,
1231 3692 1367 3776 augendi
1389 3693 1532 3756 criminis

205 3809 303 3853 causa
328 3808 436 3853 omncs
462 3787 580 3852 iudices
604 3786 769 3870 pecuniam
798 3787 957 3868 accepisse
980 3786 1139 3850 dicuutur.

290 3883 344 3945 to.
366 3887 443 3949 Iam
470 3904 550 3947 nero
571 3882 742 3968 quomodo
769 3903 836 3964 ego
857 3881 952 3945 ittam
973 3883 1101 3957 labem,
1130 3879 1371 3964 ignominiam]
1411 3879 1530 3964 Tangit

274 4106 301 4155 2.
331 4101 379 4154 810
403 4100 470 4155 8011.
490 4130 525 4144 -
544 4105 637 4154 earnis
662 4105 874 4172 occupationum
895 4101 1038 4156 (11011-
1063 4118 1179 4165 careres,
1200 4109 1408 4170 occupationem
1429 4103 1528 4157 Graes.

205 4174 232 4227 7·
254 4171 401 4230 Sthron.
415 4178 563 4239 -πεῦσις
576 4179 626 4230 Gr.
641 4176 705 4229 Sela.
744 4179 771 4234 9.
791 4175 888 4227 iudicii
903 4178 1044 4248 praetori]
1066 4179 1113 4230 stc
1128 4181 1237 4249 trripsi.
1250 4205 1282 4218 -
1296 4177 1530 4248 irrdr'cipraetorii

204 4245 241 4300 G.
271 4280 310 4293 -
340 4251 442 4303 iudicis
466 4255 598 4321 praetori
632 4248 665 4304 de
694 4251 806 4306 Graevii
842 4255 978 4304 sententie
1008 4252 1074 4305 8011.
1132 4251 1178 4306 tl.
1208 4280 1246 4293 -
1275 4253 1432 4304 videantur
1466 4254 1527 4308 sch.

204 4325 250 4378 17.
269 4323 446 4397 ,Coniundlt
460 4327 520 4379 CX.
535 4324 593 4378 dies
607 4323 641 4378 ad
661 4331 714 4380 tter
734 4326 878 4379 Sletltense
899 4325 1068 4398 postulatos,
1088 4323 1121 4379 de
1142 4326 1242 4397 quibus
1263 4329 1364 4380 Ascon.
1385 4327 1420 4380 ad
1441 4329 1472 4381 C.
1489 4335 1529 4393 2.,

142 4461 144 4465 .
203 4411 268 4448 eum
288 4400 384 4455 diebus
404 4404 591 4454 accusationis
611 4401 808 4473 peragendae¹³
830 4405 940 4457 Gustu.
964 4432 994 4444 -
1015 4410 1124 4455 eentum
1144 4410 1172 4453 et
1191 4401 1254 4453 dece
1284 4404 1297 4472 ]
1325 4404 1416 4456 lmmo
1438 4410 1528 4475 portus

206 4474 472 4543 11511111801111111.
511 4483 606 4533 io-
625 4470 870 4545 fftetoetladoos.
891 4477 957 4532 Scb.
994 4479 1040 4532 28-
1064 4482 1244 4530 -ονα1.1111
1278 4481 1321 4529 ch.
1361 4482 1407 4536 31.
1429 4479 1477 4532 Str
1489 4479 1525 4533 G.

202 4568 240 4585 ··
259 4568 292 4602 os
311 4553 364 4588 *v*
384 4553 400 4587 *
412 4550 524 4623 suisset
544 4559 702 4621 susceptam
722 4551 788 4624 (110)
808 4552 957 4623 Similiter]
987 4551 1223 4620 Quemadmodum
1242 4556 1273 4603 in
1292 4553 1429 4621 Septimio
1447 4571 1527 4604 sena-

196 4627 419 4696 cerepumtn.
457 4627 609 4694 sortiente]
632 4625 1165 4700 121161.8011.((1.ρ1ορ11111111011
1190 4627 1339 4701 Pmurbu]
1377 4631 1526 4701 56.sorte]

204 4700 252 4756 stc
265 4705 375 4776 scripsi.
388 4699 518 4774 -sorte
532 4703 568 4760 G·
582 4701 632 4759 Gr.
645 4701 712 4759 8011.
743 4704 791 4763 59.
811 4702 879 4780 ago]
900 4703 936 4760 G.
956 4726 993 4747 ⁴-
1005 4719 1062 4759 cm.
1076 4703 1127 4760 Gr.
1142 4702 1207 4757 Scis.
