3210 5280
202 233 264 297 302
619 227 826 295 scnotta
851 227 1100 295 BOBlEllSlA

202 377 383 447 everteret,
427 393 521 454 ‚per
560 368 786 432 tribuuum¹
823 368 993 454 aliquem
1026 379 1065 433 et
1095 379 1306 432 sescentas
1343 366 1536 452 operas''

201 467 320 550 inquit;
354 487 417 550 qim
440 466 635 529 manifestum
658 464 715 538 sit,
738 466 777 525 de
799 463 862 527 hoc
885 483 946 524 non
969 463 1121 544 populum
1146 465 1322 528 Romanum
1344 461 1531 539 iudicasse,

201 563 257 623 sed
279 560 447 624 factionem
469 561 621 642 quandam
646 556 854 639 perditorum.

279 684 457 757 XXVlll.
487 676 522 756 l.
551 683 600 756 Μ.
627 681 792 755 Catonis.

181 829 195 875 5
285 803 328 864 Et
354 804 392 864 de
424 803 485 864 hoe
506 800 621 863 dictum
645 810 710 876 est,
735 796 789 883 quii
818 798 942 881 legatus
969 796 1111 882 Cyprum
1142 800 1264 875 luerat,
1300 821 1365 884 quo
1388 821 1532 886 regnum

201 893 449 977 publicaretur&
1366 907 1369 915 ·

221 1060 226 1065 -
276 1012 313 1090 2.
342 1017 444 1116 Quae
462 1018 503 1089 iu
521 1025 740 1113 tempestate
759 1040 869 1089 saeva
889 1019 1012 1116 quieta
1037 1027 1096 1090 est
1113 1027 1151 1090 et
1168 1017 1267 1091 lucet
1283 1019 1320 1090 in
1340 1019 1527 1091 tenebris.

285 1135 346 1178 -³
370 1134 516 1219 quoniam
540 1136 578 1196 de
600 1133 725 1198 Catone
752 1131 895 1218 loquitur
922 1135 1048 1198 Stoicae
1072 1145 1176 1198 sectae
1200 1135 1283 1199 viro.
1328 1135 1420 1201 Dicit
1443 1119 1528 1218 ergo

203 1226 348 1291 virtutem
371 1227 483 1290 nullius
507 1225 638 1289 iniuriae
659 1227 711 1288 vel
734 1227 939 1290 contumeliae
955 1248 1079 1291 sensum
1095 1227 1275 1307 admittere,
1300 1251 1396 1312 qurum
1419 1229 1461 1292 sit
1484 1231 1524 1292 ab

160 1320 349 1387 ttorrtnibus
372 1321 518 1384 fortunae
541 1318 717 1382 incursibus
739 1320 850 1384 libera.

277 1439 315 1520 3.
345 1444 459 1543 Quasi
478 1454 576 1517 ‘vero
603 1443 664 1516 ille
691 1447 830 1517 nonin
857 1445 948 1518 alias
976 1471 1121 1545 quoque
1147 1445 1247 1546 leges
1273 1447 1469 1523 iuraverit.

287 1565 349 1604 -‘⁴
370 1562 536 1625 Discutere
552 1559 672 1637 voluit,
697 1563 789 1645 quia⁵
812 1561 872 1624 dici
888 1574 1033 1644 poterat:
1058 1567 1137 1628 adeo
1154 1563 1305 1646 probavit
1318 1566 1520 1650 rogationem

202 1655 391 1721 Claudiam⁶
421 1657 460 1716 de
489 1653 580 1718 bouis
605 1653 781 1749 Ptolemaei
806 1657 1002 1737 publicandis
1032 1658 1084 1720 M.
1118 1657 1218 1733 Cato,
1254 1668 1287 1720 ut
1321 1659 1522 1723 consenserit

204 1752 260 1831 [P.
285 1748 352 1830 50.]
376 1748 406 1811 in
435 1748 640 1830 legationem.
685 1749 899 1829 Temporibus
928 1751 1097 1813 obsecutus
1109 1753 1120 1811 ll
1132 1763 1197 1823 est,
1221 1771 1284 1814 non
1310 1750 1400 1813 aliter
1426 1775 1521 1836 qrram

21 1906 25 1923 κ
59 1935 61 1937 ¹
160 1843 323 1906 astecerar
349 1864 442 1926 qurum
474 1841 505 1904 in
539 1841 628 1925 leges
657 1843 804 1923 qrrasdam
839 1842 1057 1917 coniuraretl,
1089 1863 1171 1925 quae
1203 1843 1247 1906 illi
1280 1843 1519 1925 displicuerant.

200 1934 371 2019 Significat
391 1947 492 1998 aretem
516 1935 611 1998 Iulias
639 1932 680 1999 C.
708 1933 856 1998 Caesaris
882 1935 988 2016 leges,
1013 1934 1045 1997 in
1071 1956 1149 2018 queas
1175 1958 1269 2020 qurum
1292 1936 1345 1999 diu
1369 1959 1520 2020 perseve-

204 2040 304 2092 rasset
320 2051 383 2091 non
400 2029 523 2102 iurare,
548 2030 585 2089 ad
608 2039 783 2090 extremum
806 2038 935 2090 coactus
950 2025 1151 2092 suasionibus
1161 2030 1372 2113 plurimorum
1396 2032 1522 2096 videtur

205 2124 460 2188 accommodasse
483 2142 685 2185 eonsensum.

279 2245 478 2320 XXVllIl.
507 2238 542 2320 l.
570 2245 790 2319 Meministis
817 2244 917 2319 illum
945 2246 1061 2344 diem,
1096 2273 1207 2347 quum
1234 2249 1372 2348 templo
1399 2276 1421 2324 a
1448 2253 1518 2326 col·

43 2405 47 2413 ·
161 2359 288 2459 relega
314 2369 505 2455 occupato.

289 2475 333 2555 Q.
357 2474 511 2538 Metellus
536 2474 649 2556 Nepos
670 2485 712 2537 tr.
738 2475 787 2556 pl.
815 2496 909 2558 quirum
936 2475 1103 2560 plerasque
1130 2478 1216 2561 leges
1246 2499 1305 2561 per
1329 2477 1517 2542 seditionem

201 2568 321 2641 ferret,
345 2579 376 2630 et
392 2568 558 2648 praecipue
574 2570 669 2641 duas,
693 2589 802 2642 rinanr,
827 2579 860 2630 ut
877 2570 990 2631 absens
1007 2571 1115 2633 consul
1137 2572 1199 2635 Cn.
1218 2573 1389 2654 Pompeius
1405 2574 1514 2648 lieret,

205 2672 350 2743 tempore
372 2660 490 2723 scilicet
510 2659 717 2723 Mithridatici
739 2658 831 2735 belli,
857 2664 943 2745 qrrod
959 2664 998 2724 ab
1014 2665 1125 2726 eodem
1141 2665 1298 2746 Pompeio
1323 2670 1515 2749 gerebatur,

202 2767 232 2817 et
254 2755 401 2828 alteram,
427 2764 460 2815 ut
480 2752 637 2835 praesidio
653 2753 762 2815 Italiae
780 2753 899 2816 veniret
918 2757 1069 2819 adversus
1084 2779 1169 2820 arma
1188 2756 1361 2834 Catilinae,
1386 2773 1516 2822 coutra-

160 2871 192 2920 2⁵
203 2847 283 2910 dixit
313 2845 341 2910 ei
371 2849 521 2930 pleraque
551 2845 701 2910 nobilitas
731 2858 762 2908 et
793 2846 861 2926 ipse
894 2847 944 2909 vel
973 2850 1107 2913 maxime
1140 2849 1263 2936 collega
1290 2852 1384 2914 suus⁸
1415 2852 1515 2927 Cat03

202 2962 297 3025 quum
321 2951 422 3003 tamen
447 2940 488 3005 C.
516 2937 640 3022 Caesar
657 2951 788 3022 praetor
814 2939 947 3003 Metello
970 2953 1012 3005 tr.
1036 2943 1082 3026 pl.
1106 2945 1283 3008 adsisteret.

276 3061 312 3138 2.
352 3065 453 3138 Adiit
478 3064 679 3162 periculum
708 3066 756 3138 ob
784 3088 862 3136 eam
890 3089 1060 3164 causam,
1099 3093 1192 3167 quae
1220 3079 1355 3169 quanta
1381 3071 1515 3162 luerit,

98 3162 99 3169 ἵ
200 3178 271 3250 iam
298 3176 385 3252 mihi
413 3178 536 3250 dicere
563 3200 637 3249 uon
665 3185 722 3249 est
747 3201 911 3250 necesse.

284 3292 531 3357 Prudentissime
573 3291 748 3375 suppressit
784 3293 970 3357 mentionem
1012 3294 1141 3379 legum,
1180 3315 1258 3377 quas
1294 3295 1446 3360 Metellus
1478 3301 1514 3361 de

158 3404 190 3459 so
201 3387 360 3470 Pompeio
381 3387 510 3464 tulerat,
536 3407 573 3449 ne
588 3386 689 3468 ipsum
705 3385 825 3448 scilicet
843 3387 1036 3463 offenderet,
1060 3387 1098 3448 de
1120 3408 1186 3472 qrro
1209 3389 1288 3451 latae
1311 3389 1511 3455 videbantur.

276 3505 313 3584 3.
342 3510 414 3611 Qui
440 3513 632 3608 superiore
659 3535 756 3584 auno
783 3510 1157 3585 senatuearuisset9.

280 3627 421 3693 Consule
449 3625 490 3692 C.
528 3627 687 3702 Caesare,
721 3627 810 3690 errius
836 3628 1012 3691 actionibus
1042 3625 1124 3692 Cato
1151 3616 1207 3691 nec
1233 3626 1429 3690 adversari¹⁰
1459 3628 1513 3690 de·

200 3719 337 3785 strictius
369 3721 496 3787 volebat
521 3743 579 3784 nec
601 3733 703 3784 tamen
726 3720 904 3786 consentire
926 3733 1065 3803 poterat.

240 3833 243 3842 ¹
275 3840 313 3920 d.
342 3846 390 3921 Ut
415 3837 599 3921 sententia
626 3871 692 3920 sua
718 3846 970 3919 condemnata.

158 3987 189 4036 ss
284 3965 340 4047 [P.
365 3964 434 4044 th]
467 3963 657 4048 lpseleuim
693 3961 786 4029 Cato'
809 3963 954 4026 tribunus
985 3962 1032 4046 pt.
1064 3961 1247 4045 designatus
1276 3962 1448 4025 Lentulum
1483 3972 1514 4026 et

200 4056 379 4158 Cethegum
406 4071 437 4121 et
462 4069 780 4122 ceteroscensuerat
803 4056 909 4140 kapite
930 4057 1119 4140 puniendos.

203 4194 370 4212 *a

267 4291 291 4336 l.
311 4291 371 4337 Cael.
392 4291 558 4357 unum.·ssed
579 4291 641 4336 idem
663 4292 715 4335 eod.
730 4294 796 4336 retro
809 4289 944 4335 tribunum.
983 4288 1008 4336 2.
1027 4290 1215 4350 coaluerat-um
1232 4289 1442 4347 publicanum
1460 4293 1512 4336 hine

335 4362 413 4406 Maius
435 4362 505 4407 lecit:
524 4375 598 4420 quum
611 4374 717 4420 regnum
727 4360 900 4418 publicaretur
904 4373 918 4414 ,⁸
936 4372 996 4420 ego:
1026 4373 1073 4420 pue
1092 4375 1115 4407 r.
1132 4376 1159 4419 p.
1180 4361 1227 4405 Oa.
1264 4356 1289 4404 3.
1309 4362 1397 4420 supple
1416 4361 1512 4405 serbu-

334 4431 379 4477 (ἓν.
418 4428 442 4476 d.
464 4432 552 4486 supple
573 4430 671 4475 verbam
699 4431 743 4475 Gr.
782 4428 806 4477 5.
827 4427 888 4475 Cod.
916 4445 973 4488 quo.
1012 4427 1036 4476 6.
1056 4430 1116 4477 Cod.
1143 4428 1254 4475 eluudiu.
1292 4426 1315 4474 l.
1338 4431 1372 4473 lta
1394 4431 1449 4476 eod.
1469 4444 1512 4483 pre

336 4501 442 4545 werel.
479 4499 504 4545 8.
519 4499 579 4544 Cod.
590 4512 650 4544 euos
660 4501 697 4546 rel
707 4501 820 4545 mendose
830 4501 867 4545 sel
878 4514 930 4545 eiam
948 4500 1092 4546 archaismo.
1129 4499 1369 4548 l.Ced.euruieee.
1399 4496 1510 4546 mccl.

338 4569 490 4614 adverseris.

272 4693 316 4747 26.
338 4691 406 4762 Lege
426 4688 600 4743 Plutarchum
620 4693 649 4742 iu
669 4695 725 4743 vira
746 4688 859 4743 Catonis
879 4690 984 4746 xxvl.
1004 4706 1063 4762 sqq.
1152 4742 1156 4747 .

271 4769 319 4825 56.
340 4763 453 4818 Sctlteer
474 4764 588 4818 carente
607 4775 698 4819 orento
717 4763 788 4839 apud
808 4763 969 4820 Sallustium
988 4780 1074 4821 extet.
