3210 5280
42 149 45 158 '
149 170 214 233 tat
478 163 775 232 scuontusra
798 133 1140 229 onouovumns

237 307 320 392 Cap.
336 310 418 374 XV.
436 309 491 370 ti.
515 310 672 391 Corpora
691 327 758 370 auo
774 290 982 395 prosatore
997 325 1119 388 regum
1133 301 1242 388 legati
1261 302 1299 366 hi
1315 302 1467 386 tradunt]

151 408 297 490 Legatos
322 404 384 468 iam
409 403 577 486 producit,
612 400 666 484 qui
698 401 877 483 offerebant
904 417 938 460 se
967 397 1154 472 tormentis;
1190 395 1313 460 scilicet
1340 396 1467 461 Hieran.

152 499 217 563 Hic
239 499 319 562 enim
344 498 485 561 dixeratt
508 499 607 581 „Ego
631 493 688 558 tibi
711 492 841 558 occurri
854 489 993 555 venienti
1013 493 1052 555 ad
1066 493 1248 556 tetrarchon
1265 488 1468 566 Deiotarum

152 592 277 677 siquid
302 592 474 675 cogitatum
498 604 545 654 cst
570 601 681 653 eontra
707 600 759 663 te,
782 609 832 651 me
855 598 983 670 torque.
1028 588 1103 673 Ego
1131 609 1200 651 sum
1227 582 1379 650 conscius
1403 583 1469 649 illo·

128 695 223 749 irum
246 684 407 769 cupiditati
427 695 563 768 propter
588 681 757 747 Castorem
779 696 949 767 nepotem,
972 701 1103 745 aereum
1124 677 1356 763 Phidippum.''

547 814 677 879 auur
700 814 794 881 uuo
816 794 1077 882 ueterano.

280 1135 760 1246 SCHOLIASTA
816 1130 1356 1243 GRONOVlANUS

794 1377 847 1436 IN

189 1544 558 1635 ouurtoumu
586 1488 705 1635 ruo
736 1544 868 1642 sax,
896 1540 1122 1633 Roscio
1153 1542 1448 1678 autumno.

645 1817 1001 1911 anconitanum.

6 2019 10 2025 .
119 1991 150 2041 tt
244 1968 323 2032 Sex.
349 1967 487 2033 Roscius
511 1967 684 2034 Amerinus
706 1967 850 2051 locuples
869 1966 942 2032 suit.
986 1965 1471 2050 HiequumhabereiRotoiun

160 2062 257 2126 filium
280 2061 444 2146 rigidioris
466 2074 597 2126 naturae
626 2063 660 2125 in
684 2064 825 2145 paternis
853 2060 991 2145 praediis
1019 2074 1270 2127 commorantem
1293 2075 1326 2127 et
1347 2066 1475 2130 haberet

161 2159 241 2221 duos
264 2154 410 2219 inimicos
430 2156 602 2238 municipes
624 2178 718 2242 suos,
744 2155 898 2221 Roscium
920 2156 1078 2238 Magnum
1102 2167 1132 2219 ct
1156 2154 1371 2238 Capitonem,
1394 2158 1518 2224 snttt“·‘

161 2249 359 2324 dominante,
391 2261 423 2312 et
443 2250 504 2311 iam
527 2247 763 2332 proscriptione
788 2248 876 2312 finita
902 2251 941 2311 ad
965 2251 1091 2312 balneas
1121 2250 1287 2314 Pallacine
1314 2253 1435 2316 redient
1459 2273 1475 2316 a

161 2365 260 2407 coena
284 2341 406 2406 occisus
431 2353 491 2406 est.
535 2342 587 2406 De
613 2353 716 2406 morte
742 2342 808 2406 eius
833 2343 954 2425 primus
980 2343 1133 2406 nuntiavit
1160 2343 1324 2409 Ameriam
1349 2346 1475 2410 Glaucia

52 2432 56 2436 ’
119 2437 284 2520 ,squidem
308 2435 501 2499 Rosciorum
526 2435 637 2499 cliens.
680 2435 828 2500 Delatum
844 2448 892 2499 est
916 2439 955 2498 ad
976 2436 1104 2500 Sullam.
1117 2457 1252 2513 nonren3
1277 2439 1377 2504 occisi
1398 2443 1476 2506 bona

160 2527 344 2602 venierunt;
368 2540 471 2608 empta
496 2526 749 2612 aChrysogono
766 2530 873 2592 Sullae
888 2529 1005 2593 liberto
1028 2528 1059 2592 in
1081 2530 1233 2594 societate
1259 2554 1331 2596 cum
1355 2535 1475 2600 Rosciis

160 2620 319 2706 possideri
341 2633 455 2703 coepta
481 2633 573 2696 stant,
603 2622 670 2687 lilio
696 2623 846 2704 expulso.
876 2621 1035 2700 Amerini
1062 2624 1189 2709 legatos
1212 2626 1253 2688 ad
1276 2628 1398 2691 Sullam
1424 2626 1477 2690 mi·

161 2712 290 2793 serunt,
324 2715 378 2800 qui
403 2716 541 2778 dicerent
564 2718 649 2780 bona
682 2717 793 2781 Roscii
818 2739 882 2781 nou
909 2717 1055 2800 debuisse
1085 2719 1477 2806 venire,''obreptumque

160 2809 220 2892 ipsi
242 2830 332 2883 esse,
355 2831 449 2893 qtutm
478 2820 560 2873 esset
584 2809 719 2874 Roscius
745 2810 888 2874 iniuriam
915 2832 1042 2893 passus.
1086 2812 1212 2876 Iuducti
1229 2835 1244 2875 a
1264 2814 1477 2901 Chrysogono

120 2916 252 2982 20sunt,
276 2904 482 2985 promittente
502 2905 691 2985 emptionem
717 2905 934 2968 remissurum.
987 2905 1117 2968 Interim
1141 2908 1218 2970 Sex.
1243 2909 1385 2982 Roscius
1406 2910 1477 2971 ado·

163 2999 284 3060 lesceus
316 2997 476 3078 parricidii
508 3009 671 3060 accusatus
696 3011 745 3061 est
783 3001 823 3061 ab
853 2997 974 3062 Erucio
1004 3001 1210 3083 quodatu'cx
1239 3002 1336 3065 novis
1359 3022 1480 3064 accusa·

93 3095 97 3108 '
163 3090 306 3165 toribus,
338 3101 370 3152 et
397 3091 571 3157 absolutus.
613 3091 758 3175 Duplieis
785 3090 987 3155 coniecturae
1013 3112 1137 3156 causam
1162 3092 1374 3176 dispositione
1395 3108 1478 3158 natu·

163 3184 223 3247 rali
245 3184 461 3268 prosequitur.
506 3186 587 3248 Nam
604 3207 700 3269 quum
716 3184 856 3249 defendit
871 3185 988 3262 filium,
1013 3185 1135 3270 regerit
1150 3186 1268 3254 crimen
1283 3189 1316 3275 in
1334 3189 1477 3262 Roscios,

165 3281 378 3359 comparando
413 3298 588 3359 personas,
626 3300 735 3342 causas
766 3292 952 3364 ceteraque,
988 3291 1147 3364 quaeant
1177 3281 1329 3345 oriuntur
1350 3286 1397 3347 ‘ex
1428 3281 1481 3346 illis

121 3383 218 3437 aeaut
242 3374 281 3433 ad
305 3371 358 3433 illa
379 3371 576 3434 reseruntur.
621 3373 665 3434 Et
691 3384 797 3436 tuetur
818 3396 927 3451 reum,
959 3385 992 3435 ut
1015 3372 1158 3457 intellegi
1185 3373 1282 3438 facile
1314 3375 1358 3439 sit
1393 3397 1478 3440 accu-

164 3478 272 3530 satore
304 3467 473 3549 supposito
506 3467 745 3548 periclitantem.
800 3467 941 3530 Multum
967 3467 1073 3552 itaque
1104 3467 1188 3529 circa
1232 3469 1387 3533 Erucium
1422 3480 1480 3531 ter-

241 3687 286 3737 12.
308 3680 486 3750 Capitonem,
517 3677 608 3745 Sulla]
639 3676 704 3731 sch.
723 3707 757 3721 -
777 3677 950 3746 Capitonem.
987 3678 1041 3730 Hie
1061 3677 1138 3730 Sulla
1157 3679 1193 3733 G.
1214 3678 1265 3732 Gr.
1306 3682 1350 3737 15.
1371 3688 1399 3731 el
1417 3681 1478 3745 iant]

167 3757 232 3813 sch.
253 3782 286 3798 -
305 3762 390 3807 eliam
410 3755 445 3808 G.
466 3755 515 3807 Gr.
554 3753 625 3805 lbid.
646 3752 801 3825 Fallaciae]
821 3755 871 3808 Gr.
891 3781 926 3795 -
948 3754 1121 3824 Pallaaittetfe
1141 3752 1176 3806 G.
1224 3754 1425 3819 ,Facillimum
1444 3770 1480 3806 eat

166 3829 311 3886 emendare
330 3831 369 3883 ad
386 3831 501 3881 balneas
513 3827 677 3894 Palatinas,
697 3844 726 3880 ut
746 3825 813 3882 feeit
827 3828 992 3900 Verburgiut
1013 3833 1052 3895 (et
1067 3829 1154 3894 Son).
1173 3827 1228 3881 Sed
1247 3828 1315 3900 quid
1335 3847 1393 3894 eat,
1415 3825 1481 3902 quod

167 3910 214 3963 hic
235 3905 308 3960 idem
329 3908 488 3978 Anonymut
509 3921 542 3955 ex
561 3903 641 3956 huius
663 3908 797 3956 orationis
819 3902 961 3976 deperdita
982 3920 1059 3976 parte
1079 3904 1147 3956 hacc
1167 3903 1246 3957 affert
1266 3903 1365 3972 rerba,
1383 3911 1480 3957 ianua

167 3983 330 4036 Pullariae?
359 3982 462 4034 Locum
488 3996 547 4032 este
574 3983 628 4042 ait,
657 3977 704 4031 ubi
730 3995 892 4036 coenaverat
918 3981 1043 4033 Roscius.
1082 3982 1169 4033 liuius
1194 3982 1249 4032 uici
1277 3998 1367 4052 neque
1393 3985 1421 4032 ia
1440 3980 1481 4033 illa

169 4057 319 4131 percelebri
350 4056 516 4110 Gruteriana
543 4058 724 4127 inscriptione
751 4073 777 4125 p·
805 4056 883 4109 cet..
910 4073 997 4125 neque
1021 4052 1092 4128 apud
1112 4053 1212 4108 Rulum
1233 4060 1340 4109 mentio
1360 4056 1415 4109 ulla
1433 4072 1480 4110 est:

168 4139 257 4188 immo
282 4149 330 4186 sex
355 4128 547 4186 tantummodo
569 4128 697 4182 videntur
716 4133 745 4181 in
764 4144 795 4182 ea
815 4134 926 4202 regione
946 4132 1000 4183 vici
1020 4128 1119 4196 luisse,
1148 4146 1265 4202 quorum
1285 4136 1412 4185 omnium
1432 4148 1482 4185 no·

58 4245 61 4256 .
169 4214 261 4274 mina,
291 4226 342 4260 nec
373 4211 402 4259 in
428 4210 471 4259 his
498 4205 656 4267 Fallaciae,
692 4209 827 4260 novimus.
868 4210 908 4257 An·
940 4205 995 4258 hoc
1022 4203 1075 4259 luit
1105 4221 1167 4277 poet
1191 4205 1357 4259 Ciceronem
1387 4224 1481 4260 nomen

170 4281 369 4339 immutatum?
401 4281 451 4335 Est
479 4297 572 4334 tamen
593 4281 766 4332 Christianus
787 4279 857 4352 apud
879 4283 1039 4335 Reiuesium
1058 4282 1124 4335 XX.
1145 4281 1209 4340 iio.
1229 4280 1314 4334 seculi
1337 4283 1383 4338 lv.
1402 4282 1483 4356 lapis,

170 4365 198 4413 in
219 4377 273 4430 quo
294 4359 394 4410 Lector
414 4355 524 4428 quidam
546 4361 704 4408 nominatur
722 4354 781 4407 DE
790 4355 1021 4410 PALLACINE.
1061 4354 1483 4413 Videturhiceicuaexttitisse:

167 4434 284 4489 fortasse
305 4439 333 4486 in
354 4435 407 4485 hoe
427 4436 512 4486 etiam
532 4447 693 4504 argumento
720 4447 800 4501 atque
814 4432 867 4484 hoe
889 4437 949 4503 ipso
968 4431 1032 4484 loeo
1051 4431 1271 4493 memorabatnr;
1301 4432 1377 4504 quod
1398 4449 1483 4489 tamea

170 4516 208 4564 ita
228 4508 356 4562 mutilum
378 4508 501 4579 maleque
521 4506 645 4560 habitum
666 4520 723 4573 cst,
752 4523 783 4561 ut
810 4507 844 4559 ab
865 4504 1029 4560 affirmando
1048 4523 1128 4578 atque
1149 4508 1183 4560 al>
1202 4507 1377 4563 emendando
1397 4509 1484 4565 deter-

169 4585 256 4639 reat.'’
283 4586 394 4638 omar.
434 4589 478 4639 17.
493 4580 561 4654 filio
581 4582 705 4653 expetito.
745 4582 961 4659 Amerinileg]
983 4581 1144 4636 Emendavit
1170 4584 1191 4637 l.
1217 4583 1246 4638 1².
1269 4584 1396 4640 Gronov.
1421 4587 1480 4642 seu.

172 4692 203 4703 -
220 4658 289 4732 filio
308 4659 424 4729 expetito
445 4660 587 4712 Amerino.
625 4658 751 4726 Legatos
771 4660 807 4714 G.
829 4661 878 4713 Gr.
928 4661 972 4715 ii.
992 4659 1105 4729 venire]
1127 4657 1177 4714 Gr.
1200 4658 1264 4716 Scit.
1286 4688 1320 4704 —
1342 4665 1436 4715 vendi
1450 4659 1482 4717 G.

171 4738 215 4795 25.
235 4742 287 4788 aut
305 4734 344 4786 ad
360 4735 421 4802 illa]
442 4734 465 4788 F.
485 4735 595 4789 Graevii
615 4739 789 4788 correctione
809 4733 874 4789 Sch.
893 4764 931 4778 -
949 4734 1068 4787 astruit
1088 4733 1124 4790 G.
1138 4736 1187 4790 Gr.
