3210 5280
573 246 621 310 lu
644 244 947 311 PlSONIANAM.

413 439 555 506 CIRCA
585 440 718 507 VERS.
742 440 774 503 A
795 440 906 504 NOV.
929 440 1110 504 Lxxxx.

194 565 241 641 (§.
266 562 334 638 95.)
356 563 392 626 L·
413 563 563 641 Opimius
590 563 715 626 sicclus
741 562 857 642 poeria
878 569 942 635 ess,
974 562 1035 642 qui
1059 569 1091 624 et
1118 570 1196 641 post
1218 569 1485 641 praeturumusu

114 667 144 720 et
165 654 288 718 consul
307 653 467 714 maximis
487 651 651 730 periculis
676 670 745 713 rem
769 649 944 726 publicum
963 649 1137 713 liberarat.
1186 647 1264 712 Nou
1290 653 1325 711 in
1354 671 1414 725 eo,

115 747 173 807 cui
182 743 294 823 suctu
315 742 442 804 iniuria
461 750 527 817 est,
547 739 605 806 sesi
623 741 741 816 ineis,
769 740 830 821 qui
840 737 1021 818 fecerunt,
1042 739 1175 803 sceleris
1194 748 1226 802 cl
1247 741 1416 803 couscien-

116 836 181 897 liue
200 851 313 913 poeno
327 833 494 895 remansit.
1425 841 1440 890 ⁵

103 983 105 986 Α
196 925 320 986 Notum
337 931 401 997 est,
424 917 582 1001 Opimium
597 917 628 980 in
642 928 786 998 praetura
803 916 966 1000 Fregellas
981 916 1119 1000 cepisse,
1144 937 1207 1000 quo
1222 928 1316 998 pacto
1330 914 1416 979 visus

118 1028 163 1079 est
183 1027 330 1078 caeteros
355 1033 481 1097 quoque
504 1010 637 1075 nominis
657 1009 763 1071 Latini
790 1009 895 1072 socios
923 1008 1003 1072 male
1027 1007 1179 1072 animatos
1208 1008 1413 1089 repressisse,

117 1110 311 1189 eundemque
332 1104 364 1167 in
383 1103 545 1167 consulatu
569 1102 715 1165 Fulvium
740 1103 887 1166 Flaccum
909 1103 1104 1165 consularem
1128 1113 1159 1165 et
1174 1100 1215 1167 C.
1239 1102 1416 1165 Gracchum

118 1199 312 1264 tribunitium
334 1197 546 1280 oppressisse,
571 1196 614 1258 ob
640 1216 731 1276 quam
754 1192 899 1258 invidiam
920 1205 1029 1277 postea
1051 1193 1166 1258 iudicio
1188 1194 1417 1259 circumventus

118 1306 163 1356 est
183 1305 218 1357 cs
237 1293 269 1355 in
292 1291 418 1355 exilium
445 1301 546 1353 actus.
1427 1310 1459 1358 ω

209 1508 235 1554 1.
255 1514 311 1551 om.
332 1494 399 1548 Lod.
419 1494 502 1567 Lugd.
520 1496 584 1549 Hor.
605 1496 682 1550 Mau.
775 1501 801 1550 2.
821 1501 876 1566 pur]
897 1503 985 1569 isqui
1003 1498 1087 1570 Lugd.
1108 1501 1172 1553 Hor.
1190 1499 1268 1552 Man.
1286 1498 1368 1551 Creu.

210 1577 236 1627 2.
253 1579 320 1641 posi
336 1573 513 1640 praeturam]
531 1577 648 1640 praetor
667 1569 751 1643 Lugd.
771 1571 836 1625 llos.
849 1572 927 1624 Man.
939 1576 1018 1627 Creu.
1037 1591 1097 1626 cum
1118 1574 1259 1627 Ciceronis
1278 1571 1367 1627 libris.
1381 1601 1419 1615 -

121 1649 313 1717 Aequissimus
335 1650 364 1697 in
382 1644 501 1697 lectione
517 1649 688 1714 antiquarum
702 1644 870 1711 editionum,
889 1652 933 1699 cui
946 1666 1001 1701 non
1015 1663 1162 1719 repugnare
1176 1647 1280 1701 viderur
1293 1651 1419 1701 historio.

121 1725 156 1776 lle
175 1735 238 1773 vera
258 1726 333 1773 enim
353 1725 512 1790 insequente
531 1717 638 1771 demum
658 1734 810 1792 praeturum
830 1735 901 1773 anno
929 1722 977 1791 (U.
997 1722 1027 1776 C.
1047 1725 1111 1780 650.
1132 1724 1221 1790 Varr.)
1242 1722 1272 1775 l..
1291 1724 1418 1795 Opimius

121 1795 302 1868 Fregellanam
324 1799 512 1866 quaestionem
532 1792 664 1860 absolvis,
693 1793 727 1846 sd
746 1812 826 1865 quem
852 1812 954 1849 annum
973 1799 1063 1868 Pigbii
1084 1797 1168 1869 (sun.
1187 1799 1220 1853 T.
1241 1797 1293 1850 ΙΙΙ.
1313 1815 1340 1868 p.
1358 1795 1419 1870 48.)

121 1870 298 1924 corollarium
314 1870 367 1922 hoc
380 1884 437 1921 est:
456 1870 508 1938 „L
522 1869 651 1939 Opimius
673 1871 708 1936 Q.
728 1871 757 1922 11.
777 1872 812 1937 Q.
831 1888 915 1942 nepos
936 1877 1120 1943 provinciam,
1141 1889 1223 1942 quam
1243 1890 1276 1924 ex
1295 1886 1420 1945 praetura

121 1951 232 1999 sortitus
254 1960 329 2009 eras,
347 1961 403 1996 non
418 1942 553 2008 obtinuit,
574 1941 620 1995 sed
639 1943 773 2015 Fregellas
792 1961 854 1996 cum
875 1949 991 2018 imperio
1011 1963 1038 1999 er
1057 1952 1244 2016 quaestionem
1263 1944 1297 1998 de
1316 1950 1419 1998 cunin-¹

122 2026 186 2073 saris
206 2035 284 2072 extra
305 2019 429 2072 ordinem
455 2036 486 2071 ex
511 2017 539 2070 S.
560 2016 591 2070 C.
611 2023 734 2089 persequi
755 2023 842 2072 iussus
862 2022 930 2072 esr.''
967 2024 1062 2091 ltaque
1082 2026 1193 2074 Asconii
1213 2019 1293 2072 verba
1311 2019 1419 2073 intelll-

124 2093 208 2167 genda
228 2109 310 2146 erunt
331 2092 364 2145 de
384 2108 527 2166 prorogata
547 2108 681 2164 praesum.
719 2096 809 2146 Possis
830 2090 944 2149 fortasse
968 2101 1051 2150 etism
1071 2096 1173 2168 legere:
1202 2102 1418 2167 propraetore,

123 2169 175 2236 rel,
194 2169 270 2241 quod
290 2174 378 2239 magis
399 2173 483 2220 etism
504 2167 608 2240 placet,
625 2185 677 2237 per
692 2177 864 2235 praeires-am.
960 2208 971 2231 ,

211 2249 239 2303 5.
260 2245 309 2313 eo]
328 2261 389 2293 eum
411 2245 500 2296 Prius.
518 2239 627 2295 Bersld.
646 2240 709 2297 Ald.
781 2245 809 2299 6.
829 2247 941 2312 cepisse]
966 2249 1087 2314 caepisse
1107 2245 1198 2300 Prino.

210 2324 237 2378 8.
256 2317 400 2389 Fuluium]
420 2326 448 2370 ei
467 2317 591 2370 Fusius
611 2314 677 2369 Lod.
