3210 5280
440 195 489 260 ΙΝ
506 195 657 263 ORAT.
678 197 773 263 Ptto
795 196 997 264 MILONE.
1311 194 1373 258 ttt
1403 232 1406 237 ·

61 337 212 403 rabum.
265 336 349 401 Post
380 335 459 399 baec
490 335 583 425 etiam
616 335 849 421 significaturus
879 335 987 420 legem
1018 337 1221 420 Pompeiam,
1260 349 1313 409 ,et
1340 337 1372 401 in

61 428 234 492 contioor¹
258 429 297 490 ab
319 425 492 509 inprobis”
514 428 632 512 inqttit3
656 431 819 494 molestum
845 428 977 514 namque
1001 429 1111 493 luisset
1137 431 1164 493 si
1189 451 1206 492 a
1231 431 1374 512 populna

61 520 208 583 adicere²
236 522 299 593 „ab
320 519 487 602 inprobis''
511 522 634 600 maluit,
665 535 759 587 utne
781 521 858 585 illud
879 520 1076 604 plebiscitum
1098 544 1158 604 pro
1181 522 1373 608 gravissimo

61 616 237 678 ducendum
265 613 324 688 sit,
359 613 447 698 quod
477 613 605 697 inprobi
638 628 671 679 et
696 618 855 679 studentes
884 612 1015 677 iniuriae
1046 615 1263 696 conceperint.
1321 617 1373 677 Ad

62 717 238 770 extremum
262 704 358 769 tertio
380 709 481 790 gradu
506 707 536 770 in
565 709 649 771 bunc
669 709 787 772 exitum
817 707 931 771 desinit
953 718 1007 780 „et
1032 708 1128 789 paulo
1153 720 1224 771 ante
1252 709 1292 771 eb
1321 729 1398 775 ac·s

61 799 311 875 cusatoribtts’',
349 803 462 864 omne³
495 800 593 876 enim,
626 804 712 886 quod
743 813 945 865 accusatores
978 799 1276 876 comminiscuntur,
1310 822 1373 865 non

62 893 232 975 aequitatis¹
244 893 378 969 iudicio,
395 896 450 957 sed
465 895 596 958 nocendi
613 894 785 977 proposito
800 893 984 957 moliuntur.
1017 894 1105 957 Haec
1119 892 1224 975 itaque
1238 893 1373 978 qualitas

61 989 118 1053 M.
142 985 252 1051 'l'ullio
274 988 407 1070 propris
430 1000 498 1062 est,
528 1001 562 1052 ut
592 999 662 1050 ante
691 1009 784 1072 qutun
818 986 1120 1073 argumentationisl
1146 986 1290 1070 impleat,
1326 987 1373 1049 vi·

61 1078 199 1144 ctoriam
220 1080 374 1162 praelibet
396 1081 426 1144 in
448 1080 526 1163 ipsis
547 1081 831 1164 propositionibus.

139 1200 177 1280 2.
205 1204 348 1305 Negant
374 1207 510 1280 intueri
534 1207 654 1281 lucem
680 1231 763 1282 esse
795 1207 852 1282 las
888 1178 943 1302 ei,
977 1208 1040 1306 qui
1075 1231 1164 1281 ase
1189 1205 1416 1280 hominemne

62 1321 232 1392 occisum.
252 1342 334 1392 esse
361 1318 533 1392 fateatur.

146 1437 224 1500 Hoc
245 1436 378 1517 primum
402 1439 570 1520 adgressus
593 1438 751 1511 reltttate,
775 1435 805 1499 in
822 1437 966 1501 omnibus
988 1415 1137 1500 c'acdibus
1158 1458 1222 1500 non
1246 1439 1373 1502 conlet-

61 1530 121 1608 [Ρ.
144 1529 235 1610 tte]
259 1527 364 1592 tiones
386 1549 454 1593 esse
480 1533 684 1609 damnandas,
715 1535 770 1595 sed
795 1553 905 1594 causas
927 1531 1372 1615 potissimumqreqttirendes.

61 1621 126 1687 Cui
160 1622 362 1704 responsioni
399 1624 547 1687 adbibet⁵
580 1627 808 1689 firmamentum
838 1661 879 1673 --
907 1624 969 1668 —⁶
1001 1624 1171 1707 antiquitus
1204 1625 1373 1688 Horatium

61 1736 191 1801 quoque
218 1735 281 1778 non
310 1718 405 1778 caede
434 1718 576 1800 vulgari,
610 1719 678 1782 set²
707 1722 746 1783 de
770 1719 961 1800 parricidio,
996 1720 1059 1784 boc
1088 1731 1153 1793 est,
1188 1717 1416 1799 interemptats

60 1830 177 1872 sorore
199 1807 397 1882 confessum,
421 1811 545 1875 absolvi
568 1823 669 1876 tameo
685 1815 839 1895 probata⁸
861 1813 1016 1894 aequitate
1040 1810 1203 1876 meruisse.
1248 1810 1375 1893 Quippe

61 1901 219 1966 Horatius
242 1899 347 1965 victor
369 1905 495 1966 domum
520 1926 705 1990 regressus,
728 1905 844 1970 occisis
866 1906 969 1968 tribus
992 1902 1130 1971 Curiatis
1156 1904 1373 1977 Albanorum,

63 1995 190 2061 obviam
207 2016 351 2059 sororem
375 1998 483 2060 babuit
505 1999 742 2085 deplangenteot
759 1999 829 2063 Atti
843 1998 965 2064 Curiati
988 1998 1126 2073 obitum,
1150 1996 1202 2061 etti
1217 1999 1375 2079 desponsa

62 2090 180 2153 iuerat.
225 2091 278 2155 Ob
300 2090 337 2152 id
357 2089 514 2153 interiecit
540 2114 606 2155 eam
630 2092 749 2167 freter3
778 2104 808 2156 et
833 2092 936 2174 spolia
962 2091 1167 2156 curiatorum
1194 2091 1270 2170 (sic)
1291 2092 1374 2154 trina

62 2183 133 2246 lixit
162 2183 237 2247 loco
262 2183 397 2258 celebri,
427 2184 478 2248 cui
499 2184 582 2266 pilae
613 2186 788 2252 Horatiae’
809 2206 921 2249 nomen
945 2197 1006 2249 est.
1050 2184 1114 2248 Hic
1138 2194 1241 2248 temen
1270 2184 1417 2248 caedis²⁰

63 2289 228 2340 accusatus
254 2280 294 2340 ab
317 2272 466 2354 inimicis,
491 2300 584 2362 qutun
609 2279 720 2361 capitis
744 2301 867 2345 causant
891 2290 965 2360 aput
982 2279 1108 2342 'l'ttilutn
1133 2298 1261 2360 regem,
1285 2289 1376 2359 patre

63 2371 269 2442 defendente,
303 2371 450 2444 dixissen
481 2374 643 2435 damnatus
671 2375 711 2435 ed
738 2373 891 2454 populum
927 2371 1122 2454 provocarit
1149 2370 1375 2452 absolutusque

63 2466 113 2527 e'tt
139 2475 170 2527 et
198 2477 300 2528 tamen
330 2463 453 2546 expiari
475 2464 590 2529 iussus.
635 2465 825 2529 Constitutis
847 2464 944 2549 igitur
967 2468 1086 2527 duabus
1115 2462 1180 2528 nris
1203 2464 1281 2527 lano
1308 2458 1376 2528 Ctt'-

63 2556 157 2645 riatio
188 2570 220 2622 et
244 2558 359 2623 lunoni
380 2559 550 2636 sororiae,
585 2580 743 2643 superque
765 2580 819 2622 eas
843 2557 961 2621 iniecto
983 2557 1105 2642 tigillo,
1142 2557 1295 2622 Horatius
1315 2557 1375 2619 snb

63 2651 171 2734 iugum
187 2655 349 2715 traductus
364 2664 424 2715 est.
469 2654 505 2716 Id
521 2653 751 2734 expiamentum
768 2651 934 2715 memoriae
949 2663 1110 2716 set-vatum
1127 2654 1166 2716 ad
1182 2653 1264 2716 ltunc
1275 2671 1375 2735 usque
1387 2662 1418 2709 tt

63 2744 146 2820 dictu
168 2743 302 2830 tigillum
325 2743 482 2808 sororium
507 2745 698 2828 appellatur.

141 2851 178 2931 3.
206 2858 277 2959 Qui
303 2861 463 2933 noudum
490 2861 607 2934 libera
634 2864 795 2936 civitate.

68 3056 73 3067 ι
150 2977 265 3041 Adhuc
285 2975 316 3039 in
338 2975 473 3042 servitio
495 2978 591 3041 luisse
615 3001 681 3042 rem
707 3001 761 3061 p.,
786 2990 817 3044 et
845 2990 950 3043 temen
978 2977 1124 3044 babuisse
1148 2980 1283 3046 liberum
1309 2981 1376 3064 spi-

63 3069 162 3135 ritum
184 3073 221 3133 de
244 3069 399 3156 aequitate
421 3071 571 3135 facinoris
593 3072 760 3137 indicandi.

319 3254 322 3259 ,
395 3172 695 3276 [Desiderantur
713 3179 884 3288 paginae
907 3175 1032 3281 dune]
1388 3193 1420 3242 tt
1475 3145 1478 3153 Ι

612 3294 630 3330 0
714 3294 731 3329 s
816 3296 833 3330 ι

142 3395 205 3499 [Q.
233 3399 371 3474 nvtu.
399 3403 443 3475 P.
471 3394 577 3500 tte]
629 3396 666 3475 1.
696 3455 704 3475 .
734 3455 743 3475 .
773 3401 853 3473 Aut
881 3384 1118 3475 ostiarus.

150 3516 215 3583 Hic
236 3522 356 3586 consul
375 3520 581 3584 Saturninum
602 3529 632 3582 et
655 3516 822 3582 Servilium
847 3517 1010 3581 Glauciam
1037 3516 1202 3600 Capitolio
1225 3520 1378 3583 deductos

62 3608 199 3674 interfici
221 3609 323 3673 iussit.
368 3614 500 3674 Senatus
523 3610 674 3693 denique,
705 3613 758 3674 M.
783 3611 892 3676 Tullio
914 3613 1064 3686 consule,
1099 3612 1268 3674 Lentulum
1291 3624 1376 3674 cete·

63 3724 184 3787 rosque
205 3703 236 3766 itt
259 3725 386 3766 carcere
404 3704 579 3786 puniendos
605 3704 737 3767 censuit.
782 3704 1010 3768 Necessarium
1031 3703 1129 3789 igitur
1149 3705 1228 3766 banc
1248 3724 1374 3766 enume·
1387 3724 1418 3772 st

68 3886 72 3893 .
135 3847 160 3892 1.
185 3847 246 3891 Cod.
271 3848 460 3891 contentionem.
498 3843 522 3890 2.
549 3847 583 3890 lto
607 3847 651 3890 eod
680 3858 725 3901 pro
744 3844 866 3890 odt't'eoru
901 3845 1048 3903 Qumqrut
1073 3845 1097 3890 id
1118 3843 1257 3889 rotabulum
1280 3850 1317 3889 rat
1337 3857 1375 3890 te·

206 3929 297 3961 mesum
317 3918 340 3961 ia
361 3917 422 3960 ced.
463 3913 485 3960 3.
505 3916 550 3962 nt.
570 3915 641 3960 llotn.
654 3922 740 3960 ‘tuone
778 3912 803 3958 l.
822 3915 857 3958 ltt
875 3915 928 3959 eod.
947 3914 1019 3970 t'pro
1036 3928 1050 3958 o
1067 3928 1090 3959 to
1111 3927 1191 3960 seru.
1212 3916 1273 3967 pter.
1293 3928 1375 3971 qoam·

77 4014 82 4023 ·
203 3999 272 4043 quern
293 3987 410 4045 genitivos
430 3998 477 4029 ιοι
495 3985 586 4030 desinat
606 3998 630 4030 ιι
650 3985 719 4038 iem
743 3996 812 4041 qaam
831 3984 1040 4043 pammatieorttn
1057 3985 1163 4042 rogatam
1181 3989 1239 4027 taus
1260 3984 1375 4028 insertam

205 4069 274 4107 etse,
293 4056 341 4100 ient
359 4055 415 4100 alibi
433 4055 492 4100 tiri.
528 4053 553 4100 6.
574 4054 633 4098 Cod.
655 4050 757 4098 ntltt'ltot.
794 4049 819 4098 6.
838 4054 944 4109 spoliant
961 4065 1060 4097 raerntn
1077 4053 1372 4098 versicoloromdooretn.

204 4121 228 4170 7.
248 4124 283 4168 lta
300 4124 362 4169 Cod.
381 4137 425 4180 pro
442 4122 496 4169 eod.
532 4120 557 4168 d.
576 4123 637 4169 eet.
653 4121 784 4181 proterea.
822 4118 847 4168 9.
865 4123 927 4168 Cod.
945 4123 1036 4167 orott'm
1083 4117 1123 4166 tt.
1144 4120 1170 4167 lo
1188 4122 1249 4167 Cod-
1269 4123 1373 4177 interpo-

203 4194 267 4238 nitor
289 4194 322 4238 σι’.

138 4291 185 4343 21.
204 4286 310 4358 Nempe
329 4288 359 4339 ln
378 4283 440 4338 loro
459 4286 600 4353 Romano,
618 4299 649 4338 nt
667 4287 708 4338 tlt
727 4284 876 4358 Dionytlnt
895 4281 984 4337 lltllc.
1002 4281 1055 4338 nt.
1076 4289 1122 4341 21.
1143 4281 1245 4338 Conlm
1265 4283 1372 4338 Litium

138 4441 186 4492 27.
206 4435 321 4508 Dionys.
340 4451 367 4488 et
387 4434 446 4488 Lis.
465 4433 519 4488 loc.
541 4439 590 4490 cit.

138 4514 185 4568 30.
205 4512 433 4564 Provocationem
454 4525 468 4560 ι
488 4511 597 4582 reglbttr
618 4507 690 4562 idern
710 4508 743 4564 sd
763 4509 895 4583 populum
915 4513 1032 4563 miretur
1049 4507 1150 4562 Cicero
1164 4507 1198 4559 de
1212 4506 1275 4574 dep.
1290 4508 1312 4562 Ι.
1326 4511 1372 4566 51.

139 4588 187 4643 st.
208 4585 279 4657 Lego
299 4587 453 4657 Appianum
472 4585 541 4640 eeu.
561 4591 615 4638 εἰν.
636 4585 659 4638 Ι.
679 4589 725 4642 52.
743 4600 772 4638 et
791 4585 968 4638 Plutarchum
998 4589 1027 4637 in
1053 4585 1145 4638 ussto
1171 4585 1238 4653 Cap.
1266 4584 1373 4648 ΧΧΧ..

66 4665 111 4730 qul
131 4675 257 4712 suctores
279 4660 380 4732 populo
401 4664 593 4731 potiusquam
614 4659 707 4714 Marto
726 4659 797 4712 banc
817 4661 927 4712 enodem
948 4660 1082 4713 tribuent.
1122 4656 1196 4710 ldent
1217 4659 1372 4732 exemplum

66 4750 158 4789 narret
177 4751 273 4789 notter
291 4734 458 4791 debellatur
477 4739 544 4797 ltem
563 4751 578 4789 a
599 4752 642 4789 me
662 4734 751 4791 editoe
771 4733 805 4789 td
824 4736 873 4790 Or.
893 4735 927 4788 dr
944 4753 1009 4787 aere
1028 4732 1067 4786 el.
1086 4732 1152 4786 Mil.
1171 4736 1202 4786 v.
1220 4738 1248 4795 5.
