3210 5280
527 246 576 310 lu
598 246 907 312 Ptsoulsuntn.
1359 246 1378 307 5

61 431 394 451 ..........
427 386 550 470 quidem
582 386 614 449 in
646 387 738 450 Italia
770 389 943 450 consedeat
976 384 1179 461 Placentinae
1209 394 1378 468 postquam

59 483 99 543 ad
130 481 254 543 accitus
285 480 328 543 sit
357 503 376 544 a
407 480 551 546 Placenti
574 522 968 543 ............
997 500 1077 543 avus
1108 477 1206 542 tnulto
1235 489 1310 562 post
1341 498 1379 540 ea

59 587 208 658 tempora
228 573 308 653 tuit,
333 575 449 659 quibus
470 573 633 637 Placentia
654 572 779 637 colonia
801 575 934 636 deducta
956 583 1016 636 est.

432 767 576 835 ctucn
599 768 734 832 VERS.
757 769 788 831 Α
811 767 965 833 PRIMO
988 768 1007 804 ¹⁸

140 966 342 1028 beatiorem
370 1006 657 1027 ..........
683 973 782 1045 puter
808 973 887 1025 tuus
911 982 1086 1037 socerum,
1120 983 1225 1046 quam
1247 963 1279 1026 C.
1301 963 1402 1031 Pisas

63 1098 229 1118 ......
260 1055 381 1118 initio
405 1054 504 1117 luctu
636 1074 704 1115 non
729 1057 763 1116 ei
773 1052 892 1129 filiam
915 1073 1025 1115 meum
1050 1054 1247 1127 collocavi,
1278 1072 1378 1134 quem

62 1167 129 1226 ego
151 1187 376 1210 ........
405 1152 554 1224 potestus
582 1153 655 1205 tum
685 1144 837 1205 omnium
847 1142 994 1221 fuisset,
1032 1164 1135 1205 unum
1164 1143 1455 1223 potissimumuttf

62 1235 271 1316 delegissem.

147 1323 229 1403 Quis
250 1318 348 1385 inerit
370 1341 464 1385 socer
486 1320 612 1386 Pisonis
633 1319 734 1402 patris
754 1340 852 1402 supra
874 1318 952 1382 dixit
973 1318 1022 1381 his
1044 1319 1168 1383 verbis:

142 1414 282 1478 insuber
306 1412 448 1496 quidum
460 1412 559 1492 snit,
580 1412 667 1475 idem
689 1423 859 1475 mercator
878 1423 910 1476 et
928 1433 1077 1494 praeco,
1098 1415 1124 1474 is
1146 1433 1224 1475 curn
1239 1413 1377 1476 llomnm
1390 1432 1419 1480 to

65 1524 145 1566 cum
157 1504 245 1579 filio
267 1504 421 1582 venisset,
455 1501 700 1565 adolescentem
721 1501 867 1565 nobilem
889 1503 1126 1585 Caesoninnrn,
1156 1506 1304 1566 ltominis·
1312 1504 1378 1584 fu·

63 1594 237 1682 recissimi
245 1590 386 1668 filium,
408 1611 511 1653 ansus
532 1600 581 1653 est
601 1591 929 1672 appellere3st1ium
949 1594 1149 1656 collocavit.

150 1682 351 1747 Calventium
382 1681 468 1744 aiunt
495 1686 565 1744 en'nt
594 1682 801 1762 appeliatum3
835 1681 933 1762 ipsius
962 1682 1111 1756 Pisonis,
1145 1692 1256 1746 contra
1285 1703 1377 1764 quem

63 1778 142 1839 baec
170 1775 276 1855 oratio
305 1786 371 1853 est,
404 1795 549 1838 socerum
572 1774 729 1836 'Rutilium
761 1774 891 1837 Atilium
914 1776 1040 1838 Nudum
1064 1775 1241 1839 Fenestella
1270 1776 1375 1838 tradit.

64 1869 183 1935 Cicero
204 1870 299 1933 iiiiasn
322 1879 549 1951 postmortem
572 1866 699 1931 Pisonis
722 1866 832 1950 generi
853 1868 896 1930 Ρ.
919 1868 1059 1932 Lentulo
1082 1857 1269 1942 collocavit,
1294 1870 1419 1951 apudts

64 1986 158 2049 quern
179 1963 234 2027 ilia
257 1985 298 2026 ex
318 1975 413 2045 partu
435 1962 578 2025 decessit.

137 2250 167 2306 li.
187 2267 246 2303 om.
267 2247 336 2302 Lod.
357 2246 442 2320 bugd.

140 2331 225 2385 5—8.
245 2328 364 2400 Primam
394 2328 421 2375 in
441 2322 495 2375 boc
513 2320 668 2396 fragmento
687 2322 813 2376 lacunam
831 2337 941 2396 praeter
961 2322 1109 2376 Asulanum
1129 2339 1225 2376 omnes
1244 2323 1378 2394 neglexe-

66 2417 148 2461 runt;
176 2401 326 2453 secundam
346 2396 434 2450 verbis
454 2416 540 2466 gener
558 2416 633 2450 mans
658 2397 816 2470 explendam
842 2398 954 2470 putabat
979 2399 1136 2459 Ernesrius;
1165 2402 1195 2450 in
1214 2413 1309 2467 quarta
1329 2417 1378 2451 re-

64 2479 206 2551 posuerim
226 2479 311 2525 ett'nm
330 2477 365 2526 ri.
403 2471 552 2527 Deficiente
572 2475 625 2526 itae
650 2479 691 2525 vet
710 2473 794 2527 simili
814 2478 1010 2527 coniunctione
1030 2471 1093 2526 inde
1113 2488 1128 2524 a
1147 2469 1264 2525 Beraido
1283 2489 1378 2525 omnes

64 2570 115 2625 pra
134 2559 196 2603 sans
217 2547 360 2601 ediderunt
380 2566 456 2612 cnm,
479 2563 576 2620 patum
597 2563 668 2620 apte.
695 2576 734 2589 -
760 2549 815 2617 „ln
835 2551 955 2602 Asconio
975 2565 1036 2601 meo
1055 2552 1244 2620 manuscripto
1264 2563 1326 2619 post
1346 2549 1377 2601 C.

65 2626 131 2679 Piso
151 2640 195 2678 est
219 2624 316 2678 lacuna
335 2638 418 2675 vacua
437 2626 552 2675 minime
571 2621 688 2675 duarum
714 2627 830 2677 triumve
858 2640 972 2677 vocum:
1004 2639 1035 2677 nt
1055 2639 1081 2676 et
1101 2638 1162 2696 post
1182 2622 1229 2675 iila
1249 2622 1330 2676 verba
1348 2626 1379 2674 in

64 2704 113 2753 tile
132 2701 210 2752 laetu
228 2714 269 2752 est
289 2701 388 2752 lacuna
407 2702 488 2751 nnius
508 2698 611 2751 vocis.'’
631 2698 762 2752 cusan

140 2779 168 2833 9.
188 2792 268 2826 socer
286 2773 397 2826 Pisonis
411 2773 521 2842 patris]
544 2771 628 2845 Lugd.
647 2773 712 2825 Hot.
732 2772 810 2825 Man.
830 2772 911 2828 Creu.
930 2801 969 2816 -
995 2791 1074 2825 socer
1092 2771 1203 2824 Pisonis
1217 2779 1301 2841 pater
1319 2775 1377 2844 ipss

66 2851 158 2905 l’sinc.
179 2847 242 2904 aid.
264 2877 297 2891 -
320 2847 430 2900 Pisonis
444 2856 544 2919 pater,
562 2853 619 2919 ipsa
632 2844 740 2903 Beraid.
759 2846 827 2904 Lod.

142 2933 189 2984 10.
211 2923 338 2992 Insuber]
357 2923 472 2992 Insuper
491 2924 555 2976 Hor.
575 2925 655 2976 Creo.

140 2997 214 3054 lbid.
233 2997 317 3065 idem]
337 2998 402 3050 iiot.
421 3000 500 3052 Cren.
520 2997 598 3048 -id
614 3006 657 3050 est
676 3001 790 3071 priores.

141 3071 214 3128 ibid.
232 3075 347 3142 praeco]
364 3090 449 3143 preco
468 3074 560 3126 Princ.

141 3160 189 3208 fl.
206 3147 288 3220 filiu]
311 3145 396 3219 Lupd.
417 3147 479 3200 Hot.
500 3147 580 3200 Man.
601 3149 681 3201 Cren.
704 3177 735 3189 -
755 3145 819 3216 filio
837 3147 930 3199 Princ.
949 3144 1056 3199 Beraid.
1076 3141 1138 3197 sid.
1160 3141 1227 3198 Lori.

139 3221 213 3279 ibid.
234 3223 430 3291 Caesoninum]
451 3223 528 3275 Man.
541 3221 597 3294 stg.
610 3251 647 3263 -
661 3223 824 3275 Caesoniam
838 3222 929 3274 Ptine.
942 3218 1050 3274 Berald.
1062 3248 1097 3261 —
1108 3219 1270 3271 Caesonium
1283 3223 1377 3273 ceteri.

141 3295 215 3352 ibid.
226 3293 420 3368 furacissimi]
433 3295 594 3367 fortissimi
612 3299 689 3351 Man.
710 3297 767 3370 sag.
795 3325 830 3339 ·-
863 3297 1070 3364 „Caesoninnm
1088 3292 1206 3345 hominis
1216 3291 1379 3363 j'urts'sst'mi

61 3373 174 3447 filium]
214 3377 260 3426 Sic
274 3369 432 3437 emendavi,
452 3388 515 3424 cunt
530 3386 609 3424 antea
623 3371 772 3444 legeretur,
788 3371 951 3423 Caesonium
963 3369 1082 3421 ltomint‘s
1085 3367 1266 3439 furacissimi
1271 3365 1377 3439 filium.

65 3451 120 3503 boe
139 3452 254 3521 ingenio
273 3445 364 3501 Caroli
385 3446 491 3519 sigonii
511 3445 649 3499 debemus.
670 3450 746 3499 duxit
775 3459 866 3498 autem
894 3447 964 3498 itanc
984 3449 1171 3497 coniecturam
1193 3460 1256 3495 cum
1277 3462 1309 3495 es
1330 3448 1377 3495 in-

67 3529 164 3596 genio,
186 3538 243 3575 tunt
264 3538 296 3573 et
316 3526 376 3594 ipsa
394 3521 519 3576 historia.
539 3537 602 3574 nam
624 3523 770 3574 Caesonini
789 3537 896 3593 patrem
917 3524 945 3574 i..
965 3521 1093 3573 Pisonem
1109 3517 1142 3570 ab
1158 3520 1288 3572 Helvetiis
1301 3522 1378 3570 ocri-

67 3616 129 3652 sunt
154 3614 214 3650 esse
240 3597 340 3649 Caesar
364 3595 412 3648 lib.
440 3598 461 3650 l.
490 3599 561 3668 [cap.
583 3598 628 3663 12]
662 3595 774 3649 tradidit
795 3594 919 3649 debello
940 3594 1077 3648 Gallico.'’
1105 3593 1249 3647 MANUT.
1300 3593 1378 3661 Quae

67 3677 213 3728 namatio
232 3670 310 3724 abest
329 3687 343 3722 a
362 3669 448 3742 Lugd.
487 3673 540 3725 Pro
551 3671 712 3741 fortissimi
731 3672 825 3724 malint
845 3668 939 3723 eodem
959 3685 1039 3722 sensu
1049 3665 1237 3738 ferocissimi.

142 3753 188 3808 13.
208 3746 398 3817 Calventium]
420 3744 479 3800 nid.
500 3762 526 3799 et
546 3763 620 3817 seqq.
640 3776 674 3789 -
695 3747 888 3798 Caluentinum
908 3746 998 3797 Princ.
1019 3741 1125 3798 Berald.

142 3818 215 3876 ibid.
237 3823 333 3892 ipsius]
356 3821 436 3873 Coni.
460 3820 591 3892 Madvigii
605 3841 633 3894 p.
647 3823 711 3886 65„
730 3826 773 3873 cui
787 3819 901 3874 debetur
913 3823 996 3871 etiam
1011 3819 1091 3870 huius
1105 3818 1160 3870 ioci
1175 3815 1326 3869 distinctio.
1340 3844 1379 3860 -

67 3903 179 4022 Ὕίω
196 3894 421 4022 ΡπὶιιοὶὶΒεηΙάὲ
438 3893 498 3950 tld.
518 3895 584 4022 blod.
611 3902 669 3966 (qui
696 3897 728 3949 ad
749 3895 853 4022 epicepn
867 3890 1215 4025 riudaiioni‘slegei'dum
1235 3895 1378 3964 proposuit

65 3991 95 4024 se
133 3980 209 4038 etsta,
230 3988 264 4023 ne
304 3987 337 4022 oc
376 3975 566 4024 uictumae.
598 4000 631 4012 -
670 3977 743 4024 atris
783 3989 800 4023 n
839 4009 844 4021 .
900 3985 944 4021 an.
989 3983 1028 4020 ot.
1070 3974 1104 4019 i.
1149 3986 1206 4024 ren.

142 4052 189 4107 Η.
207 4045 336 4117 Nudum]
358 3990 468 4097 (ilicium
497 4047 564 4099 Bera
577 4045 604 4098 d.
628 3989 696 4100 Liid.
734 4048 789 4111 (An
802 3990 1021 4114 ⁸nuncupatum?
1049 3987 1118 4117 Oi.)

141 4126 189 4180 ¹5·
209 4121 319 4173 Pisonis
340 4123 447 4190 genera]
473 4121 581 4173 Pisonis
601 4121 653 4176 Crs.
676 4120 786 4176 Graevii
808 4121 869 4175 MS.

140 4194 214 4253 ibid.
234 4195 266 4248 P.
286 4195 414 4264 Lentttlo]
453 4197 608 4266 „Distentis
631 4197 677 4249 bic
691 4195 840 4258 Pedianus,
860 4209 891 4247 nt
910 4198 1024 4266 opinor,
1045 4195 1202 4246 averitatet
1223 4187 1295 4262 quod
1309 4188 1376 4242 olim

66 4278 225 4346 scripsimus
252 4276 281 4324 in
308 4275 411 4324 nostris
438 4275 645 4324 commentariis
672 4270 850 4341 epistolarum
870 4269 903 4321 ad
925 4272 1058 4322 Atticum.
1078 4268 1302 4320 nam'Ciceronis
1322 4264 1377 4317 filia

85 4353 188 4402 rinturn
208 4351 301 4417 nupsit
323 4345 355 4398 C.
376 4347 468 4399 Pisoni
490 4347 588 4419 Frugi,
609 4345 706 4398 deinde
732 4348 812 4398 Furio
839 4341 1012 4416 Crassipedi,
1034 4358 1174 4416 postremo
1195 4343 1224 4395 P.
1246 4339 1377 4393 Cornelio

111 4422 261 4475 labellae‘'.
291 4419 435 4475 MANUT.
475 4422 548 4474 ilaec
574 4439 680 4492 qnoque
705 4424 848 4474 annotatio
868 4418 943 4472 deest
964 4422 992 4471 in
1013 4415 1096 4490 bugd.
1118 4447 1155 4459 -
1183 4422 1227 4488 ,A
1254 4414 1377 4468 Conrado

67 4502 194 4568 (Quaett.
215 4496 263 4549 alt.
282 4516 311 4569 p.
332 4500 396 4554 378.
416 4496 503 4568 Lips.)
524 4497 701 4569 reprehensus
720 4513 761 4549 cst
774 4497 910 4549 Asconius
923 4510 985 4547 curn
1000 4492 1147 4546 Plutarcho
1162 4496 1221 4559 (tit.
1234 4491 1292 4545 Cic.
1307 4490 1377 4556 tt).

67 4573 140 4643 qnod
160 4571 282 4626 'initiam
303 4571 446 4624 Ciceronis
467 4587 663 4645 postmortem
684 4573 791 4625 Pisonis
805 4569 921 4623 Lentulo
936 4566 1094 4623 Dolabellae
1107 4571 1231 4639 nupsisse
1244 4565 1378 4618 sctibnnt.

67 4648 119 4702 sea
139 4664 224 4720 qnnrn
246 4647 345 4699 borum
368 4651 526 4699 testimonio
547 4645 659 4699 accedat
679 4647 819 4699 silentium
848 4646 1007 4706 Ciceronis,
1035 4647 1081 4714 qui
1111 4641 1194 4694 iissiatn
1224 4635 1379 4712 Crassipedi

68 4722 231 4797 desponsant
261 4725 386 4791 saepius,
414 4738 526 4795 nuptam
553 4737 684 4794 nusquam
711 4721 824 4786 scribit,
853 4735 897 4772 eas
924 4723 1033 4790 nuptias
1060 4733 1197 4787 nunqnam
1225 4713 1310 4768 iactas
1331 4729 1380 4766 sr-

69 4796 186 4854 bitror.''
215 4795 333 4852 MADV.
