3210 5280
215 189 277 254 dol
612 187 837 273 >scantin
860 187 1111 253 BOBIENSIA

216 328 280 394 Cn.
311 327 449 394 Lentulo
480 330 672 395 Marcellino
706 329 736 393 in
768 330 935 393 consulatu
965 326 1039 392 fuit.
1094 328 1238 395 Fratrem
1279 324 1351 389 bic¹
1392 325 1537 388 habebat

147 495 153 505 .
215 422 371 485 uterinum
399 424 441 486 L.
464 422 618 498 Gellium,
650 434 682 485 ot
708 422 811 503 ipsum
833 434 982 506 qttantum
1009 432 1141 503 apparet
1164 419 1331 484 Ciceronis
1356 418 1535 482 inimicum.

215 514 254 577 In
277 527 425 597 qttanmm
448 515 545 598 igitur
566 515 668 599 legem
692 513 831 596 Philippi
853 515 961 577 fratris
988 510 1055 577 eins
1071 514 1233 590 extulit¹³,
1259 513 1288 576 in
1310 523 1432 575 tantum
1449 514 1537 575 httne

215 607 401 683 defloravit,
432 609 486 693 qui
509 606 664 671 dissimilia
686 608 837 672 extiterit.

191 755 207 804 a
299 731 401 806 LIII.
431 726 465 805 1.
516 732 601 806 Fuit
626 732 817 832 collegium
844 758 964 831 nuper
990 735 1246 826 tribunicium,
1284 734 1322 805 in
1351 756 1424 830 quo
1452 741 1536 804 tres

216 844 384 940 minime,
411 843 484 916 duo
510 842 769 917 vehementer³
796 845 995 942 populares
1022 839 1360 939 existimabantur.l

302 962 357 1041 [P.
382 962 451 1042 55.]
484 961 534 1026 De
564 960 705 1046 collegio
727 961 851 1024 videtur
880 962 968 1046 loqui
997 962 1218 1038 tribunorum,
1253 960 1307 1044 quii
1329 961 1459 1023 fuerunt
1490 954 1534 1020 C.

217 1054 365 1120 Caesarie
390 1067 421 1118 et
449 1056 499 1118 M.
528 1055 633 1118 Bibuli
662 1055 848 1119 consulatur
884 1057 937 1118 sed
966 1055 1101 1119 obnixae
1126 1052 1348 1138 popularitatis
1376 1056 1459 1115 duos
1486 1051 1534 1112 in·

216 1148 361 1232 telligere
384 1150 533 1211 debemus
553 1149 595 1213 P.
619 1148 780 1211 Vatinium
803 1157 835 1212 ei
858 1146 899 1213 C.
923 1149 1063 1236 Albium·
1085 1150 1139 1231 qui
1161 1151 1364 1211 vehementer
1390 1145 1534 1206 actiones

175 1239 365 1306 toCaesaris
395 1241 599 1305 adiuverunt:
635 1253 700 1304 tres
732 1253 855 1315 autem,
891 1263 972 1324 quos
1006 1242 1130 1304 minime
1164 1242 1336 1322 populares
1366 1239 1426 1311 ait,
1468 1236 1534 1301 Cn.

216 1335 413 1397 floriniani
447 1333 612 1400 Calvinum
644 1345 675 1397 et
712 1335 756 1415 Q.
783 1335 977 1397 Ancharium
1012 1346 1043 1399 et
1072 1333 1114 1399 C.
1139 1334 1311 1407 Fanniumt
1346 1353 1387 1395 ex
1418 1331 1533 1414 qttibus

215 1425 277 1489 iam
303 1431 366 1490 dim
389 1440 554 1508 praetores
581 1440 670 1491 orant
695 1427 870 1508 designatit
904 1428 1014 1492 tertius
1040 1428 1170 1490 eaodem
1198 1447 1285 1510 spem
1315 1423 1376 1488 sibi
1400 1422 1536 1487 honoria

226 1521 455 1601 pollicebatur,
480 1519 520 1584 C.
545 1520 683 1584 Fannius
704 1519 837 1585 scilicet.

293 1639 329 1716 2.
359 1644 455 1745 Quid
482 1645 681 1744 populares
707 1643 761 1717 illi
788 1641 889 1719 duo?

175 1771 207 1820 tt
301 1759 343 1826 C.
369 1762 473 1825 Alfius
502 1773 534 1826 et
559 1763 602 1827 P.
632 1760 791 1829 Vatinius.
834 1763 884 1828 De
919 1764 1008 1829 Alfio
1040 1775 1144 1827 tamen
1173 1762 1343 1826 clementer
1369 1761 1534 1846 loquitur,

157 1869 161 1880 ·
217 1851 316 1936 magia
343 1854 431 1938 qrtnsi
455 1857 493 1916 de
523 1853 594 1918 viro
619 1852 813 1935 insapIentc⁵
847 1880 938 1940 quam
965 1861 1004 1920 de
1037 1857 1138 1931 malo,
1167 1856 1308 1938 asperius
1338 1855 1535 1940 aliquantum

217 1948 257 2008 de
278 1948 320 2012 P.
341 1946 491 2009 Vatinios
516 1949 571 2010 sed
597 1945 753 2032 uterquc⁶
773 1948 947 2026 honorem,
972 1971 1066 2034 quem
1089 1961 1198 2032 petere
1227 1949 1423 2024 instituerat,
1447 1947 1536 2011 nullo

218 2042 313 2105 modo
336 2038 513 2117 obtinuit,
536 2041 659 2123 populo
685 2041 886 2126 refragante,
910 2046 997 2126 quod
1019 2043 1171 2107 iudiclret
1193 2044 1353 2128 indignos.

293 2163 417 2238 LIIII.
447 2156 481 2238 1.
509 2165 581 2265 Qui
606 2165 713 2240 ludos
741 2170 1044 2265 apparatissimos
1071 2169 1205 2241 fecisti.

175 2285 207 2333 ²⁰
302 2282 352 2347 De
374 2282 532 2345 aedilitate
558 2283 611 2346 M.
638 2283 751 2365 Scauri
774 2295 806 2347 et
832 2286 991 2366 opulentia
1017 2286 1163 2348 ludorum
1190 2282 1368 2366 plenissime
1397 2280 1478 2346 dixit
1503 2278 1532 2343 in

218 2397 253 2438 ea
280 2376 448 2451 oratione,
473 2378 554 2459 qua⁸
576 2375 677 2460 ipsum
701 2398 830 2462 quoquc
856 2380 909 2442 M.
934 2380 1089 2441 Scaurum
1116 2378 1268 2442 defendit.

292 2495 329 2574 2.
358 2501 443 2600 Ipse
470 2501 532 2574 illc
558 2503 712 2575 maxime
738 2501 873 2576 ludius.

301 2619 379 2682 Iloc
402 2629 433 2681 et
459 2619 588 2680 relicum
614 2620 652 2680 de
674 2618 718 2683 P.
742 2616 861 2683 Clodio
883 2618 1015 2695 dicitur,
1039 2618 1128 2681 cuius
1149 2616 1305 2681 infamiam
1327 2628 1358 2682 et
1376 2619 1533 2681 dedecora

217 2712 248 2772 in
271 2709 361 2775 vario
392 2732 510 2795 genere
532 2710 725 2796 flagitiorum
750 2712 903 2796 plurimae
923 2710 1093 2797 loratIonea
1114 2709 1283 2775 Ciceronis
1308 2709 1368 2774 iam
1394 2721 1472 2774 nota
1504 2720 1535 2773 et

174 2813 206 2860 2⁵
218 2805 380 2889 invulgata
402 2805 559 2869 fecerunt.

293 2923 328 3002 3-
357 2930 429 3029 Qui
456 2931 577 3003 omnia
604 2933 748 3005 sororis
776 2931 932 3005 embolia
958 2932 1073 3004 novit.

301 3045 359 3128 [Q.
384 3047 515 3110 LXIV.
537 3047 579 3111 P.
603 3047 672 3128 ib]
718 3047 863 3112 Clodiam
894 3050 1019 3132 generis
1051 3045 1176 3129 patricii
1203 3045 1528 3110 feminamlsororem

216 3138 330 3213 lintius,
353 3161 423 3202 cum
444 3162 504 3221 qim
528 3139 649 3223 etipse
672 3140 795 3204 infamis
821 3152 907 3215 erat,
933 3154 1056 3204 veteres
1082 3141 1190 3225 literae
1212 3143 1339 3203 tradunt
1357 3139 1528 3201 studiosam

216 3231 315 3294 fnisse
343 3233 475 3294 saltandi
506 3232 670 3314 profusius
700 3246 731 3297 et
764 3233 999 3297 immoderatius
1034 3257 1126 3314 quiam
1156 3244 1329 3297 matronam
1363 3231 1527 3294 deceret⁹t

174 3325 663 3408 301100θιιίωῡίςηὶῆοειῐιιτίεῑο
678 3328 797 3403 verbo,
823 3349 887 3412 quo
904 3329 946 3391 ait
969 3330 1097 3401 „omnia
1115 3328 1238 3393 sororis
1258 3325 1396 3410 embolia
1414 3324 1528 3389 novit’'

216 3417 368 3500 quoniam
397 3417 557 3498 pertinent
577 3421 617 3480 ad
638 3429 747 3503 gestus
768 3422 961 3487 saltatorios.

293 3536 330 3614 li.
358 3541 431 3615 Vix
456 3544 562 3615 riuus
590 3541 727 3642 effugit.

288 3779 312 3825 f.
326 3781 386 3828 Cod.
402 3778 478 3826 bunc.
515 3779 540 3825 2.
561 3781 620 3826 Cod.
631 3778 817 3840 Filippisroter
832 3783 887 3827 elue
901 3783 1030 3828 extulerit.
1069 3780 1092 3831 ³.
1113 3782 1173 3829 Cod.
1185 3786 1334 3826 veementer.
1352 3781 1391 3824 Sic
1401 3792 1527 3823 eecemena

355 3848 453 3906 miii.
491 3848 515 3896 I.
530 3851 590 3895 Coe.
601 3852 760 3908 primocasu
773 3853 842 3897 efferi
854 3853 898 3896 boc
911 3859 935 3897 et
953 3854 1075 3910 sequeutia
1088 3855 1192 3896 nomina.
1230 3850 1254 3895 5.
1274 3850 1388 3894 SIeCcd.
1428 3844 1526 3895 6.'God.

358 3926 496 3980 utrumque.
535 3918 559 3966 7.
578 3921 639 3965 Cod.
659 3922 818 3967 constitutum
832 3935 877 3978 pro
889 3921 1002 3967 obtinuit.
1039 3920 1064 3967 8.
1085 3922 1145 3967 Cod.
1165 3921 1233 3980 pule.
1272 3919 1296 3964 9.
1316 3921 1376 3963 Coi.
1390 3916 1526 3963 decederet.

308 4044 336 4097 9.
356 4041 402 4095 Sic
429 4040 551 4111 loquitur
577 4039 611 4093 de
638 4040 669 4094 C.
690 4041 760 4095 alfio
780 4057 874 4095 notter
894 4047 1027 4114 interpret
1048 4046 1131 4094 etiam
1153 4045 1180 4093 in
1200 4041 1263 4095 vat.
1283 4040 1356 4094 xvi.
1379 4050 1404 4095 ι.
1438 4041 1527 4108 Quare

215 4121 311 4169 nescio
330 4117 512 4187 curPiglnine
533 4121 605 4169 Inter
625 4116 770 4183 tribunos,
798 4122 844 4188 qui
864 4114 975 4170 fuerunt
994 4117 1110 4171 Cartare
1130 4115 1259 4180 contule,
1278 4114 1378 4167 Allium
1399 4132 1455 4166 non
1476 4129 1528 4189 po-

215 4207 273 4244 nat.
312 4192 353 4244 Dc
372 4196 471 4243 ceteris
492 4195 518 4243 in
541 4193 600 4244 Vat.
620 4193 682 4244 vit.
705 4202 730 4248 t.

291 4270 336 4321 at.
356 4266 500 4318 Tullianae
526 4265 603 4318 locut
633 4264 666 4319 de
686 4267 781 4320 Scauri
803 4271 831 4319 in
852 4264 991 4320 aedilitate
1010 4266 1213 4340 magnificentia
1234 4263 1405 4318 desideratur
1425 4263 1526 4315 adlice:

215 4357 379 4413 quamquam
405 4346 462 4394 eiua
488 4346 622 4395 orationis
649 4341 755 4395 nobilee
781 4344 909 4412 reliquiar
937 4347 1036 4414 partim
1066 4360 1132 4414 ego,
1162 4346 1262 4413 partlm
1287 4340 1324 4393 cl.
1344 4342 1527 4414 Peyroniuae

215 4420 346 4471 Bobienai
368 4417 544 4489 pallmpeeeto
564 4417 740 4472 ediderimus.
785 4422 876 4489 Quare
895 4433 1033 4491 superest,
1062 4434 1093 4471 ut
1113 4433 1143 4470 ea
1164 4417 1196 4470 de
1216 4434 1245 4469 re
1264 4416 1386 4487 legamus
1408 4416 1526 4470 Plinium

216 4492 288 4545 IIiet.
310 4493 439 4545 xxxvi.
459 4507 527 4544 rect.
552 4491 597 4547 dli.

293 4568 338 4623 29.
358 4566 405 4619 Sic
423 4565 545 4638 loquitur
564 4565 598 4618 de
618 4557 781 4638 Sempronia
801 4566 945 4621 Sallustio·
966 4565 1050 4620 carii.
1070 4565 1159 4622 XXV.

290 4645 338 4700 δι.
359 4641 400 4694 En
421 4639 537 4710 denique
565 4645 756 4711 interpretatio
776 4642 903 4696 vocabuli
923 4641 1083 4706 embolium,
1112 4638 1185 4716 quod
1206 4638 1253 4693 diu
1272 4636 1429 4710 frustraque
1449 4643 1527 4692 torsit

216 4716 378 4776 Abramtum
399 4717 602 4790 Graeciamque
621 4719 651 4771 tn
670 4717 724 4773 hoc
744 4715 887 4773 Ciceroni·
906 4717 972 4773 loco
997 4716 1120 4791 aliosque
1139 4721 1253 4786 criticos
1273 4731 1301 4769 ct
1323 4718 1530 4788 grammaticae.
