3210 5280
471 191 521 256 ΙΝ
545 191 689 257 ORAT.
712 192 807 259 PRO
829 192 995 257 SYLLA.
1334 195 1397 260 sot

153 335 261 410 ΧΙΙΙ.
290 329 325 409 l.
353 333 436 408 ΑΜ
471 334 736 435 Allobrogibus
762 339 988 410 nominatum
1015 334 1155 434 Syllam
1182 362 1266 412 esse
1291 338 1396 414 diois.

77 449 170 551 Quis
197 443 334 548 negat?
378 446 454 524 Sed
481 447 560 559 lege
595 450 792 547 iudicium,
831 460 869 524 et
894 450 977 523 vide
1005 451 1308 549 quemadmodum
1334 476 1399 527 no·

76 565 236 636 minatus
263 565 324 635 sit.

163 682 260 744 Facta
284 681 324 742 ab
347 677 463 742 indicio
487 678 706 762 Allobrogum
729 681 781 743 et⁹
804 723 815 745 .
839 722 850 745 .
872 679 966 743 inlata
987 679 1188 762 propositio,
1212 682 1271 745 ne³
1293 681 1398 746 sensio

76 775 107 838 iu
131 774 325 837 eontrarium
349 785 520 856 vergeret,
546 772 805 856 vigilantissime⁴
829 817 839 837 .
858 806 872 837 .·
884 774 983 856 ipsius
997 773 1102 836 indicii
1118 777 1242 838 modum
1258 786 1424 843 tractaret

76 873 247 954 adgressus
273 879 339 940 est,
363 877 393 927 et
419 867 608 930 ostendere⁵
637 867 800 951 quaesisse
821 869 935 933 Gallos
958 871 996 932 de
1020 873 1058 936 L.
1082 868 1196 934 Cassio
1223 869 1396 954 Longino,

75 963 337 1048 quemadmodum
361 960 447 1039 Sylla
470 971 552 1022 esset
574 959 740 1023 animatus.
785 963 828 1025 Et
853 951 914 1025 hoe
940 983 995 1026 eos
1024 962 1161 1036 secisse,
1185 984 1250 1027 non
1275 984 1340 1046 quo
1359 965 1398 1027 de

78 1059 145 1120 eins
167 1056 308 1119 moribus
333 1065 364 1115 et
389 1054 559 1135 proposito
588 1054 758 1116 voluntatis
785 1050 899 1139 aliquid
926 1057 1101 1132 audissent,
1124 1061 1180 1120 sed
1202 1060 1291 1141 qnod
1312 1057 1398 1120 laeta

78 1150 237 1214 mentione
267 1150 308 1211 P.
340 1145 508 1219 Autronii,
541 1167 633 1232 quem
663 1157 845 1211 consortem
878 1148 976 1212 luisse
1004 1151 1224 1232 praecedentis
1254 1150 1335 1214 illius
1358 1153 1397 1214 de

77 1244 194 1308 ambitu
210 1241 421 1305 damnationis
438 1240 618 1313 audierant,
637 1241 865 1302 existimassent
881 1243 997 1326 aliquid
1013 1243 1105 1307 etiam
1123 1247 1161 1306 de
1177 1244 1396 1309 coniuratione
1408 1259 1443 1308 to

77 1341 305 1423 quaerendum.
361 1335 484 1399 Deinde
513 1333 676 1396 vincenter
709 1333 825 1395 subicit
853 1357 1040 1418 responsum
1064 1335 1168 1401 Cassii
1196 1339 1274 1400 illud
1302 1360 1397 1401 sinum

78 1429 318 1514 respondentis,
342 1429 419 1490 nihil
442 1450 477 1490 se
498 1430 537 1489 de
560 1427 601 1490 Ρ.
624 1427 710 1506 Sylla
730 1429 812 1490 scire
834 1450 895 1510 pro
921 1443 1024 1494 certo.
1069 1432 1255 1514 Ibidemque
1271 1431 1395 1507 statim,

75 1525 160 1609 qnod
183 1547 242 1589 nos
267 1546 284 1586 a
309 1523 376 1606 pari
403 1521 550 1594 dicimus,
575 1519 790 1584 defensionem
817 1523 1058 1604 complectitur,
1083 1524 1189 1587 dicens
1212 1522 1394 1588 huiusmodi

75 1641 264 1702 responsum
288 1616 412 1682 Cassii⁶
433 1635 494 1698 pro
518 1634 557 1676 eo
579 1614 754 1676 habendum
778 1627 872 1702 atqne
894 1618 920 1679 si
943 1630 1091 1702 negasset
1113 1621 1154 1682 P.
1178 1619 1297 1700 Syllam
1326 1639 1397 1680 see·

76 1715 150 1777 leris
173 1713 263 1775 linitis
286 1733 355 1775 esse
377 1708 585 1792 participetur
610 1709 758 1793 quioniam
774 1709 819 1785 is,
844 1709 899 1793 qtri
914 1712 953 1774 de
968 1712 1115 1775 omnibns
1137 1710 1394 1776 instructissimus
1410 1730 1440 1778 ts

76 1807 191 1884 inierit,
216 1809 255 1868 de
277 1808 340 1869 hoc
361 1805 433 1868 ideo
456 1802 532 1865 nibil
554 1801 757 1884 scripserit⁷,
782 1805 869 1885 qnod
891 1803 978 1885 Sylla
999 1805 1153 1869 innocens
1175 1817 1271 1869 esset.

153 1927 190 2005 2.
235 1930 278 2007 Si
303 1929 561 2028 respondisset
586 1927 683 2000 idem
709 1930 849 2002 sentire
876 1939 915 2003 et
941 1953 1066 2003 seeum
1092 1929 1217 2004 faeere
1245 1928 1398 2028 Syllam.

163 2051 217 2112 Ad
255 2048 391 2112 sormam
424 2044 641 2111 concessivam
672 2065 831 2109 revocans
861 2049 1186 2132 argumentationem,
1222 2049 1315 2111 etiam
1348 2050 1400 2115 si⁸

77 2144 304 2228 quaerentibus
325 2141 428 2205 Gallis
443 2140 660 2223 respondisset
680 2139 723 2200 L.
737 2136 868 2203 Cassius
884 2143 925 2204 Ρ.
941 2143 1059 2222 Syllam
1075 2142 1168 2205 hnins
1182 2141 1271 2205 initi⁹
1285 2151 1398 2206 eontra

77 2259 144 2299 rem
171 2258 205 2318 p.
239 2235 367 2298 sceleris
400 2255 470 2297 esse
499 2230 706 2317 participem,
742 2233 848 2296 valere
880 2255 944 2297 uon
975 2235 1120 2298 debuisse
1152 2256 1215 2317 pro
1249 2235 1442 2309 erimine;to

78 2332 201 2404 nnod¹⁰
223 2329 317 2392 laeile
342 2331 527 2392 crederetur
550 2327 654 2403 ilium,
690 2347 755 2410 qno
784 2348 872 2410 spem
904 2328 1123 2392 robustiorem
1156 2327 1258 2392 Gallis
1287 2330 1397 2404 daret,
1479 2336 1484 2341 '

78 2429 117 2486 de
144 2423 341 2487 nobilissimo
372 2423 444 2486 viro
475 2443 538 2486 non
569 2423 714 2485 debuisse
742 2420 878 2484 mentiri.
923 2421 1014 2503 Quae
1038 2422 1245 2487 concessio¹¹
1269 2421 1398 2484 multum

77 2518 226 2600 proiieiet
253 2519 292 2579 ad
317 2517 418 2591 illud,
442 2517 528 2599 qnod
554 2527 729 2600 negaverat
752 2514 882 2580 Cassius
905 2536 940 2578 se
965 2516 1180 2598 comperisse,
1204 2515 1282 2600 qnid
1305 2513 1400 2578 animi

78 2611 165 2691 Sylla
178 2612 327 2686 liaberet,
343 2622 376 2672 nt
391 2610 452 2672 tale
466 2631 568 2694 genna
581 2609 801 2694 responsionis
814 2609 958 2672 absolute
970 2611 1159 2694 purgaverit
1173 2608 1398 2673 innocentiam.

154 2727 191 2808 3.
218 2734 301 2808 Nisi
328 2734 425 2808 forte
451 2737 533 2808 veri
559 2735 678 2809 simile
704 2745 763 2809 est
780 2734 825 2808 P.
845 2732 971 2830 Syllae
996 2758 1131 2808 nomen
1156 2735 1196 2807 iu
1222 2735 1442 2807 memoriane

79 2845 212 2932 Cassio
239 2871 313 2920 nou
341 2847 469 2920 luisse.

163 2963 245 3027 Veri
268 2964 377 3027 similia
406 2963 565 3027 contrabit
595 2975 780 3049 argumenta
809 2984 869 3046 per
894 2962 1077 3050 qualitatem
1105 2983 1281 3046 personae,
1306 2984 1400 3047 qttam

80 3057 184 3143 gentis
210 3057 358 3120 nobilitas
379 3057 589 3134 inlustrabat,
612 3070 645 3121 ut
671 3080 705 3120 se
728 3059 823 3122 etiam
846 3079 909 3122 sion
936 3057 1102 3141 quaerenti
1122 3056 1235 3122 Cassio
1260 3055 1402 3140 potnerit

80 3153 253 3251 afferren,
283 3173 342 3215 nee
363 3164 466 3214 tamen
488 3151 606 3236 aliquid
627 3151 681 3215 ille
703 3173 737 3215 se
760 3152 874 3214 dixerit
898 3152 1104 3234 comperisse.

157 3272 194 3351 4.
234 3275 311 3352 Sed
338 3302 406 3378 ego
432 3279 471 3350 in
498 3278 778 3376 quaestionibus
805 3286 843 3349 et
867 3272 1055 3350 indiciis¹³
1093 3300 1169 3351 non
1196 3276 1267 3352 boe
1293 3301 1444 3376 qnae-ae

79 3390 235 3463 rendum
262 3391 450 3485 arbitror,
477 3414 561 3462 unm
588 3398 769 3491 purgetur
796 3388 932 3487 aliqui,
959 3388 1137 3462 aeduum
1165 3399 1354 3490 arguatur.

165 3509 209 3571 Et
223 3529 376 3592 perquam
392 3507 531 3570 exercita
538 3509 565 3549 ¹⁴
579 3506 792 3590 respondendi
806 3505 956 3570 laeriltate
970 3506 1186 3589 propositioni
1206 3505 1401 3570 accusatoris

80 3602 244 3676 occiserit,
269 3623 332 3664 non
358 3600 438 3663 illud
463 3604 694 3682 expectandum
715 3601 746 3664 in
769 3599 910 3676 indiciis,
942 3621 980 3662 an
1005 3600 1154 3663 defensus
1178 3598 1219 3662 sit
1251 3599 1400 3684 aliquia,

151 3788 175 3833 t.
196 3788 268 3832 ltecta
286 3789 310 3830 in
328 3789 409 3832 redire
428 3789 523 3832 additur
542 3789 688 3843 praepositio
706 3787 754 3842 ob,
774 3801 833 3846 qnae
851 3788 918 3832 deest
935 3789 959 3831 in
977 3788 1129 3832 editionibus.
1167 3784 1193 3832 2.
1213 3787 1319 3842 Spatium
1333 3788 1403 3833 nnius

222 3859 303 3901 brevis
326 3857 445 3902 vocabuli.
484 3854 508 3903 3.
534 3856 585 3902 Nisi
607 3860 683 3902 mavia
702 3860 782 3916 legere
799 3858 971 3916 propositione
990 3869 1091 3910 sensio,
1119 3860 1160 3900 aot
1181 3861 1264 3912 potare
1287 3858 1404 3902 emissent

220 3930 322 3971 atterum
345 3941 394 3981 ns,
423 3929 456 3971 ita
479 3933 503 3972 nt
523 3933 588 3973 esset
607 3928 780 3985 propositione
804 3941 835 3973 ns
859 3928 953 3971 sensio.
996 3926 1035 3971 ct.
1065 3925 1210 3971 Niebebrina
1236 3927 1403 3981 suspirabatur

218 3998 386 4055 corrigendum
406 4011 459 4042 esse
474 3998 647 4055 propositione
664 3997 761 4042 sensisse
774 3997 801 4040 in
813 3999 969 4040 eontrarium
981 4009 1098 4056 vergens.
1136 3994 1161 4043 1.
1181 3996 1289 4051 Spatium
1301 3996 1403 4040 deornm

221 4069 307 4111 vocab.
344 4065 368 4112 ⁵.
389 4067 449 4112 Cod.
469 4074 492 4112 st
508 4066 651 4112 ostendens.
689 4064 714 4111 6.
734 4067 816 4112 Codex
834 4079 945 4111 susanne.
990 4062 1014 4111 1.
1035 4066 1069 4109 lta
1096 4066 1157 4110 Cod.
1183 4067 1332 4122 scripserit,
1360 4067 1404 4111 aed

220 4150 249 4180 er
271 4137 466 4193 praecedentibus
487 4138 580 4182 sidetes
598 4137 767 4195 corrigendum
785 4137 883 4180 scierit.
921 4134 946 4183 8.
972 4135 1053 4180 Codes
1074 4136 1160 4180 etiosa.
1199 4133 1224 4180 ⁹.
1243 4134 1304 4182 Cod.
1324 4135 1403 4188 initii.

219 4208 311 4251 Coeles·
335 4221 379 4262 pro
406 4208 504 4252 Plancio
526 4207 572 4251 lx.
595 4206 618 4251 1.
658 4207 699 4250 iil.
719 4205 764 4250 Ed.
784 4205 850 4254 Med.
877 4204 985 4265 parendo.
1024 4205 1066 4249 11.
1093 4205 1118 4250 ln
1143 4205 1224 4249 codiee
1246 4206 1282 4250 vel
1302 4208 1405 4257 apetinsn

219 4276 289 4320 nnius
307 4275 415 4321 roesbeti
433 4280 469 4321 ast
480 4279 517 4321 vel
530 4277 677 4322 obliteratio.
715 4277 827 4333 supplevi
845 4276 975 4319 consessio
990 4288 1019 4319 aa
1037 4275 1245 4330 praecedentibus.
1283 4271 1324 4322 12.
1342 4276 1404 4317 Cor·

220 4349 277 4404 eigit
295 4343 386 4408 offerre
414 4344 445 4390 N.
484 4343 525 4391 13.
545 4344 707 4391 sterneretis
725 4346 763 4390 bie
782 4351 805 4390 et
824 4345 903 4398 isira,
922 4359 970 4389 non
989 4357 1046 4387 vero
1064 4343 1182 4397 indiciis,
1202 4357 1273 4402 qnam
1297 4350 1404 4387 nostram

218 4417 343 4460 lectionem
354 4418 394 4460 aiii
406 4417 477 4460 etism
495 4419 565 4462 codd.
579 4414 730 4460 confirmant.
770 4413 811 4460 tt.
831 4416 876 4460 Ed.
891 4416 956 4459 Med.
971 4415 1122 4459 exercitatis.
1160 4414 1201 4459 15.
1215 4415 1276 4459 Cod.
1291 4412 1403 4472 aliquid,

221 4488 263 4530 aad
284 4487 361 4530 delete
386 4486 417 4529 ab
442 4485 494 4542 ipae
517 4498 662 4531 susannense
688 4487 758 4530 litera
775 4483 801 4531 d.
849 4487 928 4545 Quare
947 4489 1055 4530 remanet
1072 4485 1153 4544 aliqui
1177 4498 1221 4540 pro
1238 4484 1349 4543 aliquis,
1380 4488 1405 4528 nt

218 4557 297 4611 psello
317 4560 381 4604 ante.

176 4677 205 4732 lt.
227 4674 299 4729 Nota
320 4692 421 4730 nornen
441 4680 533 4728 sensio
552 4679 777 4749 presentatio,
798 4689 829 4729 nt
849 4677 878 4728 ln
899 4670 998 4726 isidori
1019 4672 1164 4746 glossario.

158 4757 203 4808 st.
225 4750 297 4805 Nota
318 4750 476 4807 adverbium
494 4757 649 4807 vincenter.
