3210 5280
295 167 345 232 tn
368 165 512 274 nnat.
535 166 584 232 tn
609 164 828 235 CLODIUM
851 168 914 232 ET
937 164 1204 233 conionum.
1343 165 1404 230 nai

85 309 166 370 est¹.
221 307 270 370 Ea
298 327 360 389 pro
389 306 571 372 testimonio
599 307 680 372 dixit
706 329 767 372 auo
795 307 881 371 iussu
912 328 983 371 etun
1005 327 1075 370 esse
1097 304 1271 370 dimissum.
1315 304 1405 370 Idem

84 400 163 463 dixit
185 401 266 464 Iulia
290 422 387 466 soror
409 399 569 466 Caesaris.
614 404 783 466 Ettatuen
804 401 980 482 posthaec
1002 399 1167 466 absolutus
1190 410 1251 463 est.

161 520 198 599 [l.
227 524 324 622 Sed,
343 526 480 623 eredo,
499 537 697 626 postquam
716 526 905 624 speculum
923 526 992 599 tihi
1009 525 1169 598 adlatum
1188 535 1270 624 est,
1296 525 1406 626 longa

66 638 121 722 ,te
147 654 169 701 a
195 629 362 727 pulchris
389 630 521 704 abesse
548 630 716 705 sensisti.

170 742 388 810 Fastivissime
410 747 501 809 simul
517 748 760 813 et.nobilitatem
777 743 903 831 generis
918 744 1097 809 infamatam
1127 757 1160 809 et
1186 767 1293 810 mores
1314 743 1432 811 lami-⁵

86 861 164 904 neos
197 839 231 902 in
263 838 384 920 speculi
410 841 678 922 contemplatione
709 839 846 914 detexit,
885 859 950 924 quo
971 837 1073 903 ferme
1107 843 1146 903 ad
1180 842 1407 922 explorandam

87 935 203 996 curae²
226 954 301 995 suae
324 931 518 1016 diligentiam
536 933 683 998 mulieres
706 935 751 998 ttti
776 934 894 998 solent.
939 935 1033 1019 Ergo
1057 945 1089 997 ct
1109 931 1305 997 inliberalem
1324 933 1409 1017 figu-

86 1049 153 1091 ram
183 1030 308 1109 probro
340 1028 424 1091 dedit
457 1028 668 1099 etmalorum
693 1049 825 1092 suorum
853 1027 1092 1096 dissimillimum
1122 1036 1317 1090 contestatus
1346 1036 1409 1115 est.

87 1124 171 1185 Nam
193 1118 254 1183 luit
276 1122 338 1184 hoe
362 1119 514 1185 Claudiae
536 1120 676 1187 familiae
698 1143 878 1207 cognomen
902 1123 1040 1186 illustre.
1085 1121 1215 1202 Quippe
1238 1119 1410 1205 antiquitus

87 1216 130 1279 P.
154 1212 307 1279 Claudius
324 1213 422 1295 Appii
439 1212 534 1277 Caeci
557 1213 641 1276 iilius
665 1215 784 1296 primus
800 1238 839 1280 ex
855 1217 919 1281 isto
936 1236 1054 1299 genere
1071 1215 1211 1281 Pulcher
1233 1213 1410 1296 appellatus
1422 1219 1452 1270 to

85 1319 148 1372 est.
202 1306 286 1370 Hie³
318 1307 430 1370 consul
467 1318 542 1388 aput
564 1305 768 1390 Drepanam⁴
801 1313 954 1374 adversus
987 1308 1126 1390 auspicia
1160 1306 1278 1374 Poenis
1308 1307 1410 1370 classe

86 1401 243 1465 conflixit.
287 1402 336 1464 Ea
352 1422 456 1484 pugna
474 1401 694 1465 Romanorum
718 1423 814 1466 naves
837 1403 1000 1485 perierunt
1016 1399 1129 1476 CXX,
1173 1402 1226 1467 Ob
1247 1400 1412 1465 idlaetnm

88 1496 155 1559 dies
171 1495 205 1558 ei
228 1495 309 1558 dicta
332 1494 558 1576 perduellionis
579 1515 597 1556 a
621 1492 751 1558 ΡιιΙΙίο6
773 1506 805 1558 et
828 1495 994 1560 Fundanio
1009 1507 1052 1559 tr.
1068 1495 1116 1580 pl.
1162 1496 1266 1575 Quum
1281 1491 1412 1559 comitia

89 1589 155 1653 eins
177 1588 224 1652 rei
253 1589 365 1651 fierent
388 1599 420 1651 et
442 1587 602 1651 centuriae
624 1586 924 1665 introducerentur,
948 1600 1118 1670 tempestas
1144 1589 1269 1651 turbida
1297 1596 1411 1651 coorta
1519 1613 1529 1636 -’

88 1694 149 1748 est.
194 1682 317 1746 Vitium
341 1679 532 1745 intercessit.
577 1682 696 1746 Postea
719 1695 763 1747 tr.
789 1684 838 1764 pl.
864 1681 1131 1756 intercesserunt,
1163 1701 1201 1744 ne
1224 1679 1329 1745 idem⁶
1349 1680 1453 1744 ito-tt
1487 1716 1496 1738 ι

89 1775 188 1838 mines
203 1776 235 1839 in
257 1779 369 1840 eodem
392 1774 578 1860 magistratu
593 1776 821 1856 perduellionis
837 1775 886 1839 his
901 1777 1031 1838 eundern
1055 1786 1256 1852 accusarent.
1298 1774 1412 1858 Itaque

89 1867 215 1932 actione
245 1879 379 1944 mtttata,
413 1867 523 1931 iisdem
559 1872 799 1948 accersentibus,
839 1869 938 1933 multa
967 1868 1138 1954 inrogata,
1172 1867 1313 1952 populus
1340 1888 1415 1954 eum·

88 1964 249 2028 damnavit
270 1965 352 2029 aeris
374 1963 484 2048 gravis
507 1962 620 2029 CXX.
644 1961 797 2025 millibus.

164 2088 230 2166 vl.
259 2083 294 2162 l.
322 2089 374 2163 At
398 2086 521 2175 sum⁷‚
548 2089 689 2187 inquit,
717 2085 922 2160 absolutus.
975 2086 1084 2161 Novo
1112 2087 1258 2187 quidem
1286 2086 1411 2161 hercle

90 2216 213 2287 more,
241 2195 300 2265 eui
327 2194 391 2264 uni
417 2190 591 2265 absoluto
617 2192 703 2263 lites
729 2191 945 2264 aestimatae
971 2201 1070 2264 suut.
1159 2264 1165 2279 Ι
1421 2209 1454 2261 ao

174 2309 359 2374 Victoriam
379 2329 508 2393 quoque
533 2307 660 2371 ἰιιιΙιοίἰ8
689 2318 800 2371 orator
821 2306 983 2370 convertit
1008 2307 1040 2370 in
1064 2287 1216 2383 dedecus,
1251 2308 1412 2392 inopinata

160 2453 184 2500 1.
204 2453 264 2499 Coti.
284 2453 311 2497 s'ta
331 2451 426 2497 iudicio
443 2455 479 2496 t'tu
495 2456 542 2496 esi.
579 2451 695 2495 Fortasse
714 2452 788 2509 igitur
807 2449 973 2496 scribendam.
992 2449 1098 2495 Aurait'u
1115 2448 1235 2495 Caesaris
1247 2458 1328 2496 mutar
1338 2447 1412 2496 testis

226 2524 253 2567 itt
270 2520 381 2566 iudicio:
405 2523 441 2566 ita
458 2525 510 2575 est,
529 2535 560 2564 su
574 2533 623 2580 pro
640 2520 782 2566 testimonio
799 2517 881 2574 dixit,
901 2532 948 2565 sttc
965 2524 1012 2565 eet.
1049 2519 1102 2580 Ego
1123 2522 1181 2566 olitn
1199 2522 1286 2577 scripsi
1310 2521 1412 2574 aarum

228 2593 328 2637 Beiertts
351 2592 440 2636 cs'tutu.
475 2586 542 2650 (lloc
566 2591 635 2635 unite
658 2594 760 2635 reetttn.
790 2586 852 2646 Οι.)
888 2586 913 2634 2.
933 2603 1010 2634 carue
1032 2592 1050 2635 i.
1076 2605 1099 2637 e.
1126 2595 1268 2647 apparatas,
1300 2596 1409 2644 ornatus.

229 2663 329 2707 Balarus
341 2658 563 2722 relabatfigurae,
576 2660 640 2718 qnod
652 2660 730 2703 tntae·
742 2661 853 2718 coagruit
865 2673 918 2703 eum
935 2672 959 2703 t.
978 2657 1147 2720 diligentium.
1168 2660 1216 2706 Οι.
1253 2656 1278 2705 3.
1298 2661 1359 2705 Cod.
1372 2657 1409 2704 hi.

228 2730 252 2776 l.
273 2732 307 2775 lta
328 2733 403 2776 codex
426 2727 592 2786 Drepanum,
621 2733 645 2774 et
668 2728 769 2773 lniarltts
785 2726 909 2790 conserit,
938 2731 1000 2786 quad
1021 2731 1145 2776 euteedati
1163 2728 1290 2793 conflixit.
1329 2726 1354 2774 5.
1375 2729 1410 2776 lia

226 2802 288 2845 Coti.
307 2815 323 2844 u
341 2800 431 2845 Petite.
466 2800 513 2844 Sed
531 2798 643 2844 Tullium
664 2812 694 2843 eo
715 2811 777 2842 anno
802 2811 873 2842 naum
895 2813 908 2843 e
936 2799 1039 2844 tribunis
1063 2800 1154 2855 praiert
1176 2800 1286 2858 Pighius.
1321 2798 1411 2845 latriae

227 2871 314 2916 Pullus
332 2875 385 2915 arat
402 2871 484 2915 eodem
503 2883 565 2913 anno
582 2870 675 2927 collega
694 2866 787 2912 Claudii
806 2868 830 2912 in
849 2869 983 2913 consulatu.
1021 2866 1045 2913 b.
1067 2869 1128 2914 Cod.
1143 2868 1253 2916 irridear
1267 2867 1410 2925 proiidsm,

228 2943 298 2985 solita
317 2943 395 2993 crasi,
416 2940 533 2984 iotacismt
551 2939 641 2984 vitandi
658 2950 739 2982 causa.
777 2932 803 2982 i.
822 2935 882 2982 Cod.
903 2951 969 2983 eum.
1006 2939 1053 2984 Sed
1072 2942 1197 2985 emendant
1213 2952 1269 2984 suste
1287 2937 1319 2988 tt.
1338 2943 1363 2984 et
1379 2937 1409 2984 tt.

229 3009 254 3055 8.
274 3011 336 3054 Cod.
355 3008 457 3054 iudicii.

179 3071 206 3128 lt.
228 3075 333 3128 Nonius
354 3090 414 3126 vec.
433 3073 549 3142 longum
568 3087 596 3125 et
616 3087 677 3125 eae.
695 3069 834 3141 spectabam
854 3068 948 3125 laudat
962 3076 1029 3126 item
1043 3071 1117 3126 hane
1130 3070 1224 3126 locum
1238 3089 1272 3125 ex
1284 3074 1411 3126 oratione

89 3152 119 3200 in
140 3147 268 3201 Clodium
290 3165 316 3203 et
337 3149 496 3202 Curionem.

183 3228 210 3280 8.
233 3223 375 3277 inliberali
403 3223 486 3296 figura
518 3218 674 3293 praeditam
700 3217 950 3275 Clodlnm'diserte
970 3226 1047 3276 siant
1068 3221 1132 3274 heic
1151 3221 1250 3276 Cicera
1269 3236 1297 3274 et
1316 3236 1412 3274 noster

89 3296 241 3370 interpres,
262 3305 308 3369 qut
329 3299 400 3352 idem
422 3302 522 3370 repetit
542 3295 576 3348 ad
596 3312 666 3351 erat.
685 3293 718 3349 de
739 3310 800 3348 aare
820 3295 911 3350 alieno
931 3298 1048 3351 Milonis
1070 3298 1107 3350 ll.
1120 3300 1147 3354 6.
1187 3298 1283 3370 ltaque
1297 3293 1412 3350 Clodiae
1438 3325 1441 3330 ·

88 3378 196 3426 ironice
216 3372 318 3428 dicitnr
335 3371 488 3444 pteiehaibes
504 3390 575 3442 puer
594 3371 685 3445 Epist.
712 3370 784 3426 xvi.
805 3369 870 3424 libri
897 3373 920 3426 i.
949 3372 984 3425 ad
1010 3375 1095 3427 Attia.
1127 3371 1242 3439 (Canier
1268 3376 1352 3425 etiarn
1377 3370 1412 3425 de

89 3453 169 3502 Orat.
192 3451 227 3504 ti.
246 3450 308 3525 65.)
329 3449 444 3503 Fallitur
463 3466 528 3519 ergo
549 3446 583 3499 ad
603 3465 665 3500 eum
686 3444 820 3521 epistulae
841 3447 933 3501 locum
955 3448 1053 3502 Patilus
1074 3448 1237 3513 Manutius,
1263 3452 1310 3520 qni
1331 3444 1412 3500 tide-

89 3540 134 3578 tur
155 3525 265 3577 eredere
287 3525 415 3578 Clodium
436 3519 520 3576 inisse
540 3519 709 3587 formosum,
742 3539 775 3576 ex
800 3538 833 3575 ea
853 3522 927 3594 quad
947 3523 1111 3578 Plutarchus
1131 3527 1160 3576 tn
1180 3524 1296 3577 Caesare
1316 3538 1343 3576 et
1364 3523 1414 3576 ct-

88 3617 189 3652 cerone
209 3600 328 3665 scribat,
356 3616 386 3653 ut
413 3603 472 3671 ipse
498 3603 554 3662 alt,
575 3595 661 3666 facie
677 3593 788 3669 puellae
807 3599 925 3652 similem
936 3600 1044 3669 jecisse.
1084 3599 1187 3651 Verum
1206 3602 1229 3654 tl
1250 3599 1412 3671 diligentins

86 3673 142 3727 loci
164 3676 310 3729 Plutarchi
330 3675 473 3748 legantur,
501 3672 623 3747 patebit.
651 3678 679 3726 iu
701 3670 835 3728 Cicerone
855 3673 911 3726 dici
932 3673 1061 3727 Clodium
1083 3689 1188 3728 tantntn
1208 3675 1355 3725 imberbem
1375 3672 1412 3725 ob

87 3747 321 3809 adulescentiam
353 3755 382 3804 itt
402 3750 519 3803 Caesare
540 3762 631 3800 autem
652 3749 815 3819 imberbem,
843 3757 872 3802 et
890 3751 967 3801 cteitts
985 3759 1097 3820 surrupta
1113 3750 1254 3820 psaiiriae
1274 3749 1314 3801 ad
1331 3747 1412 3800 Pom-

82 3830 178 3894 peiam
206 3833 356 3878 necessisse
385 3824 527 3887 Ctotinem,
552 3820 724 3894 referentem
742 3831 832 3894 specie
850 3825 1041 3889 t'tsvetteulam,
1069 3830 1133 3896 quia
1160 3823 1281 3878 nondum
1301 3826 1412 3880 seilicet

87 3915 147 3953 erat
166 3899 315 3966 barbatus,
336 3916 363 3953 et
384 3916 457 3952 veste
477 3917 506 3952 se
526 3913 672 3951 exornarat
693 3899 830 3953 muliebri.

164 3980 208 4034 ¹2.
228 3976 297 4029 Vide
317 3975 462 4048 Polybium
484 3973 516 4026 ad
537 3990 637 4026 annum
658 3974 734 4027 xvt.
755 3980 838 4047 primi
859 3973 926 4025 belli
947 3975 1045 4028 Punici
1066 3971 1129 4045 (lib.
1148 3973 1170 4026 1.
1191 3969 1343 4047 51-52.),
1364 3975 1411 4042 qul

87 4065 181 4103 tameo
203 4055 241 4104 ait
270 4056 384 4123 periisse
406 4068 486 4104 naves
507 4053 694 4103 Romanorum
715 4065 824 4104 tantum
845 4050 952 4103 xciii.
973 4048 1095 4102 Classem
1116 4048 1225 4102 Claudii
1253 4053 1412 4102 constitisse

86 4126 202 4178 natibus
229 4128 318 4182 CXX.
345 4125 467 4178 adfirmat
497 4125 613 4180 Orosius
642 4124 687 4177 Ν.
709 4129 752 4181 10·
788 4124 873 4180 Aliter
895 4127 1043 4196 Eutropius
1064 4124 1142 4177 lires.
1164 4125 1217 4188 ll..
1251 4129 1297 4194 qul
1317 4138 1412 4176 narrat

87 4200 237 4256 Claudium
257 4220 289 4254 ex
315 4200 443 4254 ducentis
469 4218 495 4253 et
523 4203 620 4272 viginti
648 4199 762 4255 nasibus
786 4216 850 4255 eum
877 4204 992 4273 triginta
1019 4197 1138 4272 fugisse,
1169 4203 1319 4272 nonaginta
1347 4214 1412 4252 cnm

88 4277 288 4349 pugnatoribus
309 4292 418 4348 captas,
444 4275 582 4347 demersas
603 4290 720 4329 ceteras.

164 4354 209 4408 15.
231 4350 298 4403 Vide
319 4352 458 4404 Valetium
480 4352 553 4403 Max.
576 4349 654 4401 viti.
678 4353 697 4404 l.
718 4355 744 4408 it.
765 4367 822 4404 tutn
843 4350 1007 4402 Ciceronem
1024 4353 1056 4402 de
1071 4349 1157 4404 disin.
1172 4350 1194 4403 l.
1213 4351 1257 4405 16.
1274 4349 1308 4400 ll.
1324 4353 1350 4406 6.
1364 4352 1412 4409 53.

165 4425 234 4478 ibid.
259 4427 329 4478 Hinc
349 4427 396 4479 illa
416 4425 534 4479 formula
556 4424 626 4498 apud
650 4427 763 4479 Latinos
782 4444 898 4478 servare
919 4424 952 4476 de
972 4427 1058 4481 eaelo.
1099 4425 1145 4478 Sic
1172 4426 1270 4476 Cicero
1291 4424 1412 4494 Philipp.

88 4502 121 4554 V.
145 4507 161 4557 3
182 4521 187 4552 τ
208 4520 288 4570 petum
309 4503 397 4568 legem
417 4521 446 4553 sc
467 4520 560 4567 creater
580 4502 798 4554 nestorianitas
817 4503 928 4559 ittiissr,
948 4518 1003 4551 uon
1024 4503 1105 4554 morlo
1125 4501 1343 4557 incautelam.
1364 4499 1414 4552 sed

84 4594 172 4645 prope
192 4580 306 4628 cetelcsti
325 4581 446 4629 ciatttore
463 4578 616 4647 prolibant.
633 4616 641 4646 ‚
661 4575 731 4629 lianc
751 4576 890 4628 dubitabis
908 4586 1008 4627 cottira
1020 4583 1146 4646 arrepta-ia
1160 4579 1246 4628 initam
1261 4573 1413 4646 confiteri?

168 4659 210 4706 21.
233 4656 373 4706 i'onsonat
403 4654 508 4707 Seneca
538 4654 626 4725 Epist.
663 4652 790 4707 nevit:
823 4652 936 4705 Clodius
962 4651 1168 4706 sturnitationem
1186 4641 1265 4722 peius
1295 4645 1413 4726 'ffi‘tius

87 4747 169 4797 qurum
191 4734 299 4779 trterttt'l.
776 4754 780 4763 ·

131 4829 256 4871 Sebultastes
272 4846 294 4872 stt
311 4828 354 4871 cte.
371 4831 416 4870 vet.
433 4832 457 4871 V.
474 4834 492 4874 Ι.
1120 4802 1161 4869 22
