3210 5280
465 185 511 248 tu
537 184 644 249 nc'r.
668 184 698 279 t.
724 184 772 247 ru
795 182 837 249 c.
861 186 1073 250 venenu.
1368 186 1428 247 13⁵

116 322 309 387 obveniebat
334 321 501 405 saniorique
532 322 685 404 praetori.
729 324 794 387 Hic
815 344 896 408 ergo
918 325 975 388 M.»
998 324 1150 387 Metellus
1173 323 1289 387 amicus
1310 323 1427 387 Verris

117 439 319 480 sstccessurns
343 416 509 481 Glabrioni
531 417 646 480 luerat.

199 513 245 589 (ς.
270 509 337 589 tt.)
360 511 474 572 Fiscos
495 507 699 590 complures]
724 507 880 589 Spartae,
898 506 1077 589 sportulae,
1100 507 1269 588 sportellae
1284 530 1428 572 nummo·

119 624 183 664 rum
199 615 272 665 siunt
295 599 510 682 receptacula,
535 612 565 662 ct
587 603 691 678 sacci,
715 603 852 674 sacculi,
876 600 1018 674 saccelli,
1043 612 1074 663 et
1097 623 1283 681 crumenae,
1308 614 1339 665 et
1363 603 1427 664 vel·

120 696 219 759 lereae
235 708 267 758 et
281 707 444 766 scorteae,
467 705 497 758 et
515 692 662 756 manticae
676 707 707 756 et
726 697 893 775 marsupia.
937 694 987 755 Ita
1002 693 1086 778 fisci,
1104 693 1251 769 fiscinae,
1275 694 1453 766 fiscellae,⁵

118 801 240 868 spartea
270 799 343 851 siunt
369 786 509 850 utensilia
541 788 580 847 ad
608 785 734 851 maioris
756 808 892 849 summae
913 785 1059 868 pecunias
1081 785 1260 865 capiendas.
1316 790 1425 861 Unde,

121 880 189 962 quia
212 881 313 945 nsaior
336 900 452 942 summa
476 890 522 940 est
544 880 695 956 pecuniae
718 879 860 960 publicae
883 900 974 962 quam
997 876 1159 958 privatae,
1194 892 1226 941 ut
1243 900 1309 959 ¹pro
1331 901 1428 941 censu

119 972 263 1054 privato,
301 974 456 1036 aerarium
489 971 601 1033 dicitur
630 993 689 1052 pro
720 972 831 1036 loculis
855 983 886 1035 et
907 990 980 1032 arca
1010 968 1167 1044 thesauri,
1202 990 1263 1051 pro
1286 971 1424 1034 saccello

121 1066 224 1128 liscus.
271 1068 361 1130 Uada
384 1065 476 1127 liscus
498 1064 628 1144 pccsmia
652 1065 773 1146 plublice
797 1079 827 1127 et
849 1064 1024 1127 confiscare
1045 1059 1107 1123 dici
1128 1062 1223 1125 solet.

201 1158 395 1242 Aquarium
411 1165 568 1219 senatore
588 1156 636 1217 ad
652 1162 799 1241 equitem
821 1153 1017 1236 Romanum]
1064 1154 1138 1218 Hoc
1157 1155 1298 1220 homiues
1319 1157 1426 1239 inepte
1440 1165 1470 1212 ¹⁰

120 1261 292 1334 quaerunt,
317 1247 407 1331 quasi
429 1262 551 1308 certum
574 1248 631 1318 sit,
656 1251 742 1329 quod
763 1248 895 1321 dicitur,
920 1258 951 1309 et
973 1260 1036 1308 non
1058 1250 1096 1310 de
1119 1248 1268 1311 industria
1291 1251 1428 1334 fingatur

122 1363 138 1413 a
162 1341 267 1403 'l'ullio
289 1343 328 1401 ad
349 1339 494 1402 iuvidiam
519 1341 774 1403 adversariorum
804 1352 835 1403 et
865 1341 911 1404 sui
941 1340 1171 1416 defensionem,
1206 1342 1277 1424 quia
1300 1343 1427 1423 cogitur

119 1455 206 1497 nora
223 1436 314 1496 modo
330 1454 452 1495 caussam
468 1452 563 1515 agere
575 1433 661 1494 horis
678 1434 897 1507 brevioribus,
919 1454 1010 1516 quiam
1027 1455 1095 1496 mos
1110 1445 1157 1496 est
1171 1436 1421 1499 accitsataribus.

121 1527 233 1609 ltaque
256 1525 452 1606 suspicantur
474 1537 648 1587 senatorem
672 1525 725 1587 alii
749 1526 917 1602 Crassum,
953 1526 1003 1588 alii
1028 1528 1256 1602 Hortensium
1290 1529 1425 1613 equitem

120 1619 297 1681 Romanum
319 1617 371 1680 atii
392 1616 545 1679 nerninem
562 1617 748 1699 proferunt,
773 1620 825 1679 alii
841 1619 1017 1682 Publicium
1033 1624 1206 1702 ostendam,
1224 1619 1425 1703 'temporibus
1439 1616 1470 1667 ¹⁵

121 1711 233 1773 illisio
256 1710 415 1774 dividenda
444 1712 575 1791 pecunia
605 1710 727 1791 populo
757 1709 1012 1774 famosissimum.
1064 1716 1214 1778 Pecunia
1240 1715 1426 1778 Siciliensis

120 1815 168 1867 est
191 1824 231 1865 ex
254 1802 354 1866 Sicilia
378 1826 417 1865 ex
440 1801 693 1883 praedationibus
715 1817 818 1885 capta.

217 1914 241 1961 1.
262 1906 433 1973 obveniebat]
457 1907 523 1958 Lod.
542 1907 626 1978 bugd.
649 1909 713 1960 llos.
732 1908 814 1961 Creu.
834 1938 871 1950 -
890 1908 1057 1960 adveniebat
1077 1911 1168 1961 Ptine.
1188 1907 1295 1960 berald.
1316 1904 1377 1962 sid.
1391 1935 1427 1950 -

121 1981 282 2047 obtingebai
301 1984 374 2032 hita.

195 2054 268 2110 lbid.
286 2054 430 2126 Metellus]
451 2054 514 2108 Lod.
534 2070 561 2107 et
580 2071 655 2126 seqq.
675 2085 711 2098 -
728 2054 887 2106 Marcellus
905 2057 1081 2126 antiquiores.
1130 2054 1187 2110 cir.
1202 2053 1235 2106 sd
1250 2074 1276 2127 p.
1291 2059 1354 2114 ¹31.
1367 2055 1385 2106 l
1400 2060 1426 2109 2.

214 2135 240 2187 d·
258 2132 442 2200 nummorum]
462 2134 509 2184 sic
527 2135 636 2201 scripsi.
656 2158 689 2171 -
708 2148 850 2181 mainerum
870 2132 961 2183 Ptine.
983 2161 1013 2172 -
1034 2149 1172 2182 narnmum
1191 2134 1284 2183 ceteri.

133 2267 136 2273 Ι
196 2203 267 2257 lbid.
285 2206 370 2271 sacas]
390 2210 463 2257 sacri
483 2207 573 2258 Priuo.
787 2204 857 2256 lbid.
875 2205 996 2272 saccelli]
1016 2205 1111 2255 sacelli
1131 2206 1221 2257 Priac.

214 2285 240 2338 5.
260 2286 287 2329 et
306 2282 457 2345 vellereae,
475 2286 503 2330 et
522 2282 658 2346 scorteae]
679 2287 730 2330 aut
744 2280 897 2343 vellereae,
917 2288 967 2331 ant
978 2289 1104 2330 scorteae
1125 2277 1296 2332 Robortellus
1310 2278 1426 2332 Annott.

142 2369 156 2405 a
175 2393 181 2406 .
202 2356 247 2412 61.

125 2372 174 2427 Η
193 2426 266 2482 thid.
283 2425 430 2493 vellareae]
448 2426 548 2478 vellere
568 2429 660 2480 Ptine.
680 2455 717 2468 ·-
736 2427 841 2478 veileae
861 2425 922 2481 Ald.
941 2423 1009 2479 bod.
1028 2433 1106 2495 (com
1126 2428 1237 2481 Graevii
1259 2425 1333 2491 MS.)
1372 2428 1426 2480 liic

124 2507 152 2555 ia
170 2504 245 2556 calce
266 2500 455 2572 praelationis:
474 2519 638 2570 „crumenae
657 2509 685 2552 et
703 2502 823 2565 aelieae,
843 2505 946 2571 ovelgas
964 2518 1014 2555 seu
1031 2502 1131 2570 iuga«
1151 2502 1260 2573 quidam
1279 2502 1400 2574 legant.”

130 2636 134 2641 .
195 2575 267 2630 ibid.
280 2573 422 2646 fiscinae,
433 2573 572 2646 fiscellae]
594 2573 697 2648 fistiue
710 2575 838 2649 fisteliae
858 2579 948 2632 Princ-

215 2658 241 2707 7.
260 2658 291 2700 ut
307 2668 362 2719 pra
380 2651 476 2725 censu]
503 2659 534 2702 ut
561 2651 591 2702 P.
616 2651 648 2704 il.
668 2669 750 2702 censu
769 2653 846 2705 Man.
875 2680 911 2693 -
941 2658 970 2703 el
988 2649 1038 2704 Po.
1065 2649 1116 2704 uo.
1133 2667 1231 2703 census
1249 2647 1426 2704 Rabartellus

124 2730 234 2781 bonati.
275 2763 282 2777 ·
302 2723 347 2780 iil.

215 2810 240 2861 fl.
256 2744 385 2871 ¹irieusta]
403 2799 498 2867 papirii
516 2798 632 2850 Romani
651 2798 764 2872 Popms.
1364 2847 1368 2852 .

199 2875 269 2929 ibid.
289 2878 430 2924 aerarium
449 2872 549 2924 dicitur
568 2905 587 2916 -
606 2905 624 2916 -
643 2903 662 2917 ·-
681 2872 736 2926 diii
753 2873 836 2940 salet]
857 2874 903 2925 Sic
922 2876 1014 2929 Princ.
1030 2871 1091 2927 did.
1105 2872 1163 2941 (sed
1175 2871 1261 2925 arclsa
1273 2887 1300 2926 et
1313 2871 1428 2947 sacella)

125 2951 230 3015 berald.
250 2944 376 3021 (sacella)
403 2946 469 3000 Lod.
500 2947 603 3019 (addito
633 2953 676 2999 ita
701 2964 762 3020 past
792 2967 814 3002 ν.
840 2946 976 3022 thesauri)
996 2947 1082 3020 bugd.
1108 2948 1185 3001 Msn.
1213 2977 1252 2990 -
1277 2951 1381 3000 locutios
1399 2957 1428 2999 et

123 3045 216 3078 arcam
236 3034 264 3077 et
282 3014 416 3073 saccellos
431 3021 560 3084 diciamus,
591 3027 631 3073 eie
652 3041 706 3093 pra
729 3022 839 3094 publica
859 3021 990 3073 thesaura
1009 3028 1116 3074 aerarii
1135 3023 1237 3074 dicitur
1250 3021 1344 3094 fiscus
1364 3025 1427 3076 llot.

124 3103 203 3155 Creo.
223 3129 260 3142 -
279 3100 345 3151 Post
365 3097 432 3148 haee
452 3095 531 3149 serbe
552 3095 620 3168 apud
643 3095 710 3149 Lod.
730 3099 856 3168 leguntur
876 3098 956 3150 haec:
978 3098 1046 3150 Cura
1062 3103 1180 3167 periodo
1199 3099 1350 3164 Siciliensi]
1372 3097 1427 3148 Pe-

123 3182 203 3233 csmia
222 3172 375 3227 Siciliensis
393 3179 434 3221 eet
452 3193 469 3221 a
489 3172 601 3223 Siciliae
616 3171 848 3241 praedationibus
871 3181 964 3241 capta.
1008 3175 1076 3224 Vide
1102 3189 1215 3242 sequens
1235 3172 1361 3225 scholion
1381 3191 1429 3224 ex-

124 3267 249 3303 tremum.
270 3274 308 3288 ··-
327 3245 468 3313 „Privato
487 3247 604 3315 locustas]
632 3248 732 3298 Locum
754 3252 793 3298 sic
808 3251 1017 3317 castigavimus,
1037 3262 1065 3298 ut
1079 3263 1105 3299 et
1120 3251 1240 3319 uestigiis
1255 3249 1428 3299 haereremus

124 3331 249 3394 antiquae
269 3321 413 3384 lectionis,
432 3338 459 3372 ee
478 3325 641 3373 sementiam
663 3320 788 3374 idoneam
808 3321 885 3373 locas
899 3321 1020 3374 heberet.
1058 3321 1106 3374 Est
1121 3337 1211 3374 autem
1225 3338 1336 3386 seusus,
1357 3324 1427 3372 Vasa

124 3404 252 3471 maniae
272 3403 391 3468 priuatae
411 3397 492 3446 laciali
511 3394 637 3446 dicuutur
656 3412 683 3449 et
702 3413 796 3447 arcae:
830 3395 952 3465 publicae
980 3413 1043 3447 uero
1063 3394 1142 3468 fisci.
1180 3395 1280 3449 Cicero
1305 3398 1380 3448 verr.
1402 3400 1428 3453 5.

123 3476 279 3544 Quaternos
300 3468 374 3532 HS,
404 3488 472 3540 quas
496 3468 563 3520 milri
587 3479 700 3520 senatus
719 3471 844 3522 decrevit
863 3480 891 3520 et
912 3489 947 3520 es:
967 3475 1080 3524 aeraria
1099 3469 1193 3535 aladii,
1223 3488 1277 3538 ega
1296 3469 1428 3521 liabeoet
1500 3476 1515 3495 ‘³

122 3554 150 3599 in
168 3555 267 3601 cistam
287 3543 461 3609 transferam
480 3563 516 3594 ex
528 3541 614 3615 fisco.
654 3547 733 3598 Vetas
754 3549 839 3597 cocles
858 3549 991 3616 scriptum
1012 3551 1049 3598 isa
1072 3544 1204 3598 babebat:
1224 3554 1256 3595 ue
1272 3563 1327 3615 pra
1344 3563 1426 3596 censu

121 3629 235 3693 privato
254 3626 395 3671 aerarium
415 3618 534 3670 dicitur:
550 3637 603 3688 pra
623 3621 718 3671 aberitis
736 3629 764 3671 et
783 3637 851 3671 area
870 3618 1017 3670 tiresaurns
1037 3624 1119 3688 [eic],
1136 3637 1190 3689 pra
1203 3620 1321 3670 saccello
1327 3616 1437 3690 fiscus&

123 3699 191 3749 unde
210 3695 285 3750 oes.''
315 3693 401 3748 ΗΟΤ.
419 3719 455 3733 -
475 3696 538 3762 „De
560 3697 601 3746 liis
621 3699 699 3744 vasis
716 3699 893 3765 repositoriis
912 3710 953 3748 est
973 3694 1072 3747 Isidori
1094 3696 1159 3748 XX.
1182 3695 1259 3764 0113.
1280 3709 1362 3766 caput
1381 3691 1428 3748 9·''

197 3851 241 3902 11.
261 3843 322 3894 Hac
341 3841 463 3893 homines
480 3846 572 3911 inepte
591 3845 738 3912 queaerunt]
757 3844 848 3896 Priac.
868 3870 902 3885 -··
923 3843 984 3894 Hoc
1002 3840 1125 3892 homines
1143 3846 1234 3913 inepte
1252 3847 1322 3908 (om.
1340 3861 1429 3912 orsae-

123 3930 199 3985 runt)
219 3918 327 3973 Bersld.
352 3915 409 3970 ntd.
432 3915 499 3968 Lod.
524 3945 562 3957 -
586 3918 694 3967 Harum
712 3923 823 3968 nomina
843 3918 967 3969 nonnuslli
983 3925 1106 3986 panteni,
1131 3922 1222 3987 inepti
1247 3916 1332 3988 bugd.
1351 3918 1428 3970 Man.

123 4023 159 4037 -
177 3997 284 4047 Harum
301 3997 414 4044 nomina
434 3990 543 4062 assidam
562 3996 652 4062 inepte
670 4001 807 4062 quaerunt
828 3995 892 4046 ilat.
912 3994 993 4045 Creu.

169 4106 172 4113 ·
197 4069 389 4123 thraecium
408 4065 441 4117 de
460 4064 600 4118 imbutria
613 4065 762 4139 fingatur]
799 4067 883 4140 bugd.
904 4069 968 4121 llos.
987 4066 1064 4119 Man.
1084 4066 1166 4121 Creo.
1185 4094 1222 4108 —
1243 4074 1272 4118 et
1291 4066 1324 4117 de
1343 4065 1428 4117 indn-

122 4150 192 4205 stria
205 4142 357 4215 figuratur
375 4144 551 4211 antiquiores.

198 4225 241 4276 12.
260 4216 339 4287 quita]
362 4214 445 4285 bugd.
468 4217 532 4267 llos.
554 4215 630 4267 Mea.
650 4215 730 4267 Creo.
750 4243 787 4256 -
805 4233 858 4284 quia
877 4219 991 4288 priores.

195 4300 239 4350 15.
258 4307 331 4342 nova
350 4288 442 4356 mado]
471 4289 551 4340 moda
570 4307 642 4340 navo
664 4289 729 4343 Lod.

196 4371 239 4425 15.
258 4370 375 4439 equitem
388 4362 552 4432 Raraunum]
574 4365 646 4415 liaeo
661 4365 730 4416 male
745 4381 794 4435 pro
808 4365 935 4417 lemmate
945 4363 1073 4416 exhibent
1086 4361 1169 4434 lugd.
1181 4363 1245 4416 llos.
1257 4364 1334 4416 Man.
1345 4365 1426 4415 iren.

195 4441 267 4494 ibid.
288 4439 449 4505 Publicium]
471 4436 593 4489 Publium
612 4438 675 4492 ΔΜ.
695 4438 779 4510 bugd.
801 4439 877 4492 Man.

197 4521 241 4574 16.
263 4515 383 4567 Pecunia
404 4543 422 4554 -
441 4543 460 4555 -
479 4518 573 4583 capta]
599 4515 672 4566 llaec
692 4533 748 4567 om.
769 4515 796 4566 b.
818 4513 837 4566 l.
858 4512 923 4567 Lod.
956 4511 1027 4569 Vide
1047 4529 1102 4566 rar.
1123 4514 1185 4566 lect.
1207 4511 1240 4563 sd
1261 4514 1426 4585 praecedens

123 4592 257 4644 scholion.

198 4671 241 4723 17,
260 4683 297 4715 ee
316 4660 411 4716 Sicilia
429 4677 466 4710 ea
481 4660 596 4734 praed]
647 4664 739 4717 Ptine.
761 4660 869 4716 Besald.
896 4662 956 4717 tid.
976 4659 1042 4715 Lod.
1067 4689 1105 4705 -
1129 4680 1166 4712 ea
1196 4661 1307 4713 Siciliae
1328 4662 1427 4732 praeci.

122 4739 205 4813 baad.
226 4739 290 4793 llos.
313 4743 389 4794 lusam
412 4734 492 4789 Creo.
