3210 5280
340 1127 1072 1235 PRAEFATIO.

55 1663 145 1795 Qui
180 1716 301 1789 nuper
336 1690 486 1764 aureolo
512 1689 637 1762 libello
666 1689 709 1761 de
737 1688 781 1787 Q.
808 1689 960 1764 Asconii
986 1691 1140 1764 Pediani
1173 1701 1291 1766 aetate
1318 1717 1361 1766 ac

55 1833 221 1930 reliquiis
249 1832 425 1903 disseruit
450 1838 488 1901 et
512 1829 569 1923 id,
596 1827 695 1926 quod
721 1830 868 1901 maximi
893 1833 1066 1903 momenti
1093 1841 1171 1928 est,
1198 1832 1362 1906 firmissi-

55 1974 120 2044 mis
148 1972 383 2069 argumentis.
398 1970 590 2066 probavit‚
618 1969 663 2040 ab
689 1943 852 2041 Asconio
881 1969 1140 2043 alienissimum
1167 1996 1249 2044 csse
1271 1971 1362 2046 Ver·

55 2114 218 2183 riuarum
258 2110 465 2181 orationum
504 2116 780 2202 enarratorem,
825 2109 888 2181 lo.
935 2108 971 2181 N
981 2111 1037 2182 io'.
1081 2110 1362 2208 Madvigius

56 2246 295 2347 (Disputatio
329 2245 472 2318 critico
503 2246 546 2317 de
580 2243 627 2340 Q.
653 2246 815 2317 Asconii
846 2246 1006 2319 Pediani
1037 2264 1074 2320 et
1099 2249 1270 2320 oliorum
1307 2274 1363 2321 ve·

61 2402 183 2458 terum
219 2383 478 2479 interpretum
523 2383 564 2455 in
608 2381 805 2455 Ciceronis
845 2383 1040 2456 orationes
1074 2384 1363 2458 commentariis

60 2523 234 2594 Haunioe
260 2513 371 2594 1828.
398 2523 457 2594 cui
483 2521 640 2594 accessit
664 2521 751 2593 ibid.
780 2521 907 2594 eodem
935 2546 1051 2594 anno:
1077 2520 1273 2619 Appendis
1289 2522 1365 2593 cri·

61 2661 174 2752 tico):
201 2660 298 2733 idem
323 2661 432 2733 etiam
459 2659 503 2733 de
529 2658 821 2732 Asconianorum
848 2661 954 2758 quasi
979 2659 1134 2734 historia
1152 2668 1190 2733 et
1208 2668 1363 2732 externo

60 2799 185 2873 babitu
211 2801 263 2871 ita
289 2802 382 2897 egit,
421 2808 461 2871 ut
492 2799 530 2870 in
563 2799 820 2871 enumerandis
855 2799 1042 2873 codicibus
1079 2809 1116 2873 et
1141 2799 1364 2872 editionibus

58 2940 174 3037 ipsius
207 2939 334 3010 verbis
370 2961 477 3035 quam
514 2939 604 3010 meis
638 2939 691 3009 uti
724 2940 839 3011 satius
866 2937 1044 3010 duxerim.
1110 2937 1217 3036 Quod
1243 2947 1394 3042 tamen¹

60 3079 113 3149 sic
139 3075 364 3149 intellectum
389 3075 522 3173 nolim,
549 3078 655 3174 quasi
676 3078 715 3149 in
732 3079 901 3150 omnibus
920 3078 1178 3175 disputationis
1196 3077 1364 3174 partibus

62 3240 143 3288 cum
176 3215 360 3315 bladrigio
394 3217 642 3311 consentiam3
688 3216 754 3289 sed
789 3218 853 3290 ubi
897 3216 984 3315 quid
1016 3215 1076 3289 vel
1108 3214 1365 3312 corrigendum

59 3354 118 3427 rel
157 3353 361 3427 addendum
396 3354 611 3450 videbatur,
648 3354 687 3427 id
725 3356 900 3429 subiectis
936 3355 1008 3429 feci
1042 3355 1364 3448 adnotationibus,

62 3517 173 3592 quas,
210 3517 256 3565 ne
290 3517 371 3566 cum
406 3493 536 3567 alienis
575 3492 910 3596 confunderentur,
948 3494 1138 3568 asteriscis
1179 3493 1364 3593 insignivi.

63 3633 188 3706 Verba
212 3633 325 3731 igitur
348 3631 522 3732 Madvigii
546 3630 636 3707 baec
662 3643 766 3707 sunt:

146 3803 279 3869 Asconii
306 3802 406 3887 vulgo
428 3804 467 3866 ad
495 3824 554 3868 uos
581 3803 765 3886 pervenisse
793 3814 943 3888 putantur
968 3805 1184 3870 commentarii
1211 3805 1244 3868 in
1273 3804 1368 3872 Cice·

63 3897 150 3962 tonis
172 3895 425 3973 Divinatiouem,
448 3898 525 3961 Act.
548 3895 579 3960 1.
600 3896 632 3960 iu
654 3898 774 3974 Vern,
799 3900 876 3962 Act.
906 3898 954 3961 11.
980 3898 1011 3960 iu
1037 3899 1138 3961 Verr.
1168 3899 1245 3962 Lib.
1276 3898 1305 3963 Ι.
1335 3911 1369 3964 et

64 3990 157 4054 Libri
176 3990 226 4054 11.
249 3999 370 4072 partem
391 3991 447 4070 (ad
466 4009 496 4052 c.
521 3990 605 4070 ib),
628 4000 694 4053 tiam
716 3990 746 4052 iu
770 3990 930 4056 orationes
950 4010 1012 4072 pro
1028 3989 1182 4055 Cornelio
1205 3993 1234 4055 1.
1257 4003 1289 4056 et
1303 3992 1367 4067 11..

64 4083 95 4145 in
115 4096 194 4166 toga
216 4084 364 4156 candida,
394 4103 457 4164 pro
479 4085 620 4160 Scauro,
652 4081 683 4146 iu
706 4083 875 4161 Pisonem,
909 4104 971 4165 pro
993 4082 1130 4147 Milone.
1174 4084 1237 4166 Qui
1260 4086 1368 4171 quates

64 4175 136 4258 ipsu
158 4196 274 4258 genere
296 4175 373 4252 sint,
409 4175 497 4258 prius
518 4197 610 4260 quam
633 4176 789 4252 dicemus,
827 4176 976 4241 nonnulla
999 4177 1177 4242 necessario
1199 4180 1236 4242 de
1258 4200 1368 4243 eorum

65 4267 155 4352 qnasi
176 4268 309 4332 historia
330 4279 363 4332 et
385 4280 520 4333 externo
541 4269 649 4333 babitu
669 4269 851 4333 disserenda
873 4280 962 4343 sunt3
993 4269 1133 4351 pertinet
1158 4270 1258 4348 enim,
1292 4273 1371 4334 baec

67 4372 280 4534 {uersum
303 4364 342 4424 ad
363 4374 448 4426 recte
471 4365 509 4426 de
531 4362 664 4428 Asconii
686 4363 811 4447 scriptis
833 4361 1048 4440 iudicandum,
1070 4373 1136 4428 tum
1156 4367 1196 4428 ed
1213 4385 1250 4428 ea
1265 4385 1370 4429 ernen-

106 4478 125 4517 n
148 4461 186 4535 a(
215 4500 224 4518 .

140 4661 179 4734 (¹)
199 4662 232 4716 iu
259 4663 311 4715 bue
330 4661 524 4735 disputatoria
543 4677 620 4735 parre
640 4662 699 4735 pluo
725 4663 844 4719 efficere.
859 4679 1001 4736 poterunt,
1032 4670 1079 4736 qut
1100 4681 1145 4720 not
1165 4670 1255 4738 ipsum
1275 4668 1371 4741 roggn

68 4737 253 4809 apographum
274 4737 428 4790 Florenrtne
448 4737 610 4811 inspiciendi
630 4753 794 4811 potestatem
814 4738 968 4806 habebunt,
993 4755 1039 4794 ant
1058 4756 1133 4794 certe
1152 4741 1220 4795 altor
1239 4741 1320 4796 codd.
1339 4759 1373 4796 ex

108 4838 232 4880 sch-timu
247 4840 270 4880 in
285 4839 329 4879 Cio.
345 4839 390 4879 vot
405 4839 430 4880 V.
444 4840 465 4881 2
