3210 5280
187 217 227 279 ii)
725 215 955 284 ascottltts

186 354 302 438 Appiis
323 353 444 420 Clodiis
459 356 726 434 adolescentibus,
749 357 869 433 iisdem,
887 378 904 417 a
923 357 1038 440 quibus
1059 366 1147 429 antea
1162 355 1275 421 latnilia
1298 356 1365 420 eius
1385 357 1493 422 feteret

186 449 363 531 postulata,
399 449 533 533 itemque
563 453 600 513 de
628 450 742 512 anibitu
768 455 806 513 ab
832 451 938 513 iisdein
960 448 1092 530 Appiis,
1127 462 1158 513 et
1179 463 1341 531 praeterea
1365 452 1418 531 [ile
1442 452 1491 533 vi]

187 565 203 604 a
237 541 278 606 C.
304 541 438 607 Cetheio
468 555 499 606 et
523 545 565 606 L.
590 543 782 619 Cornificio,
821 547 859 605 de
895 543 1048 605 sodaliciis
1081 565 1096 603 a
1130 545 1172 608 Ρ.
1206 544 1321 607 Fulvio
1353 546 1490 608 Nerato.

186 636 371 699 Postulatus
393 647 493 701 saitem
519 649 587 699 erat
608 639 699 700 etde
721 636 875 699 sodaliciis
898 646 928 697 et
950 638 989 699 de
1011 634 1127 698 ambitu
1150 658 1184 699 ea
1208 659 1283 718 spe,
1313 640 1398 720 quod
1424 637 1491 719 pri·

109 760 114 769 ·
162 728 268 791 5snnm
291 729 436 792 iudicium
460 732 498 793 de
520 729 551 793 vi
575 730 715 791 sutursnn
742 730 932 809 apparebat,
975 749 1038 811 quo
1060 749 1129 791 esini
1152 733 1325 803 damnatum
1349 730 1387 793 iri
1409 752 1490 794 ron·

186 822 339 897 lidebant,
373 844 431 885 neo
452 835 560 904 postea
583 840 820 902 responsurum.
840 830 843 837 “
864 821 1027 885 Divinatio
1057 825 1095 885 de
1124 822 1241 884 asisbitu
1272 818 1490 886 accusatorum

186 914 268 977 saeta
288 928 333 978 est
357 928 525 1001 quaestore
545 917 587 978 A.
612 919 798 998 'l'orquato,
837 926 929 996 atque
952 918 1044 976 anulio
1072 927 1273 998 quaestores,
1303 917 1491 999 Torquatus

187 1018 217 1069 et
235 1008 409 1083 Domitius,
434 1008 517 1089 prid.
542 1008 649 1070 Nonas
667 1005 774 1088 April.
797 1029 882 1068 reusn
904 1010 1012 1069 adesse
1033 1009 1199 1070 iusserunt.
1244 1008 1383 1087 Quodis
1403 1005 1492 1070 lllilo

187 1102 225 1162 ad
247 1100 378 1164 Domitii
401 1102 533 1163 tribunal
557 1101 662 1174 venit,
700 1103 738 1160 ad
762 1101 919 1184 Torquati
940 1100 1056 1163 amieos
1080 1099 1180 1172 inisit;
1217 1101 1280 1173 ibi,
1312 1100 1490 1180 postulante

147 1211 248 1274 supro
267 1215 306 1257 eo
327 1195 379 1257 Μ.
405 1195 581 1270 Marcello,
617 1193 767 1266 obtinuit,
805 1215 843 1255 ne
870 1193 959 1273 prius
988 1214 1111 1255 eastsasn
1138 1196 1177 1255 de
1210 1192 1327 1255 ambitu
1349 1194 1487 1266 ‹lie-eset,

188 1309 279 1369 qum
301 1291 339 1350 de
361 1287 393 1349 vi
419 1287 562 1350 iudieisun
586 1299 652 1348 erat
674 1287 858 1366 perlectum.
902 1286 999 1366 Apnd
1020 1284 1190 1349 Domitium
1214 1297 1313 1347 antean
1339 1296 1489 1366 quaesto·

186 1400 252 1442 rein
284 1381 382 1443 maior
410 1379 536 1460 Appius
564 1379 737 1458 postulavit
759 1401 774 1440 a
798 1379 922 1441 Milone
944 1377 1088 1440 exhiberi
1108 1399 1219 1442 servos
1242 1397 1370 1439 osiniero
1404 1376 1488 1439 llll.

187 1484 217 1533 et
239 1474 301 1548 L.,
336 1485 366 1535 et
387 1495 456 1535 eiius
476 1473 528 1534 ille
553 1485 700 1556 negarat,
726 1491 799 1544 eos,
835 1470 889 1553 qui
911 1469 1166 1545 nominabantur,
1203 1469 1233 1533 in
1256 1492 1310 1532 sua
1330 1481 1487 1551 potestate

187 1585 272 1640 esse,
310 1565 467 1629 Domitius
498 1587 537 1628 ex
567 1564 715 1626 sententia
740 1562 872 1624 indicunt
906 1563 1154 1642 pronunciavit,
1188 1575 1222 1626 nt
1248 1585 1288 1625 ex
1320 1583 1487 1626 servorum

147 1660 295 1719 ¹⁵eorusn
317 1680 446 1722 nsisnero
466 1669 630 1721 accussator
654 1667 732 1739 quot
755 1655 848 1716 vellet
868 1658 986 1718 ederet.
1030 1655 1125 1718 Citati
1141 1656 1248 1718 deinde
1263 1666 1359 1718 testes
1373 1677 1487 1719 secuu-

188 1751 259 1811 dum
279 1750 400 1832 legem,
424 1771 521 1834 quae,
546 1760 580 1812 ut
601 1769 695 1829 supra
717 1744 868 1821 diximus,
900 1747 1043 1822 iubebat,
1082 1760 1114 1810 ut
1134 1750 1239 1830 psius,
1278 1771 1368 1832 quana
1394 1768 1488 1810 caiisa

118 1842 179 1904 [¹⁶⁸]
188 1855 353 1925 ageretur,
377 1853 470 1906 testes
491 1865 549 1924 per
570 1842 707 1933 tridnusq
727 1841 923 1913 audirentur,
948 1839 1029 1901 dieta
1053 1861 1160 1903 eurnsn
1183 1839 1298 1903 iudices
1318 1842 1487 1903 eoniiruis·

188 1946 276 2009 rent,
301 1945 411 2018 quarta
431 1935 479 1996 die
501 1938 608 1996 adesse
630 1953 738 1996 ornnes
760 1932 788 1995 in
809 1931 887 1994 «lietu
911 1944 1071 2012 posterum
1091 1932 1289 2008 iuberentur,
1320 1954 1355 1996 ao
1378 1953 1487 1997 corato

188 2040 371 2091 accusatore
398 2049 434 2090 ac
460 2050 515 2092 reo
540 2028 639 2109 pilae,
670 2027 698 2088 in
729 2027 841 2110 quibus
870 2024 993 2088 noissina
1026 2025 1159 2088 iudicum
1188 2026 1335 2108 inscripta
1363 2039 1484 2102 essent,

145 2125 412 2202 2⁰aequarentur3
448 2119 651 2183 dein-rursus
677 2133 802 2200 postera
826 2117 875 2180 die
893 2117 1020 2180 sortitio
1040 2118 1173 2180 iudicum
1195 2120 1303 2192 fieret,
1343 2118 1432 2181 unius
1454 2128 1488 2180 et

187 2214 353 2283 Laxat:
376 2211 431 2296 qni
445 2235 589 2280 osiuserns
612 2235 682 2275 essin
697 2223 784 2275 sorte
807 2209 991 2295 obtigisset,
1015 2211 1073 2293 ipsi
1092 2212 1234 2293 protinus
1251 2233 1366 2275 sessum
1385 2209 1486 2283 ireat;

186 2316 251 2370 tuna
277 2308 317 2368 ad
343 2305 502 2367 dicendum
532 2318 695 2368 aceruatos
721 2307 796 2367 diras
824 2305 939 2379 boras,
973 2327 1046 2367 reus
1075 2316 1140 2367 tres
1167 2307 1314 2376 baberet,
1348 2322 1485 2387 rensqsso

187 2398 297 2461 eodem
320 2397 368 2459 die
390 2397 444 2460 illo
466 2396 674 2474 indicaretur3
709 2396 798 2478 prins
829 2409 949 2473 antem,
987 2419 1076 2480 qnam
1109 2398 1277 2461 sententiae
1306 2398 1484 2471 ferrentur,

187 2488 301 2574 quinos
328 2510 367 2552 ex
394 2490 522 2574 singulis
545 2489 706 2553 ordinibus
728 2501 911 2565 acetssntor,
941 2491 1069 2555 totidem
1092 2512 1166 2554 reos
1192 2490 1352 2568 reiiceret,
1385 2489 1428 2552 ita
1451 2500 1487 2553 nt

279 2829 306 2880 2.
325 2824 457 2893 itemque]
477 2818 562 2894 Logd.
585 2821 649 2874 Hos.
669 2820 746 2874 Man.
763 2823 842 2876 Creu.
862 2847 898 2860 -
917 2824 1010 2890 itaque
1027 2821 1120 2875 Prius.
1134 2819 1243 2874 Berald.
1256 2818 1317 2876 Ald.
1334 2819 1402 2875 Lod.

260 2896 331 2952 lbid.
350 2897 384 2949 de
400 2900 441 2964 vs]
463 2894 525 2950 add.
543 2895 626 2968 Lngd.
647 2896 710 2950 llos.
730 2895 807 2950 Man.
826 2895 907 2951 Creo.
925 2892 1004 2948 Coni.
1024 2912 1051 2968 p.
1066 2897 1128 2954 159.
1145 2896 1179 2950 Η.

278 2979 304 3033 5.
323 2975 353 3039 a]
374 2990 429 3024 om.
448 2969 553 3025 Berald.
571 2967 634 3025 Lod.
900 2965 909 2978 “

259 3045 330 3101 lbid.
349 3047 380 3102 C.
398 3044 521 3116 Cetbeio]
542 3044 572 3100 C.
592 3046 685 3097 Ceteio
704 3045 795 3099 Prlne.
811 3041 918 3101 Berald.
936 3041 997 3098 ald.
1015 3039 1083 3096 Lod.
1107 3072 1144 3086 -
1170 3061 1228 3097 om.
1244 3041 1329 3116 Lngd.
1350 3045 1427 3103 Man.
1448 3076 1486 3093 .-

185 3117 219 3189 Q.
234 3119 354 3172 Petutes’o
374 3122 437 3173 llos.
453 3122 535 3175 Creo.
566 3148 597 3161 -
632 3120 843 3188 α(2.1ἀιιι1ωό]
864 3121 946 3172 Vesus
966 3120 999 3188 Q.
1020 3117 1126 3171 Pateio.
1166 3118 1212 3171 Sio
1232 3124 1352 3186 correxi,
1372 3137 1483 3176 secutos

185 3193 251 3246 alibi
271 3195 445 3251 Aesonium.”
464 3195 553 3249 ΗΟΤ.
591 3193 703 3247 Scilicet
732 3191 801 3246 inira
827 3213 854 3268 p.
880 3195 942 3251 159.
963 3195 998 3249 ll.
1016 3191 1152 3246 Milonem
1173 3191 1206 3247 de
1226 3197 1252 3248 vi
1272 3209 1416 3249 sooneosse
1437 3199 1485 3250 dt-

184 3285 284 3323 eantur
304 3273 333 3323 L.
352 3268 516 3323 Cornificius
539 3270 619 3337 etQ.
640 3267 786 3322 Patulcius.

258 3343 330 3398 Ibid.
350 3353 451 3395 stom.
472 3342 556 3415 Lngd.
572 3342 650 3396 Man.

276 3423 304 3478 5.
322 3418 464 3470 sododeiis
476 3421 505 3485 a]
522 3414 606 3489 Lugd.
617 3418 680 3473 llos.
691 3419 764 3470 Man.
776 3417 858 3479 Creu,
874 3447 904 3460 -
918 3417 1116 3483 sodaliciisetn
1132 3419 1223 3472 Prius.
1232 3415 1485 3473 neratdstdtnd.

276 3492 304 3548 lt.
324 3491 406 3563 quod]
428 3510 482 3546 om.
501 3492 592 3546 Princ.
611 3490 718 3544 Bes-ald.
739 3491 799 3545 ΔΜ.
821 3491 886 3545 Lod.
1133 3485 1137 3499 ’

277 3572 303 3625 5.
322 3566 387 3637 qino]
407 3565 490 3639 Lugd.
513 3569 575 3620 blot.
594 3567 670 3620 Man.
687 3566 767 3620 Creu.
790 3598 819 3609 -
841 3565 916 3637 quod
931 3569 1020 3621 Ptine.
1039 3564 1145 3622 Berald.
1162 3564 1221 3620 ΛΜ.
1239 3562 1305 3619 Lod.

277 3649 302 3699 7.
320 3650 466 3712 thestore
485 3672 504 3684 -
522 3673 541 3686 ·
558 3641 731 3714 quaestores]
751 3643 840 3696 Ptine.
856 3641 963 3696 Bersld.
999 3672 1036 3686 -
1071 3645 1226 3711 quaesitore
1244 3670 1260 3685 -
1279 3645 1486 3708 .·quaestsoree

183 3713 245 3771 ΔΜ.
267 3733 293 3770 es
309 3734 383 3785 seqq.
832 3723 857 3776 8.
875 3717 951 3787 prid.
971 3718 1081 3785 Nonas]
1101 3716 1192 3767 Itonis
1210 3713 1318 3769 Berald.
1399 3766 1403 3771 .

275 3795 301 3848 9.
320 3792 451 3861 Donsitts]
472 3789 570 3844 domiti
577 3807 587 3840 .·
606 3788 696 3843 Prlne.
729 3827 735 3839 .
815 3799 858 3847 tt.
877 3791 1019 3860 tudinium]
1039 3791 1159 3843 suniam
1180 3792 1272 3844 Prius.

258 3872 303 3921 11.
323 3874 386 3916 erat
402 3863 572 3934 perfeetum]
592 3871 656 3915 erat
670 3860 831 3934 profectum
850 3866 940 3920 Prior.
962 3895 995 3908 ·-
1015 3873 1087 3918 esset
1104 3861 1262 3935 perlectum
1278 3868 1372 3919 ceteri.

257 3945 301 3997 12.
321 3945 504 4010 quaestorem]
525 3941 617 3993 Princ.
638 3936 743 3990 Bersld.
763 3967 796 3980 —
814 3946 998 4009 qssaesitorem
1016 3940 1080 3996 Ald.
1096 3955 1123 3994 et
1142 3957 1217 4011 seqq.

256 4013 328 4067 thid.
346 4013 470 4065 exbiberi
487 4017 595 4081 servos]
614 4030 711 4065 servos
727 4011 851 4066 exbiberi
870 4014 955 4087 Lngd.
969 4015 1068 4071 Graes.

257 4095 302 4147 15.
322 4091 399 4159 quot]
419 4088 493 4159 quod
512 4087 616 4145 lietold.

257 4170 301 4223 18.
319 4161 530 4231 confirmarent]
562 4165 653 4216 Prior.
681 4159 787 4216 Berald.
813 4161 876 4220 ΔΜ.
899 4162 967 4218 Lod.
1008 4195 1039 4208 -
1077 4167 1279 4231 consignarent
1311 4169 1486 4236 posteriores,

182 4236 293 4303 ,Malui
312 4242 525 4305 consignarent,
545 4255 608 4290 euru
628 4235 698 4290 inira
719 4239 845 4310 [past]
863 4241 901 4290 iss
921 4242 1055 4312 scriptum
1072 4244 1122 4293 sit:
1142 4237 1176 4292 T.
1191 4237 1339 4289 Munatius
1354 4239 1485 4309 Plancus,

181 4320 314 4382 utsupra
335 4312 471 4379 diximus,
498 4322 564 4383 post
580 4313 680 4364 assdita
697 4320 725 4363 et
746 4310 898 4379 obsignata
916 4320 1029 4367 testisun
1050 4312 1137 4367 verba
1159 4310 1320 4366 cohortatus
1346 4324 1411 4367 stat
1432 4335 1486 4387 po-

178 4388 272 4456 pulum
292 4387 363 4439 etc.¹’
395 4368 538 4441 MANUT.

255 4467 298 4518 21.
319 4461 443 4528 LXXX]
464 4460 524 4516 Ald.
544 4477 570 4515 et
587 4480 661 4533 seqq.
679 4492 717 4504 -
738 4461 822 4515 LXX
836 4463 927 4515 Ptine.
948 4460 1054 4516 Berald.

256 4533 327 4589 lbid.
345 4540 501 4605 obtigisset]
523 4536 685 4607 Lugebllot.
698 4536 777 4591 Meo.
794 4537 875 4590 Creo.
903 4565 937 4581 -
962 4541 1108 4604 attigisset
1128 4537 1219 4593 Prioo.
1235 4535 1297 4593 ΔΜ.
1325 4550 1361 4581 -b
1390 4544 1486 4593 conti·

180 4612 268 4675 gisset
288 4610 395 4664 Berald.
416 4610 481 4664 Lod.
1209 4606 1226 4631 ⁴

256 4683 324 4737 lbid.
345 4689 409 4753 ipsi]
431 4683 490 4738 ΑΜ.
510 4701 537 4740 es
552 4704 627 4758 seqq.
649 4715 679 4727 -
701 4690 727 4736 is
745 4690 770 4736 et
789 4686 879 4739 Prior.
897 4715 934 4729 -
953 4690 973 4737 ii
992 4684 1099 4739 Berald.

252 4763 297 4814 21.
316 4762 454 4827 reticeret]
475 4759 544 4817 Lod.
561 4777 589 4815 es
609 4780 683 4833 seqq.
702 4788 740 4802 -
757 4764 870 4812 eiiceret
892 4763 983 4816 Ptine.
1004 4759 1108 4819 berold.
1128 4760 1189 4818 Ald.
