3210 5280
295 66 301 97 l

218 194 278 261 iso
631 186 835 267 scttouln
858 201 1103 269 Bossieustn

290 334 327 414 lt.
356 340 531 416 Adiunxit
555 343 638 440 illa,
664 354 705 417 ut
730 368 816 438 eos,
842 346 906 443 qui
932 344 1040 419 domo
1067 347 1169 420 exire
1195 346 1391 440 nolebant,
1417 351 1519 420 testi-

215 453 328 525 monii
354 453 627 529 denuntiatione
654 465 839 550 terreret3
876 456 939 553 qui
967 458 1072 530 'domi
1096 468 1197 531 stare
1222 483 1297 532 non
1321 468 1519 556 poterant,-

214 563 319 663 largo
347 575 384 638 et
408 567 553 640 liberali
577 568 712 641 viatico
738 566 1025 642 commoverct¹.

299 681 501 746 Calumniosa
525 684 614 748 Laeli
638 683 813 748 ostenditur
834 685 1010 762 accusatio,
1034 688 1121 770 quod
1143 685 1171 749 ei
1185 706 1219 749 se
1234 697 1329 750 testes
1349 708 1413 750 uon
1433 688 1520 753 ultro

189 778 379 839 ssecrindum
394 777 487 839 fidem
498 776 640 841 veritatis
656 777 845 855 obtulerint,
868 782 921 842 sed
932 781 1019 843 abeo
1032 780 1081 842 vel
1097 779 1185 843 ruinis
1200 782 1354 861 compulsi
1370 780 1446 857 sint,
1466 781 1517 843 vel

213 871 269 952 [P.
287 869 376 949 iun]
401 871 533 952 pecunia
552 871 706 952 corrupti.
750 871 787 934 ln
807 872 973 952 superiore
996 872 1074 935 eninr
1090 881 1103 938 u
1117 886 1205 955 parte
1227 874 1369 936 uolentes
1383 875 1522 952 Romam,

212 961 391 1045 proticisci,
423 963 553 1027 territos
581 967 622 1027 ab
648 963 774 1029 Laelio²
806 965 881 1028 dicit
903 965 1134 1039 denuntiatione
1160 965 1320 1040 veniendi,
1355 977 1388 1028 ut
1417 986 1516 1044 coge-

210 1069 320 1119 rentur
340 1077 374 1119 ea
396 1060 433 1119 de
456 1058 575 1123 Flacco
596 1060 762 1122 rnandare³
784 1080 864 1142 quiae
885 1060 1019 1122 nollent.
1064 1059 1183 1120 Verum
1207 1059 1238 1120 in
1260 1058 1402 1141 sequenti
1424 1070 1523 1139 parte·

212 1151 379 1213 obscurius
401 1150 581 1234 aliquantol
612 1151 737 1215 locutus
758 1163 818 1215 est.
876 1151 932 1214 Ait
964 1150 1064 1213 cuiun:
1100 1150 1174 1234 „quai
1203 1150 1288 1215 donni
1312 1151 1416 1212 stare⁵
1451 1171 1514 1212 noo

170 1253 375 1327 ,opums-ant,
398 1241 490 1326 largo
517 1254 548 1305 et
573 1241 697 1306 liberali
723 1243 837 1309 viatico
861 1241 1119 1308 comruovebat.”
1162 1245 1233 1306 Hos
1258 1242 1412 1327 signifieat
1436 1264 1515 1323 pau-

211 1358 304 1419 peres
332 1347 363 1398 et
392 1349 540 1418 egentes,
574 1335 628 1420 qui
654 1337 740 1400 nullo
773 1337 965 1420 patrimonio
998 1336 1245 1411 sustinerentur3
1278 1357 1315 1398 ac
1343 1347 1518 1417 propterca

209 1429 361 1512 pecuniae
387 1427 555 1512 largitione
576 1430 616 1491 ad
641 1428 754 1491 falsum
780 1429 989 1493 testimonium
1012 1435 1227 1510 provocatos,
1260 1450 1328 1490 nam
1351 1442 1434 1491 stare
1456 1450 1512 1491 eos

211 1522 354 1584 dicebant
380 1534 502 1585 veteres
527 1521 582 1607 quii
610 1523 767 1585 habebant
800 1521 945 1586 idoneam
974 1542 1039 1584 rem
1068 1521 1265 1585 familiarem.
1309 1521 1460 1585 Similiter.
1481 1533 1512 1584 ct

209 1613 242 1676 iu
269 1613 453 1689 oratione⁶,
489 1635 570 1698 quae
594 1613 698 1677 habita
731 1627 779 1678 est
810 1627 884 1697 aput
912 1614 1063 1696 populum
1093 1627 1165 1696 post
1200 1616 1308 1699 sugam
1340 1614 1512 1687 Catilinae;

167 1705 259 1778 mai
279 1707 381 1770 stare⁷
403 1729 466 1770 non
488 1721 640 1789 possunt,
670 1718 841 1781 conruaut;
873 1706 1012 1784 sedita,
1035 1720 1070 1771 ut
1091 1730 1154 1773 non
1176 1712 1271 1772 modo
1298 1708 1425 1784 civitas,
1457 1710 1517 1771 scd.

209 1819 249 1862 ne
272 1796 364 1862 uicini
386 1799 508 1883 quidem
530 1800 680 1883 proxumi
701 1799 868 1865 sentiant.''

284 1916 320 1997 5.
347 1921 431 1997 Non
456 1924 536 1997 iure
561 1915 717 2000 iurando
744 1928 965 2018 constricta,
992 1924 1057 1998 sed
1082 1926 1306 2026 porrigendo
1331 1951 1451 1998 mauu
1503 1927 1512 2006 J

292 2041 385 2103 Hanc
400 2041 514 2104 Graeci
526 2042 746 2129 perpetualem⁸
767 2042 884 2105 dicunt.
929 2043 1041 2125 ltaque
1061 2043 1123 2086 -9
1145 2065 1262 2106 morem
1290 2043 1424 2105 nationis
1440 2043 1509 2124 plu-

207 2131 318 2197 rimum
342 2135 504 2198 dissentire
530 2157 546 2198 a
568 2137 628 2199 lide
658 2147 690 2200 et
719 2134 874 2221 religione
899 2136 1022 2199 testium
1049 2138 1213 2199 confirmat
1240 2159 1280 2198 ex
1309 2139 1388 2211 boc,
1424 2139 1511 2220 quod

134 2236 139 2263 ‘
165 2247 197 2296 20
209 2248 273 2291 oon
287 2227 391 2290 iurare
406 2229 527 2291 soleant
542 2229 572 2291 io
588 2230 719 2312 aliquam
736 2251 820 2303 rem,
845 2231 900 2292 sed
918 2240 1034 2291 tanturm
1049 2242 1197 2313 porrecta
1212 2252 1302 2293 manu
1315 2231 1510 2304 eonsentirc3

208 2342 248 2383 ex
270 2343 335 2404 quo
360 2342 513 2403 praecepa
538 2323 696 2386 temeritas
721 2322 830 2406 colligi
853 2335 971 2404 potest.

284 2444 368 2517 vll.
385 2437 432 2539 l·
459 2444 632 2523 Sedentis
658 2449 841 2523 contionis
854 2445 896 2518 ¹⁰.

207 2653 225 2718 f
290 2562 486 2725 Plerm'uupre
516 2563 595 2627 enim
619 2565 734 2628 Graeci
762 2565 793 2628 in
814 2566 941 2631 theatro
962 2565 1225 2643 consulebantur,
1264 2563 1359 2630 etita
1381 2567 1510 2629 decreta

223 2653 376 2720 aciebant.

162 2817 194 2866 οε
283 2774 344 2879 [P.
358 2774 463 2879 243]
488 2774 524 2857 2.
553 2782 647 2856 Tum
671 2785 808 2881 'optime
826 2785 977 2858 meritos
997 2785 1088 2858 civis
1107 2809 1127 2857 e
1144 2786 1293 2858 civitate
1311 2784 1508 2856 eiciebant.

291 2897 442 2982 Legimus
466 2899 545 2964 enim
569 2902 663 2964 duces
685 2902 837 2966 maximos
858 2912 889 2964 et
908 2901 1055 2965 inlustres
1073 2901 1104 2965 in
1127 2901 1261 2971 exilium,
1279 2901 1442 2985 relegatos
1469 2902 1508 2962 ab

207 2991 467 3083 Atheniensibus,
492 2994 541 3056 vel
568 2993 659 3057 etiam
685 2994 716 3057 in
740 2988 872 3059 vinculis
893 3006 1039 3071 necatos,
1065 3005 1101 3057 ut
1125 2994 1355 3072 Miltiadem¹¹,
1380 2993 1510 3057 Themi-

207 3085 355 3162 stoclem,
378 3084 569 3162 Aristidem,
599 3085 806 3151 Alcibiadem.

280 3202 316 3282 3.
346 3209 484 3283 Caesus
512 3220 570 3283 est
593 3213 707 3310 virgis
735 3210 913 3308 Cymaeus
940 3212 1000 3285 ille
1026 3212 1282 3310 Athenagoras
1292 3209 1345 3308 ¹²,
1382 3213 1508 3310 quiin

162 3351 194 3400 so
211 3318 304 3393 lame
329 3321 549 3415 frumentum
575 3333 772 3421 exportare
800 3321 919 3396 erat¹³
947 3349 1068 3397 ausus.

274 3470 298 3521 1.
317 3476 396 3531 „Cod
416 3478 601 3522 commoneret.”
619 3478 712 3535 Murum
731 3476 782 3536 (qui
798 3479 878 3522 neseio
892 3491 934 3523 cnr
952 3479 1016 3523 dedit
1028 3477 1280 3522 eommooedotcoutra
1299 3477 1423 3524 Ciceronis
1435 3480 1510 3534 ipsius

339 3540 512 3591 anctoritatem.
550 3546 602 3591 itist
619 3547 681 3591 torte
702 3561 772 3592 error
791 3546 872 3592 subeat
887 3547 1013 3604 Codexque
1032 3549 1113 3592 schol.
1133 3561 1217 3592 revera
1240 3547 1311 3592 babet
1330 3549 1508 3602 eomenoeebnt,

339 3616 364 3660 ia
389 3616 447 3659 torti
471 3629 528 3659 tero
551 3616 653 3661 editione
675 3617 740 3675 leg:
775 3615 837 3660 ΕΜ.
864 3622 1034 3661 commoveret.
1063 3615 1122 3668 Oa.)
1159 3615 1189 3661 21
1208 3618 1269 3661 Cod.
1289 3616 1324 3660 Lo
1345 3632 1388 3672 pro
1410 3618 1506 3663 Laelio.

338 3681 363 3728 3.
383 3684 443 3729 Cod.
463 3684 620 3731 manderent.
658 3684 682 3734 4.
708 3686 768 3730 Cod.
788 3685 930 3745 aliquunde.
968 3684 992 3732 5.
1013 3688 1072 3730 Cod.
1092 3688 1197 3730 instare.
1235 3684 1259 3730 6.
1279 3686 1339 3732 Cod.
1358 3689 1504 3731 cretionem.

338 3750 362 3798 7.
382 3753 441 3798 Cod.
461 3755 549 3799 latore.
586 3753 610 3800 8.
631 3756 665 3800 lta
680 3752 777 3811 stippleo
797 3755 819 3798 iu
840 3768 945 3814 congruo
966 3756 1051 3811 spatio.
1090 3755 1113 3802 9.
1134 3757 1238 3812 Spatium
1256 3757 1355 3799 duoemn
1371 3757 1422 3800 iere
1439 3772 1506 3801 voea-

337 3821 448 3868 butormu
460 3823 505 3869 Gr.
544 3821 844 3871 ld.Cod.eontentiona'e.
882 3824 1139 3870 ll.Cod.me'ta‘tr'cm.
1177 3823 1218 3870 ti.
1234 3823 1504 3879 Cod..dtdcuurdoroe,

337 3895 378 3937 sed
396 3899 460 3938 recte
479 3894 550 3939 inira.
589 3891 629 3939 ti.
649 3894 708 3939 Cod.
729 3899 810 3939 erant.

199 3972 399 4046 Cappadociam
420 3981 501 4029 armis
521 3975 658 4030 subditam
679 3983 782 4042 renuit,
803 3974 881 4048 pulso
903 3993 965 4046 rege
985 3981 1058 4030 iusto
1078 3976 1272 4030 Ariobarzane.
1300 3976 1360 4030 Cio.
1382 3976 1506 4050 proleg.

199 4048 299 4103 Manil.
320 4065 380 4122 cap.
400 4051 430 4100 V.
452 4053 527 4120 Quin
546 4050 614 4104 adeo
635 4052 741 4106 Tullius
762 4055 791 4103 lo
811 4053 863 4104 hac
881 4068 987 4122 quoque
1007 4068 1057 4124 pro
1077 4053 1174 4105 Flacco
1194 4055 1317 4104 oratione
1337 4066 1398 4122 cap.
1418 4054 1504 4107 xxi.

199 4123 392 4179 Mithridatem
414 4141 491 4179 uocat
512 4126 708 4198 Cappadocem.
747 4125 817 4180 Sane
843 4141 870 4179 et
896 4131 970 4198 agri,
998 4145 1066 4200 quos
1087 4126 1263 4180 Mithridates
1284 4131 1313 4179 iu
1333 4126 1507 4200 Cappadocia

198 4196 338 4271 possedit,
359 4217 546 4255 nremoeaomr
565 4206 595 4255 in
614 4202 728 4256 ltullana
747 4206 872 4255 oratione
892 4201 914 4256 l.
934 4207 959 4256 2.

273 4291 317 4347 tl.
338 4293 370 4345 io
390 4293 471 4347 Catil
491 4295 527 4348 ll.
549 4305 592 4352 so.
624 4293 814 4367 despondebat
833 4310 925 4348 autern
944 4293 1052 4348 Tullius
1072 4293 1207 4349 Catilinae
1226 4297 1273 4366 qut
1293 4298 1323 4347 tn
1342 4310 1456 4362 aenam,
1476 4310 1507 4348 nt

196 4366 926 4441 eissettunmecap.xitt·1.tunionduedtxem:
957 4375 1087 4441 quoniam
1112 4370 1219 4439 pridem
1242 4374 1446 4422 eireeemventus
1471 4369 1507 4421 ed
1530 4404 1534 4412 -

133 4478 134 4482 ,
195 4445 315 4494 inimicis
329 4460 464 4513 praeceps
482 4462 572 4515 agor,
600 4444 756 4499 mundum
774 4462 862 4498 meum
881 4450 964 4497 ruine
988 4450 1172 4515 restinguens.
1209 4445 1285 4498 Deire
1309 4463 1339 4497 se
1365 4464 1402 4498 ee
1428 4451 1507 4498 crerier

195 4514 307 4568 domum
323 4524 473 4588 proriperet.
1495 4580 1498 4587 Ι

272 4591 317 4648 2l.
337 4595 384 4646 Sto
403 4599 487 4651 etiam
507 4592 605 4648 Graeci
625 4594 767 4648 Tarentini
785 4593 858 4669 ,apud
878 4594 1043 4670 Dionysiam
1061 4609 1088 4649 et
1107 4592 1225 4649 Dionem
1244 4610 1260 4648 a
1279 4612 1322 4648 me
1342 4593 1448 4664 editoe,
1477 4598 1506 4648 in

199 4667 308 4720 theatro
328 4665 360 4719 de
382 4668 462 4721 rebus
483 4666 601 4738 publicis
622 4667 784 4723 deliberant.

272 4742 409 4816 28.·l.ege
429 4746 592 4800 Ciceronem
612 4741 646 4798 de
666 4762 724 4819 rep.
746 4745 769 4800 l.
789 4749 816 4806 ὃ.
