3210 5280
573 256 620 321 IN
651 256 976 323 tumultuans.
1382 263 1423 335 ¹dd
1471 268 1474 273 '

205 394 253 458 ltu
274 405 309 457 ut
329 393 361 456 in
381 394 581 477 expositione
603 397 755 474 diximus,
791 399 954 462 Munatius
984 399 1118 464 Plancus
1143 399 1242 483 pridie
1262 422 1326 484 pro
1347 423 1423 466 eon·

123 486 215 551 eione
232 489 386 571 populun
408 492 592 554 adhortatus
618 502 704 566 eust,
728 512 767 554 ne
786 504 949 574 pateretur
966 493 1049 556 elabi
1073 494 1242 560 Milonem.

541 612 674 677 VERS.
698 614 730 676 A
756 612 907 677 PRIMO
936 613 1008 678 CC.

203 713 354 793 (5.19.)
394 712 578 778 metarunt
611 715 710 777 leuius
739 701 885 777 onibusti
911 715 1039 779 tribuni
1067 716 1174 795 plebis
1208 719 1291 781 illae
1325 721 1424 786 inter·
1530 761 1533 766 -

121 816 275 871 mortuae
293 809 495 882 conciones,
525 802 646 887 quibus
668 804 817 887 quotidie
841 823 951 887 mecm
970 809 1157 885 potentium
1180 808 1337 874 invidiose
1358 814 1446 874 cri-⁵

120 895 323 960 minabatur.
1516 955 1519 961 ,
1577 948 1582 973 ,

203 986 247 1047 Τ.
270 983 433 1047 Munatius
453 980 589 1045 Plancus
611 993 642 1043 et
667 981 709 1060 Q.
734 980 904 1062 Pompeius
925 984 1046 1058 listins,
1084 983 1199 1045 tribuni
1226 983 1345 1065 piebis,
1381 989 1420 1050 de

119 1078 233 1160 quibus
262 1075 294 1139 in
325 1087 512 1159 augssmeuto
540 1073 630 1136 husius
661 1074 812 1137 orationis
842 1076 992 1147 diximus,
1030 1096 1098 1137 essm
1128 1088 1238 1139 eontra
1265 1079 1419 1142 Milonem

121 1168 261 1251 Scipioni
282 1181 313 1232 et
335 1171 488 1250 Hypsaeo
507 1170 687 1241 studerent,
716 1168 892 1230 concionati
910 1179 981 1231 ssent
1001 1189 1040 1232 eo
1062 1168 1133 1249 ipso
1157 1176 1317 1247 tempore,
1350 1171 1419 1251 ple-

121 1264 254 1347 bemque
272 1262 303 1324 in
324 1262 479 1325 Milonem
502 1262 724 1334 accenderunt,
755 1281 819 1343 quo
842 1272 975 1342 propter
1001 1260 1106 1325 Clodii
1130 1280 1246 1341 eorpus
1267 1262 1349 1324 esuris
1372 1264 1419 1325 in·
1432 1272 1462 1319 1⁰

120 1376 209 1417 censu
231 1366 296 1431 est,
320 1376 376 1417 nee
394 1354 481 1435 priris
501 1351 703 1428 destiterunt,
736 1373 828 1435 quiam
853 1353 975 1416 llasnsua
991 1353 1056 1417 eius
1075 1354 1207 1418 incendii
1227 1353 1328 1437 fugati
1350 1367 1422 1417 ssent

121 1449 328 1512 econeione.
362 1446 472 1512 ,Erant
499 1445 577 1508 enim
604 1455 677 1507 tune
700 1446 817 1509 Rostra
847 1467 909 1507 non
935 1467 974 1509 co
996 1446 1087 1524 loeo,
1124 1466 1189 1531 quo
1219 1467 1299 1509 nune
1329 1459 1419 1525 stent,

121 1543 175 1603 sed
197 1543 237 1602 sd
259 1537 449 1615 Comitium,
474 1558 576 1620 prope
596 1541 702 1602 iuncta
725 1538 841 1602 curiae.
886 1541 938 1604 0b
960 1539 1023 1601 hoe
1045 1542 1087 1603 T.
1110 1539 1288 1603 Munatium
1312 1541 1421 1603 ambu-

120 1644 198 1696 stum
220 1633 380 1697 tribunum
402 1630 558 1714 appellat:
580 1630 640 1694 luit
662 1644 761 1693 autem
784 1644 910 1714 paratust
932 1635 971 1695 ad
992 1632 1167 1698 dicendum.

614 1753 770 1817 PAULO
798 1753 929 1817 Pos‘r.
1432 1767 1462 1816 ts

199 1858 252 1935 (§.
278 1854 353 1933 tt.)
396 1856 461 1918 Cur
478 1856 585 1934 igitur
603 1853 792 1915 incendium
812 1859 950 1937 euriae,
978 1859 1265 1937 oppugnationem
1287 1857 1422 1922 aedium

119 1947 170 2012 M.
190 1947 311 2027 Lepidi
323 1987 334 2022 ,
364 1942 501 2008 cosdem
538 1945 626 2004 bunc
661 1947 796 2023 ipsam,
826 1955 946 2008 ecastru
979 1966 1048 2009 rem
1078 1947 1254 2027 pubiicum
1287 1957 1420 2010 senatus

112 2037 254 2117 fuctum
279 2056 348 2099 esse
368 2033 535 2096 decrevit?

201 2129 283 2191 Post
305 2125 431 2188 biduum
455 2122 604 2195 aredium,
628 2143 719 2205 quiam
743 2121 874 2186 Clodius
893 2122 1016 2187 occisus
1033 2136 1117 2199 erat,
1141 2123 1281 2186 interrex
1296 2126 1419 2205 primus

119 2221 265 2302 proditus
297 2230 345 2283 est
377 2218 429 2280 M.
461 2215 614 2279 Aemilius
646 2216 800 2297 Lepidus.
846 2220 919 2281 Non
945 2215 1004 2280 l'uit
1025 2229 1124 2279 austero
1150 2215 1262 2291 moris,
1296 2220 1335 2278 ab
1357 2239 1462 2292 eo,ee

119 2314 171 2395 qui
196 2314 315 2393 primns
336 2311 479 2385 interrex
512 2308 656 2388 proditus
686 2320 771 2381 erat,
807 2309 929 2373 comitia
958 2311 1078 2372 haberi.
1122 2311 1184 2372 Sed
1211 2308 1366 2388 Scipionis
1388 2316 1419 2371 et
1497 2382 1504 2393 Ι

119 2405 260 2487 Hypsaei
276 2404 448 2475 sactiones,
486 2403 557 2483 quia
584 2421 693 2464 recens
714 2400 828 2463 invidia
855 2403 988 2466 Milonis
1016 2414 1102 2476 erat,
1139 2423 1210 2462 ctam
1240 2414 1349 2465 eontra
1371 2404 1418 2465 ius

119 2500 334 2580 postularent,
360 2509 391 2559 ut
414 2496 552 2558 interrex
573 2497 611 2557 ad
634 2497 756 2558 comitis
780 2499 942 2560 consulum
965 2499 1172 2558 creandorum
1196 2497 1416 2569 descenderet,

120 2591 211 2675 idque
234 2591 301 2672 ipse
324 2611 386 2653 non
408 2580 543 2662 laceret,
568 2592 692 2651 domum
715 2589 780 2651 eius
802 2611 860 2671 per
875 2610 982 2652 ornnes
997 2589 1169 2671 interregni
1189 2587 1253 2650 dies
1276 2589 1420 2668 (inerant

120 2696 220 2745 sutem
242 2705 283 2746 ex
303 2704 392 2746 mere
415 2682 568 2766 quinque)
597 2683 799 2745 obsederunt.
843 2681 983 2756 Deinde,
1022 2681 1106 2743 otoni
1137 2681 1167 2743 vi
1201 2683 1289 2742 ianua
1320 2703 1461 2763 capu-25

121 2790 229 2855 gnata,
261 2788 294 2838 et
322 2777 473 2859 imagines
502 2776 653 2836 snaiornm
675 2776 874 2849 deiecerunt,
908 2786 940 2836 et
957 2776 1102 2837 lectulum
1123 2776 1287 2836 adversum
1310 2777 1489 2837 saxorisl¹⁵¹l

121 2870 184 2932 citu
205 2869 394 2942 Corneliae,
420 2868 508 2929 euius
531 2869 656 2929 castitas
674 2889 734 2950 pro
754 2871 899 2950 exemplo
914 2869 1017 2930 habita
1038 2878 1102 2941 est,
1124 2867 1306 2950 fregerunt,
1330 2868 1420 2929 itern-

119 2984 178 3047 que
203 2948 406 3045 telshquae
428 2983 467 3024 ex
486 2972 590 3023 vetere
606 2981 693 3023 more
711 2959 740 3022 in
757 2963 838 3024 atrio
854 2965 1058 3036 texebantur,
1083 2960 1262 3034 disnernut3
1284 2971 1419 3042 postque

118 3055 300 3137 supervenit
318 3054 449 3118 Milonis
471 3076 577 3117 manus
599 3066 630 3116 et
650 3054 717 3134 ipsa
737 3053 899 3134 postulans
918 3053 1060 3127 eomitia;
1083 3054 1171 3116 estius
1193 3055 1343 3116 adventus
1360 3055 1420 3116 l'uit

118 3150 206 3211 saluti
236 3147 381 3230 Lepid03
408 3148 449 3211 'in
479 3171 512 3211 se
541 3149 622 3210 enim
651 3149 737 3226 ipsae
771 3168 945 3210 conversae
977 3159 1048 3210 ssent
1076 3147 1229 3209 [actiones
1258 3147 1461 3223 inimicum

117 3254 208 3326 atque
230 3241 271 3303 ita
294 3240 491 3326 oppugnatio
513 3244 622 3302 dosnns
645 3239 812 3323 interregis
834 3240 948 3302 omissa
971 3251 1030 3302 est.

210 3396 238 3443 t.
255 3391 286 3437 in
304 3389 488 3457 expositione]
519 3385 683 3440 Lod..Mun.
716 3415 751 3428 -
782 3390 811 3437 in
826 3403 860 3436 ee
879 3391 1050 3455 expositione
1068 3387 1157 3439 Ptine.
1177 3384 1285 3438 beruld.
1305 3383 1420 3444 tte.-

117 3464 146 3513 ia
163 3467 337 3531 expositione
356 3465 515 3529 argumenti
533 3462 597 3513 llot.
615 3460 696 3512 Creo.
735 3464 812 3525 ,Aut
842 3468 1007 3526 argumento
1035 3460 1177 3531 legendum
1204 3477 1260 3525 est,
1288 3474 1317 3511 ut
1341 3474 1419 3532 saepe
1499 3506 1504 3517 ,

118 3553 226 3609 possm
258 3550 306 3589 sut
331 3541 503 3606 expositione
521 3540 699 3603 argumenti,
731 3534 803 3606 quod
826 3536 896 3589 mibi
914 3534 1089 3588 verisimilius
1110 3535 1243 3589 videtur.''
1268 3533 1355 3588 llO‘l'.
1383 3562 1420 3580 ι-

119 3612 183 3665 dem
203 3608 265 3663 side
282 3625 421 3663 aseneum
442 3627 499 3682 pop.
522 3613 588 3667 149.
608 3611 671 3661 llos.
691 3613 752 3663 init.

188 3684 262 3740 ibid.
283 3686 441 3755 Munatius]
462 3686 613 3737 Nieneotius
633 3681 699 3738 Lod.
735 3686 798 3738 Non
815 3684 932 3756 emplius
953 3683 1080 3738 menelao.

207 3765 235 3821 ὅ.
260 3777 314 3813 om.
338 3757 402 3813 lod.
423 3761 507 3832 lugd.
528 3761 590 3812 ltot.
612 3759 688 3811 nan.
762 3759 788 3813 lt.
807 3760 883 3827 illae]
904 3759 950 3811 ilie
967 3762 1057 3814 Prine.

203 3842 233 3896 8.
250 3840 281 3886 in
300 3838 477 3902 argumento]
500 3840 530 3885 in
548 3852 602 3886 orn.
625 3837 714 3886 Petne.
734 3833 842 3887 Bersld.
862 3833 921 3888 ald.

114 3980 170 4036 s.
256 3907 708 4055 tanatu¹²ti1¹¹aalu·
722 3908 808 4035 tn
828 3906 1338 4051 anuescente·
1358 3907 1419 3963 ‘¹¹⁴¹-

184 4063 230 4117 tfs.
251 4025 306 4111 im.
327 4057 392 4111 Lod.
412 4056 497 4131 Lngd.
517 4058 595 4112 Mun.
615 4059 679 4110 Hos.
762 4020 944 4126 assandum]
964 4059 1054 4110 edium
1071 4059 1163 4112 Ptine.
1188 4055 1234 4109 Sic
1248 4055 1357 4129 ultique.

183 4140 230 4191 20.
252 4134 401 4203 Aemilius]
421 4133 538 4185 Emiiius
557 4134 650 4186 Ptine.
667 4128 777 4185 Berald.

181 4214 228 4263 22.
244 4206 399 4276 sactiones]
415 4206 557 4278 factionis
576 4208 666 4260 l‘rine.
685 4203 791 4258 aerati.
811 4206 872 4259 sid

181 4286 228 4340 22.
246 4282 378 4352 fuceret,
399 4283 519 4350 domum]
534 4284 652 4354 jaceret
668 4291 697 4333 et
712 4281 821 4333 domium
841 4284 931 4335 Ptine.
945 4278 1055 4335 Berstd.

181 4362 228 4417 25.
246 4357 424 4424 obsederunt]
445 4357 604 4409 obsiderunt
624 4360 713 4411 Ptine.

178 4437 225 4487 27.
243 4435 374 4503 itemque]
395 4435 457 4485 llot.
471 4433 552 4485 Creo.
571 4461 609 4473 -
629 4432 780 4501 preterque]
796 4430 869 4498 Quid
888 4437 929 4499 si,
947 4431 1108 4499 itemquei”
1127 4431 1272 4487 MANUT.
1286 4437 1314 4485 ln
1327 4428 1413 4503 Lege.

112 4533 140 4548 ·-
159 4516 272 4577 uterque
288 4508 379 4559 l’rine.
401 4504 506 4559 Berald.
528 4506 587 4560 ald.
608 4508 673 4559 Lod.
694 4505 778 4573 Lugd.
799 4506 876 4562 Man.

175 4588 222 4639 28.
241 4581 326 4649 telus]
346 4581 429 4632 tellas
445 4584 537 4635 Ptine.
559 4610 591 4624 -
611 4581 701 4634 saeua
719 4581 769 4636 Bo
780 4582 847 4634 rste.

176 4656 248 4710 tbtd.
267 4659 376 4722 uetere]
397 4666 509 4708 caetere
527 4659 619 4712 Ptine.

175 4736 220 4791 29.
239 4733 316 4799 ι’μιι]
339 4730 398 4786 atd.
416 4747 441 4782 es
465 4749 539 4802 seqq.
559 4760 596 4775 -·
614 4738 672 4803 ipse
689 4731 780 4785 Ptine.
802 4731 908 4788 lietald-

174 4812 219 4868 50.
239 4807 332 4879 ἐμοι]
353 4810 410 4874 ipse
429 4804 519 4861 Ptine.
