3210 5280
136 188 200 252 ιιι
555 192 1032 275 senoussuousnnsss

137 329 364 415 Ascaniusque
394 341 584 397 versentur:
614 333 715 418 idque
741 355 807 418 ege
833 357 901 399 non
922 344 994 398 tarn
1022 355 1106 399 casu
1121 335 1278 415 fortuito
1306 340 1451 405 evenisse

135 435 240 504 puto,
270 446 375 509 quam
403 425 448 487 ob
475 425 691 488 Scbollastae
718 427 786 488 mei
803 433 837 488 et
860 426 971 489 multo
992 428 1104 508 arogis
1128 424 1266 490 Asconii
1290 427 1451 494 lacunas.

136 513 273 578 llemini
295 517 382 580 enim
405 513 634 579 consideranti
651 517 899 595 incompertum
914 518 1004 589 erit,
1023 534 1084 579 nos
1098 536 1164 578 non
1177 526 1249 581 tarn
1267 515 1450 583 Asconius·

136 605 171 669 in
192 602 413 682 editionibus,
434 624 539 689 quam
561 605 715 686 exigua,
734 607 930 684 praesertim
956 603 1003 667 ad
1021 603 1275 683 Milonianam,
1301 605 1452 673 Asconii

138 703 299 775 excerpta
325 696 484 771 retinere,
513 695 652 777 reliquis
681 694 822 756 amissis.
874 694 956 774 (luis
986 696 1072 758 enim
1102 694 1217 759 credat
1248 690 1449 780 Ascanium,

134 794 317 868 postquam
352 784 438 848 adeo
470 787 609 865 copiose
640 784 805 845 orationis
835 794 1074 865 argumentum
1103 796 1334 869 tractaverat,
1375 797 1448 853 tum

134 873 267 938 demum
288 894 481 955 perpaucas
502 874 584 936 illas
604 881 636 936 et
655 873 759 937 exiles
780 876 946 939 orationis
967 878 1071 957 ipsius
1092 876 1344 942 declarationes
1370 875 1447 941 sub·

133 967 311 1030 texuisse?
346 968 499 1047 amphora
534 963 640 1046 coepit
672 960 810 1039 iustitui3
844 976 988 1030 cumcuin
1025 977 1094 1030 rote
1128 989 1186 1029 cur
1212 989 1328 1031 urceeu
1356 965 1447 1031 eniti

132 1058 225 1121 ceree
247 1058 430 1131 Vaticanus
453 1060 612 1138 interpres
631 1050 776 1119 Asconio
799 1076 938 1137 prorsus
962 1056 1190 1124 abundantior
1213 1071 1272 1125 est.

211 1142 314 1210 Itsut
331 1156 379 1210 est
402 1147 497 1231 quod
509 1149 586 1210 item
605 1146 746 1208 lectores
764 1166 853 1209 meos
868 1151 1012 1212 monitos
1030 1151 1117 1212 volo.
1161 1151 1444 1215 Commentarium

134 1234 182 1298 ad
202 1236 370 1300 Ciceronis
393 1241 562 1300 orationes
584 1232 614 1297 ιι
629 1254 681 1296 me
703 1245 873 1316 repertum
907 1257 1013 1299 unum
1032 1238 1238 1323 eandemque
1260 1259 1350 1318 esse,
1384 1240 1445 1322 qui

134 1328 260 1406 partim
279 1329 313 1389 in
329 1325 547 1390 Ambrosiano
565 1325 692 1407 partim
711 1325 745 1386 in
767 1324 933 1391 Vaticano
957 1327 1074 1391 codice
1098 1327 1267 1405 (bobiensi
1285 1330 1443 1411 utroque)

134 1418 341 1491 continetur,
361 1417 637 1481 evidentissimum
662 1422 720 1476 est.
760 1414 918 1500 Namque
942 1418 979 1480 id
994 1418 1136 1498 planum
1151 1417 1199 1494 fit
1223 1439 1267 1482 ex
1285 1414 1439 1481 oratione

132 1525 195 1585 pro
230 1506 369 1568 Plancio
391 1527 469 1588 cap.
497 1508 582 1571 VIII.
609 1529 634 1574 1.
669 1515 814 1592 itemque
843 1526 886 1570 ex
915 1510 1067 1572 oratione
1099 1510 1132 1569 in
1161 1510 1331 1570 Vatinium
1359 1527 1438 1589 cap.

133 1594 234 1657 VIIII.
259 1606 337 1659 1.et
363 1597 445 1661 XII.
467 1601 514 1674 5.;
535 1598 655 1682 quibus
683 1604 716 1662 in
744 1598 831 1660 locis
856 1597 1041 1661 Vaticanae
1063 1596 1275 1659 membranae
1303 1617 1438 1678 prorsus

132 1684 311 1750 cohaerent
338 1708 417 1750 cum
441 1683 683 1768 Ambrosianisq
711 1693 760 1751 ita
786 1695 822 1748 ut
844 1689 1025 1748 continuus
1047 1689 1207 1751 sermonis
1228 1708 1341 1751 sensus
1361 1708 1438 1748 non·

130 1785 198 1843 nisi
222 1783 406 1844 coniuncta
432 1781 605 1862 utriusque
627 1780 756 1843 codicis
778 1797 842 1858 ope
864 1773 964 1855 effici
987 1778 1104 1857 possit.
1146 1777 1239 1856 Quid
1256 1775 1356 1839 inde?
1385 1776 1439 1839 Se·

132 1873 249 1954 quitur
269 1868 438 1947 videlicet,
460 1878 496 1930 ut
516 1872 578 1952 qui
599 1891 684 1933 unus
708 1868 861 1949 idemque
880 1865 1096 1928 Scboliastae
1119 1865 1229 1929 codes·
1245 1866 1390 1944 fuerat,
1410 1868 1436 1926 is

131 1962 164 2021 in
191 1959 274 2022 duos
296 1958 415 2020 saltem
437 1956 625 2040 dispertitus
649 1968 766 2039 postea
783 1956 914 2039 fuerit,
945 1954 1114 2020 distractis
1134 1959 1202 2018 sine
1223 1955 1342 2018 ordine
1361 1974 1436 2036 per·

130 2045 340 2130 turbatisque
347 2045 471 2127 soliis,
492 2047 571 2109 dam
590 2048 676 2110 baec
692 2068 714 2110 a
735 2052 910 2134 m‘onacbis
931 2044 1143 2111 Rodiensibus
1164 2045 1435 2116 rescriberentur,

128 2146 162 2201 et
181 2157 265 2200 mox
285 2139 319 2199 in
340 2137 430 2197 alios
451 2145 553 2219 atque
576 2137 665 2198 alios
680 2146 788 2201 tomos
801 2161 865 2220 pro
879 2139 1027 2204 novitiae
1040 2137 1230 2216 scripturae
1245 2134 1434 2198 conditione

85 2236 87 2243 '
129 2230 387 2291 coniicerentur.
426 2226 524 2288 Huic
539 2234 650 2289 tamen
666 2228 810 2305 invicto,
831 2240 867 2292 ut
885 2228 1031 2300 videtur,
1045 2226 1228 2287 ratiocinio
1244 2245 1334 2287 nunc
1349 2221 1435 2285 illud

128 2317 260 2380 obstare
279 2319 403 2392 sentio,
426 2314 520 2399 quod
539 2317 572 2377 in
595 2316 694 2379 calce
716 2316 900 2384 Vaticanus
919 2317 1070 2399 paginae
1094 2316 1159 2391 187.
1180 2314 1244 2388 (ed.
1265 2315 1357 2376 dorn-
1373 2332 1432 2392 pro

126 2411 244 2472 Plano.
267 2407 369 2469 VIIII.
393 2411 434 2484 ι.)
465 2427 568 2468 ιιιιιιιιι
591 2409 826 2490 antiquissima
847 2409 1009 2473 evidenter
1028 2402 1187 2466 scribitur
1205 2414 1288 2467 nota
1304 2415 1433 2488 quater

126 2499 235 2560 nionis
256 2497 371 2570 LVII,
392 2499 454 2579 qui
465 2496 596 2558 scilicet
611 2496 658 2557 ibi
671 2495 788 2560 desinit
804 2499 836 2560 in
853 2498 948 2565 verbo
971 2497 1139 2568 adversus,
1163 2496 1341 2576 incipiente
1356 2515 1433 2556 mox

126 2587 240 2650 LVIII.
273 2588 306 2649 in
329 2587 425 2651 verbo
455 2588 663 2650 'l'usculsncs.
704 2586 805 2673 Atqui
826 2597 859 2656 in
883 2593 1029 2657 eiusdem
1059 2590 1202 2652 Romani
1223 2587 1354 2650 codicis
1381 2607 1431 2651 es*

126 2687 233 2741 trema
252 2680 384 2758 pagina
405 2694 473 2744 211.
497 2680 561 2752 (ed.
576 2683 666 2744 llam.
679 2695 742 2755 pro
765 2680 842 2743 Mil.
865 2683 965 2744 VIIII.
992 2687 1032 2760 ι.)
1053 2678 1211 2743 scribitur
1232 2680 1311 2740 item
1332 2699 1429 2741 manu

127 2771 364 2852 antiquissima
383 2769 550 2834 evidenter
571 2781 654 2833 nota
676 2773 905 2854 quaternionis
922 2772 1051 2846 tint,
1073 2772 1135 2855 qui
1154 2768 1270 2830 desinit
1289 2772 1323 2830 in
1339 2768 1430 2833 verbo

125 2859 196 2921 snb.
217 2857 309 2940 Ergo
333 2862 365 2921 si
385 2881 488 2923 unam
517 2861 668 2946 idemque
683 2861 809 2940 fuisset
829 2864 980 2944 priscum
1002 2861 1216 2923 Scboliastae
1241 2860 1430 2940 exemplar,

125 2952 387 3015 commentarius
411 2952 579 3014 universus
600 2951 648 3014 ad
666 2953 888 3013 l'lanclanam
908 2960 984 3031 post
1000 2958 1105 3030 caput
1120 2968 1265 3023 nonum,
1288 2951 1429 3031 itemque

125 3041 173 3106 ad
190 3042 419 3105 Milonianam
440 3054 545 3125 usque
566 3040 613 3103 ad
631 3050 789 3103 octavum
811 3050 935 3124 caput,
957 3043 1059 3101 unico
1081 3038 1301 3121 quaternione
1322 3036 1428 3099 LVIII.

125 3132 398 3214 comprehensum
426 3129 577 3211 fuisset‚·
608 3131 702 3214 quod
726 3150 863 3211 prorsus
895 3152 917 3193 a
950 3133 1086 3192 veritate
1116 3126 1293 3190 abborret:
1326 3144 1429 3210 neque

123 3225 211 3287 enim
233 3243 337 3301 unus,
356 3220 417 3289 sed
426 3221 540 3303 plures
562 3223 795 3305 quaterniones
817 3220 864 3282 ad
879 3219 1080 3300 capiendam
1101 3218 1280 3279 materiam
1299 3226 1428 3280 tantam

123 3312 306 3376 necessarii
330 3319 425 3387 sunt,·
457 3311 558 3394 bique
588 3330 702 3374 revera
731 3305 866 3384 adbuc,
898 3309 1092 3392 imperfecti
1118 3309 1214 3383 licet,
1244 3317 1429 3387 supersunt.

126 3399 232 3480 Ouid,
263 3399 357 3484 qaod
384 3401 417 3462 in
443 3402 518 3481 ipsa
548 3399 744 3463 Miloniana
765 3398 1005 3481 fragmentum
1035 3417 1170 3481 quoque
1202 3399 1428 3478 quaternionis

124 3489 220 3553 LVII.
242 3489 416 3552 occurrit?
447 3490 621 3573 lleliquum
641 3500 687 3553 est
710 3491 834 3573 igitur,
867 3499 903 3551 ut
925 3490 977 3552 vel
1005 3489 1216 3549 amanuensis
1239 3487 1273 3546 in
1298 3495 1429 3569 quater·

122 3583 260 3647 nionum
282 3582 369 3641 notis
383 3578 561 3642 scribendis
584 3599 627 3643 ac
641 3580 723 3642 serie
742 3581 919 3656 erraverit,
940 3577 1073 3641 selduc
1091 3575 1306 3655 exemplaria
1323 3575 1429 3638 Sabo·

122 3671 245 3735 liastae
268 3671 454 3744 extiterint‚·
476 3689 565 3753 quae
576 3678 687 3732 tamen
702 3669 744 3731 ab
756 3669 871 3732 eudem
884 3689 1023 3750 prorsus
1037 3688 1138 3730 mana
1158 3667 1289 3746 scripta
1295 3663 1427 3745 fuerint

122 3758 315 3841 (simillima
336 3761 425 3822 enim
448 3761 622 3842 utriusque
640 3760 867 3840 palimpsesti,
890 3762 992 3820 immo
1006 3767 1038 3819 et
1062 3756 1210 3816 omnium
1229 3753 1408 3832 foliorum
1420 3799 1429 3835 ,

121 3852 292 3932 scriptura
312 3859 379 3922 est,
401 3859 438 3912 ut
456 3853 622 3931 specimen
644 3866 807 3911 excusum
822 3847 920 3912 docet
946 3856 1076 3911 servata
1089 3847 1169 3926 pari
1181 3844 1427 3907 laterculorum

120 3939 281 4015 nrodulo,
302 3947 333 4000 et
355 3938 600 4001 versiculorum
619 3940 721 4000 etiam
742 3939 776 3998 in
796 3939 941 4020 singulis
964 3937 1112 4018 pagellis
1135 3953 1286 3996 numero.
1325 3932 1426 4017 Atque

120 4026 217 4092 baud
239 4030 312 4092 scio
337 4050 381 4090 an
412 4031 463 4090 ita
488 4026 693 4110 loquendum
721 4029 763 4088 sit
788 4026 826 4090 de
856 4029 1031 4088 Frontonis
1060 4045 1195 4108 quoque
1221 4026 1424 4105 exemplari,

121 4121 240 4194 auius,
267 4139 374 4201 aeque
395 4138 439 4180 ac
466 4117 698 4196 Seboliastae‚
721 4114 821 4195 solia
844 4118 1026 4178 coniuncto
1049 4117 1081 4176 in
1106 4115 1274 4177 volumine
1298 4125 1372 4177 tum
1395 4115 1424 4174 in

120 4205 337 4273 Ambrosiana
362 4217 434 4269 tum
456 4209 558 4270 etiam
579 4209 613 4268 in
636 4207 801 4267 Vaticana
821 4205 1025 4269 bibliotbeca
1045 4214 1131 4268 sunt.
1172 4205 1261 4268 Sane
1281 4215 1311 4268 et
1330 4207 1423 4268 Fron·

120 4300 207 4361 ionis
231 4301 401 4380 scriptura
415 4297 531 4361 eadem
547 4293 724 4376 utrobique
737 4305 802 4357 est:
814 4294 917 4373 folia
940 4317 1075 4380 quoque
1097 4294 1263 4358 interdum
1281 4298 1423 4358 llomana

117 4386 413 4452 Ambrosianorurn
434 4389 552 4451 seriem
576 4387 794 4448 continuant:
815 4385 979 4448 interdum
1002 4395 1113 4449 tamen
1136 4388 1184 4447 sic
1206 4384 1423 4468 duplicantur

118 4487 231 4558 partes
255 4477 408 4560 aliquot,
431 4486 466 4539 ut
492 4476 559 4538 duo
573 4476 685 4554 fuisse
707 4474 883 4535 Frontonis
904 4476 1118 4556 exemplaria
1146 4477 1229 4538 olim
1255 4475 1422 4540 rideantur

119 4564 163 4629 ab
194 4564 308 4630 eodem
330 4567 528 4629 ausanuensi
549 4567 697 4644 scripta,
727 4582 814 4645 quae
837 4584 919 4626 mox
949 4585 971 4627 a
999 4564 1256 4630 rescribentibus
1279 4566 1420 4648 confusa

112 4654 258 4734 suerint.

1054 4791 1066 4827 l
