3210 5280
411 229 462 294 IN
485 228 627 297 ORAT.
651 229 746 296 PRO
767 228 894 294 LEGE
921 229 1141 294 MANILIA.
1375 230 1436 296 lit

117 373 189 436 Hos
222 373 388 435 adversum
429 382 568 434 senatus.
624 371 703 435 lrati
744 392 830 441 arina
863 391 1046 452 sumpsere,
1071 369 1186 442 ,missis
1221 368 1437 453 principibus.

119 467 243 531 Contra
268 467 327 530 hos
353 477 445 548 pater
468 463 617 547 Pompeii
643 464 756 529 missus
781 476 844 529 est.
888 464 980 540 Patri
1007 463 1090 527 filius
1123 464 1247 548 legatus
1276 465 1337 529 suit
1358 485 1440 548 puer

117 559 148 623 iu
170 559 282 623 studiis
306 561 346 622 ad
368 560 483 622 bellum
506 573 660 633 maturus.

200 657 374 718 Extrema
391 652 557 735 pueritia]
580 653 738 716 Veniente
755 653 843 718 Sulla
866 664 977 717 contra
998 663 1108 736 partes
1130 640 1315 731 Mariiuas,
1339 653 1440 719 Porn-

117 746 207 830 peius
229 769 271 811 ex
296 746 445 810 militibus
467 748 566 829 patris
587 769 734 832 magnum
754 748 952 830 comparavit
974 747 1168 824 exercitum3
1191 748 1316 827 Sullae,
1341 771 1465 834 quums

117 841 292 923 tyrannidis
318 841 498 906 rumoribus
519 854 703 916 notaretur,
728 843 855 905 tradidit
880 863 914 905 se
935 841 1123 923 Pompeius.

201 935 358 1000 Maximi
379 933 566 1016 exereitus]
596 933 718 999 Contra
742 935 926 1019 Clupeanos
948 936 1121 1019 fugitivos.

202 1033 314 1111 Quam
336 1027 475 1113 quitiam
496 1049 575 1090 eum
595 1029 747 1115 inimico]
772 1033 865 1095 Nunc
884 1032 946 1095 suit
967 1042 1053 1094 tanta
1076 1028 1237 1096 contentio
1263 1034 1437 1097 verborum

119 1120 201 1186 iuter
223 1123 387 1198 inimicos,
411 1134 542 1208 quantas
565 1124 786 1188 contentiones
809 1125 879 1189 telis
902 1125 1052 1190 confecit.

204 1221 318 1301 Quam
345 1218 449 1281 ceteri
470 1215 642 1300 legerunt]
666 1216 803 1282 Constat
819 1219 987 1282 Lucullum
1011 1239 1110 1304 usque
1133 1220 1172 1281 ad
1190 1230 1336 1301 tempora
1360 1240 1483 1291 con-ro

118 1313 239 1376 solatus
256 1321 421 1394 expertem
436 1311 533 1373 fuisse
553 1312 729 1384 bellorum,
743 1325 817 1394 post
832 1312 864 1374 in
880 1313 1046 1377 consulatu
1058 1312 1201 1377 historiis
1218 1313 1393 1389 studuisse,
1405 1326 1439 1378 ut

118 1408 200 1469 bella
218 1405 365 1468 destituta
384 1416 609 1489 cognosceret.
642 1405 738 1467 Hunc
753 1405 785 1468 in
799 1406 855 1470 illo
871 1407 1018 1491 dialogo,
1039 1405 1093 1490 qui
1108 1406 1259 1469 scribitur
1272 1409 1439 1484 Lucullus,

121 1501 238 1566 Cicero
251 1504 358 1574 docet,
372 1501 453 1561 unde
465 1510 495 1561 et
507 1498 538 1560 in
548 1497 723 1561 Hortensio
737 1499 890 1562 Lucullus
902 1499 1066 1563 historiam
1078 1500 1229 1563 laudarit.
1246 1501 1334 1565 Beue
1346 1522 1439 1586 ergo,

113 1599 221 1680 plura
241 1597 328 1658 bella
348 1593 474 1676 gessit,
500 1604 531 1655 et
553 1593 683 1657 attendit
705 1593 895 1670 Lucullum,
920 1595 1156 1701 quam[quqm]
1181 1595 1286 1658 aeteri
1312 1599 1369 1678 leg
1349 1618 1440 1660 ιιι.

203 1686 405 1772 Cupierunt]
437 1688 482 1751 Ut
507 1685 582 1749 dicit
606 1686 782 1766 Salustius,
807 1688 960 1752 Lucullus
988 1689 1153 1771 pecuniam
1178 1688 1310 1770 Quintio
1336 1688 1484 1801 dedit,ts

118 1806 158 1848 ne
183 1783 229 1847 illi
250 1785 490 1846 succederetur.

203 1881 285 1946 Non
307 1876 444 1956 olienis]
469 1876 602 1957 Semper
624 1896 704 1938 sunus
729 1874 881 1961 quisque,
905 1875 959 1961 qui
982 1876 1121 1940 militiam
1143 1877 1338 1962 ingreditur,
1362 1876 1443 1964 legit

120 1973 216 2038 aliena
239 1973 322 2036 iacta
345 1983 376 2034 et
398 1971 440 2033 ita
462 1969 620 2033 firmatur.

203 2063 412 2147 Praeceptis]
436 2065 460 2137 †
483 2064 618 2126 Praeter
641 2062 810 2126 Lucullum
834 2084 940 2125 secum
962 2063 1101 2126 babebat
1126 2061 1315 2129 monitores.

203 2161 283 2225 Siris
293 2157 459 2241 imperiis]
476 2157 568 2241 Ergo
580 2156 754 2238 Pompeius
766 2177 830 2220 non
843 2157 997 2241 legendo,
1013 2159 1068 2220 sed
1082 2156 1216 2223 ridendo
1227 2159 1331 2223 iactus
1340 2159 1440 2226 miles.
1452 2179 1484 2230 tt

201 2238 475 2341 Offensionibus]
498 2251 641 2332 Propter
661 2249 851 2324 Lucullum,
876 2249 931 2334 qui
951 2249 983 2313 in
1006 2251 1116 2315 Ponto
1140 2252 1275 2334 perdidit
1298 2252 1441 2320 militem.

204 2345 322 2428 Ciuile]
353 2345 528 2406 Sullanum.
580 2341 807 2433 Africanum]
837 2356 947 2408 contra
981 2343 1156 2408 Domitium
1184 2359 1215 2409 et
1241 2345 1439 2432 Clupeauoa.

119 2439 404 2523 Transalpinam]
428 2438 637 2502 Gallicanum.
681 2437 924 2521 Hispaniense]
948 2421 1067 2503 coutra-
1089 2440 1283 2505 Sertorium.

203 2533 345 2613 Servile]
370 2531 492 2597 Contra
516 2529 666 2614 reliquias
689 2530 848 2612 Spartaci.

206 2629 291 2710 Cap.
315 2627 380 2690 Xl.
404 2627 457 2689 30.
492 2624 607 2691 Testis
638 2623 754 2706 ltalia]
787 2626 932 2708 Namque
959 2624 1048 2690 Sulla
1080 2638 1192 2692 eontra
1222 2627 1441 2694 Mithridatem
1452 2657 1484 2707 2⁵

122 2724 288 2789 dimicante
317 2720 458 2784 Mariani
490 2729 728 2800 occupaverunt
756 2737 823 2780 rem
852 2717 1029 2801 publicam,
1063 2718 1105 2782 ita
1136 2731 1171 2783 ut
1200 2721 1301 2786 omnis
1329 2722 1442 2808 fugata

119 2819 269 2884 nobilitas
295 2817 334 2879 ad
358 2815 468 2879 Asiam
493 2811 690 2897 perveniret.
734 2810 909 2894 Pompeius
933 2810 1017 2875 iuter
1043 2813 1124 2877 baec
1153 2813 1282 2877 militem
1312 2816 1443 2901 collegit

121 2910 353 2986 voluntarium,
378 2929 511 2992 eumque
534 2905 661 2969 tradidit
688 2904 813 2983 Sullae,
838 2907 919 2970 unde
946 2906 1032 2970 Sulla
1058 2907 1183 2971 dicebat
1204 2908 1352 2993 Pompeii
1373 2909 1443 2974 vir·

120 3008 239 3072 tutibus
263 3005 425 3067 liberatam
448 3002 585 3066 ltaliam.

204 3098 316 3163 Testis
339 3095 471 3175 Sicilia]
504 3095 586 3176 Quia
614 3091 788 3177 lugientem
810 3093 1061 3176 praeoccupavit
1083 3092 1280 3160 Carbonem.

203 3191 332 3272 Gallia]
364 3192 508 3273 Propter
530 3189 693 3270 Hispanos
716 3187 835 3269 inrupit
857 3185 969 3250 Gallos
993 3186 1124 3251 occidit.

204 3286 257 3350 32.
284 3284 518 3368 Vectigalibus
539 3282 649 3363 nouis]
683 3281 813 3346 Piratae
836 3302 933 3367 quum
963 3280 1074 3344 multas
1100 3279 1245 3346 civitates
1267 3295 1439 3368 ceperunt,

120 3379 213 3446 etiam
237 3378 408 3463 vectigalia
435 3400 536 3441 annua
563 3377 790 3460 prohibebant.

205 3471 288 3554 Cap.
312 3472 395 3535 Xll.
419 3471 472 3534 at.
506 3476 622 3577 Quam
643 3470 751 3555 legati
769 3467 891 3553 populi
912 3468 1073 3553 Romani]
1102 3470 1262 3579 Legatum
1285 3478 1441 3558 quendam

121 3586 310 3650 oppressum
334 3586 352 3626 a
375 3563 484 3646 piratis
505 3565 610 3647 pretio
630 3585 715 3628 rrxor
737 3561 899 3626 liberavit.

205 3658 397 3725 Duodecim
430 3660 580 3740 secures]
616 3658 769 3722 lllilienus
799 3656 912 3720 consul
940 3667 1051 3742 captus
1080 3678 1151 3721 eum
1182 3657 1295 3744 legatis
1316 3660 1379 3728 suis
1411 3675 1444 3728 et

123 3777 193 3819 curu
217 3752 425 3838 insignibus
418 3752 540 3833 unperii
563 3756 758 3816 venumdatus
781 3761 841 3814 est.

207 3848 260 3910 33.
283 3846 425 3927 Portus]
454 3845 550 3910 Asiae
574 3857 686 3927 portus
710 3865 824 3927 cepere
844 3843 978 3927 piratae.

207 3944 387 4024 Spectante
416 3943 545 4024 populo
577 3938 748 4022 Romano]
782 3938 923 4003 Videbat
953 3939 1093 4023 populus
1128 3940 1313 4019 Romanus,
1348 3963 1443 4029 quum

124 4048 292 4118 raperetur
314 4033 467 4118 vectigal.
564 4044 570 4059 ⁸

1452 3141 1485 3192 39

1453 3612 1486 3663 at

1454 4081 1486 4131 ld

201 4198 227 4249 1.
248 4192 297 4246 Sic
317 4189 442 4248 distinxi.
480 4189 521 4242 Er
541 4208 591 4243 usu
612 4189 694 4243 huius
716 4193 860 4263 scriptoria
880 4205 960 4262 saepe
981 4189 1093 4244 verbum
1111 4190 1313 4248 substantivum
1334 4200 1363 4249 ln
1383 4197 1446 4252 tall·

125 4267 177 4318 bna
198 4266 414 4319 narratiunculis
433 4269 589 4319 emittentia
609 4263 717 4318 dictum
737 4282 779 4318 ιιι
798 4266 860 4317 Hos
878 4265 1029 4319 aribertum
1047 4277 1163 4320 senatus
1181 4270 1241 4324 scil.
1263 4268 1325 4325 init.
1339 4271 1444 4346 Vulgo·

125 4343 186 4392 Hos
204 4342 356 4393 adeersum
376 4351 493 4393 senatus
512 4345 583 4391 irati
601 4358 683 4393 arma
702 4358 851 4410 atemptare.
872 4340 927 4395 Oa.
966 4341 1050 4413 bpr
1051 4347 1145 4412 aritia]
1168 4344 1217 4400 Gr.
1236 4353 1394 4417 -peritia
1409 4350 1445 4405 G.

125 4418 268 4471 Praeterea
295 4416 364 4470 Edd
389 4415 490 4470 lemma
516 4416 674 4470 Tullianum
702 4416 773 4470 baud
799 4432 976 4487 agnoverunt.
1009 4417 1063 4473 Oa.
1112 4424 1137 4475 7.
1165 4420 1211 4474 Sic
1238 4421 1330 4474 Codex
1356 4438 1446 4480 aree.

126 4509 266 4548 manu·
283 4493 463 4563 Clipeanosa
485 4495 573 4565 prima
595 4508 633 4546 ιιι.
656 4492 693 4547 G.
714 4493 765 4548 Gr.
804 4500 831 4552 8.
851 4497 994 4563 qnisquam
1013 4494 1072 4547 cic.
1111 4493 1183 4550 lbtd.
1204 4497 1276 4550 Fert.
1296 4516 1445 4568 nrrnqrmam

126 4571 252 4624 (ὶ.ιοιιοι
291 4574 336 4625 12.
356 4569 399 4621 An
419 4568 451 4619 te
453 4569 517 4620 Ilico
534 4568 687 4619 instituta?
706 4566 759 4622 Oa.
799 4566 869 4621 lbid.
890 4569 920 4622 F.
938 4567 998 4622 hnc.
1024 4570 1131 4624 Gaasr.
1170 4569 1240 4625 lbial.
1260 4574 1446 4628 inscribitur?

128 4642 170 4698 ιὶι
191 4663 283 4715 qrrnm.
304 4644 410 4697 Gannv.
451 4648 495 4701 19.
514 4645 725 4714 Porupropter
744 4642 906 4709 ercrllnm
925 4648 1080 4714 quiscerem
1100 4661 1155 4698 ιιι.
1176 4644 1229 4700 Οι.
1267 4650 1446 4706 Statori?

126 4719 171 4774 52.
191 4721 320 4789 vectigal
342 4719 423 4770 vobis
442 4719 502 4772 Cle.
546 4723 648 4780 33.-
672 4717 829 4789 prabebant
847 4735 912 4772 eum
933 4723 1059 4792 signo.
1035 4729 1066 4753 Α
1088 4718 1253 4776 Codex.-
1215 4724 1447 4794 -praabebant

91 4829 95 4834 -
127 4793 176 4859 Gr.
223 4797 269 4869 66.
288 4793 413 4851 Biltenns
431 4793 596 4866 attritione,
616 4793 765 4852 Plutarcho
784 4793 932 4860 Βιλλῖιος.
972 4797 1018 4856 39.
1036 4793 1215 4870 inspectante
1229 4807 1367 4874 praetore
1386 4803 1445 4860 Cic.
