3210 5280
186 202 226 265 ii
644 256 649 267 .
717 201 944 269 Ascoulus

184 340 277 420 poni.
301 339 380 402 utin
399 342 505 404 eadem
525 342 583 402 hnc
601 341 744 405 oratione
766 353 835 404 unte
850 339 916 421 ipse
937 338 1054 404 Cicero
1075 338 1200 420 poenite
1223 337 1280 401 Sic
1291 385 1301 419 ,
1321 341 1482 422 iuquam,

184 453 236 512 se,
257 432 405 509 iudices,
426 454 475 496 res
496 432 613 510 bubett
634 455 739 517 neque
758 435 824 496 lton
839 453 862 495 u
879 456 929 498 me
944 454 1066 496 novum
1080 432 1289 512 disputatur,
1309 427 1368 492 sed
1383 450 1487 511 qnos·

185 524 286 585 sitnm
313 522 355 584 ab
387 523 466 586 oiiis
494 533 552 588 est.
595 525 659 585 Sed
687 527 748 587 hoc
776 525 851 587 ioco
882 535 912 585 et
937 521 1004 585 siue
1029 521 1263 604 praepositione
1284 516 1369 582 iliius
1394 519 1487 582 verbi

187 612 327 674 videmus
348 633 416 677 esse
441 615 596 694 positum,
631 627 663 681 et
687 625 789 679 tamen
810 628 884 697 post
908 617 1076 678 secuudum
1099 612 1215 695 aliquid
1236 610 1379 699 inferri.¹
1403 613 1486 676 Num

162 722 257 770 scum
281 704 414 781 dixerit,
437 709 628 791 usquehuc
650 729 672 770 tt
694 727 745 770 mc
765 729 885 771 novum
907 709 1115 790 disputatur:
1143 705 1256 780 infert,
1279 702 1339 767 sed
1355 704 1486 787 quaesi·

187 807 258 859 tum
278 797 321 860 ub
342 798 420 862 ultis
440 807 497 862 esi.

683 901 843 1010 usu'to
865 937 996 1008 ross.

272 1064 331 1141 (2.)
353 1062 445 1140 Quid
463 1084 537 1126 vero
558 1064 702 1128 alterum
723 1066 878 1128 Crassum
896 1061 1098 1144 temporibus
1118 1061 1240 1126 eisdem
1258 1093 1299 1109 ·-
1320 1079 1402 1121 uum
1422 1067 1484 1121 out

189 1155 371 1262 clarissimi
389 1154 453 1214 siri
475 1151 558 1214 Iulii
576 1161 637 1214 out
660 1173 791 1216 summo
805 1156 939 1234 ingenio
952 1151 1124 1235 praeditus
1139 1150 1189 1214 M.
1202 1149 1359 1215 intortius
1371 1149 1484 1231 potuit

147 1244 339 1397 wimundi?
359 1333 447 1394 niter
468 1331 605 1394 ormam
633 1328 714 1393 idem
744 1340 807 1405 est,
844 1331 882 1393 de
911 1351 976 1415 quo
1009 1351 1103 1412 supra
1131 1326 1276 1391 diximus.
1330 1329 1486 1392 Alterum

187 1437 293 1490 autem·
318 1446 387 1488 cunt
412 1423 569 1505 appellat,
594 1421 667 1505 quia
689 1433 760 1485 ante
791 1421 975 1486 mentionem
1006 1422 1082 1485 iecit
1109 1421 1151 1485 Ρ.
1183 1418 1311 1495 Crassi,
1346 1419 1400 1502 qui
1427 1419 1487 1482 fuit

188 1517 340 1582 Pontifex
362 1514 522 1578 Maximus
552 1523 584 1576 et
610 1514 695 1577 bello
719 1514 892 1578 Aristonici
913 1513 944 1577 iu
970 1516 1046 1579 Asia
1069 1514 1153 1577 dedit
1174 1534 1321 1594 operam,
1345 1525 1378 1575 ut
1399 1511 1485 1576 occi-

189 1614 326 1672 deretur.
369 1606 468 1670 Iulios
497 1617 599 1668 nutem
632 1627 701 1669 cum
730 1606 823 1684 dicit,
858 1610 938 1670 duos
974 1608 1126 1674 Caesares
1155 1609 1289 1682 iratres,
1320 1605 1432 1671 Caium
1455 1617 1486 1668 et

147 1701 344 1775 ssLucium,
367 1699 545 1784 significatt
570 1701 743 1784 exquibus
765 1700 885 1763 Lucius
911 1713 941 1762 et
965 1702 1074 1765 consul
1097 1712 1128 1764 et
1154 1721 1267 1764 censor
1287 1699 1366 1773 iuit3
1390 1697 1486 1764 Caius

190 1793 343 1857 aedilitios
366 1791 489 1875 quidem
515 1792 644 1856 occisus.
664 1804 729 1868 est,
765 1794 820 1855 sed
844 1804 960 1855 tuntum
985 1793 1017 1855 in
1042 1793 1166 1856 civitate
1190 1791 1312 1874 potuit,
1336 1801 1371 1853 ut
1392 1810 1485 1854 caiisa

189 1885 264 1948 belii
284 1883 384 1947 civilis
406 1883 654 1947 contentiosius
675 1906 745 1947 cum
767 1886 908 1968 Snipicio
929 1885 1058 1948 tribuno
1074 1883 1182 1948 inerit.
1209 1884 1306 1946 ·Nam
1325 1894 1356 1946 et
1376 1903 1484 1963 spera·

189 1981 245 2041 bat
269 1988 300 2040 et
328 1977 359 2040 id
386 1978 499 2061 agebat
527 1975 666 2051 Cacsar,
703 1990 738 2041 nt
764 1981 875 2043 omissa
899 1990 1044 2061 praetura
1066 1979 1176 2041 consul
1197 1975 1308 2039 fieret:
1341 1975 1484 2037 cuicum

189 2069 297 2152 primis
322 2069 515 2152 temporibus
540 2069 610 2132 iure
632 2070 789 2152 Sulpicius
813 2071 993 2147 resisteret,
1027 2083 1140 2152 postea
1169 2071 1260 2132 nimia
1285 2068 1485 2131 contentione

147 2166 229 2228 tund
254 2164 373 2226 ferrum
399 2164 488 2226 etad
508 2184 590 2225 arma
612 2164 782 2245 processit.
825 2165 911 2227 Idem
933 2163 1015 2226 inter
1036 2163 1154 2245 primos
1175 2161 1325 2244 temporis
1345 2161 1392 2223 sui
1414 2181 1485 2223 ors·

119 2266 279 2337 [tsrltores
302 2266 333 2317 ct
354 2254 494 2339 tragicus
517 2258 614 2338 po'e'ta
635 2257 735 2319 bonus
761 2257 1077 2336 admodttmhabitus
1099 2267 1164 2328 est;
1187 2255 1276 2317 buius
1302 2264 1375 2315 sunt
1406 2252 1485 2315 enim

190 2346 394 2431 tragoediae,
425 2369 505 2431 quae
526 2346 739 2410 inscribuntur
760 2349 852 2412 lotii.
896 2347 941 2411 Hi
969 2360 1070 2411 nutem
1096 2345 1168 2410 lulii
1194 2357 1227 2409 et
1256 2345 1414 2424 Antonius
1445 2347 1493 2406 ab⁴

281 2576 307 2632 5.
327 2580 354 2626 et
372 2573 443 2638 sisse]
465 2570 548 2642 Lngd.
566 2571 632 2624 Hos.
653 2571 728 2624 Man.
748 2571 828 2625 Creo.
851 2600 886 2613 -
906 2582 938 2625 ut
956 2577 1015 2623 sim
1034 2570 1102 2624 alter
1119 2569 1205 2623 codex
1225 2569 1419 2625 Ambrosianus
1439 2570 1486 2636 (ab

189 2646 274 2701 altero
295 2662 353 2700 tota
372 2645 447 2699 abest
466 2645 534 2698 haec
552 2645 689 2717 particula
707 2651 840 2700 orationis
858 2646 909 2697 sed
925 2648 975 2698 ltoe
994 2647 1054 2698 ioco
1073 2651 1140 2711 cet.)
1155 2647 1243 2698 Prtoc.
1256 2643 1364 2699 Beraid.
1378 2644 1437 2698 ΔΜ,
1453 2669 1486 2686 -

189 2729 246 2774 ss'rse
266 2720 333 2776 Lod.
455 2729 459 2735 ’
853 2724 879 2779 5.
898 2721 984 2789 iliius]
1004 2723 1087 2772 uilius
1105 2717 1172 2772 Lod.

260 2797 308 2923 1ῐῖ1.
326 2792 463 2921 utimum]
482 2791 567 2865 Lugd.
586 2794 650 2848 Hot.
670 2794 749 2851 Man.
768 2797 849 2850 Creu.
875 2822 910 2838 -
935 2795 1076 2848 uideamus
1093 2794 1159 2848 alter
1188 2794 1249 2849 cod.
1275 2793 1369 2848 Ambr.
1382 2795 1486 2847 Ptine.

188 2872 259 2926 Bera
290 2911 296 2924 .
317 2871 349 2923 Al
370 2905 378 2922 .
460 2904 468 2922 .
591 2910 593 2915 .

264 2941 334 2996 lbid.
350 2944 431 3014 post]
459 2939 544 3012 Lngd.
564 2941 627 2995 iiot.
648 2941 724 2996 Man.
744 2941 824 2995 Creu.
852 2971 890 2986 -
913 2949 1020 3013 quossi
1039 2943 1106 2996 alter
1125 2941 1186 2997 cod.
1206 2941 1298 2998 Ambr.
1319 2944 1408 2997 Ptine.
1430 2943 1487 2996 Be·

190 3017 257 3072 rtid.
278 3046 313 3061 -·
328 3021 423 3088 posuit
442 3015 503 3070 ΔΜ.
523 3013 591 3070 Lod.

282 3096 309 3150 5.
328 3092 444 3158 dixerit]
464 3087 675 3144 Princ.Bera1d.
693 3086 754 3146 sid.
774 3089 842 3145 Lod.
860 3119 897 3134 ·-
915 3090 990 3142 discit
1010 3090 1094 3164 Lngd.
1114 3092 1178 3145 Hot.
1198 3094 1275 3146 Man.
1294 3091 1375 3144 Cren.
1414 3089 1487 3160 ,sed

189 3183 316 3240 cumpro
337 3165 401 3217 iicet
420 3168 508 3235 posita
528 3168 639 3218 asciscit
658 3163 891 3220 subiunctivnm.”
918 3167 1037 3220 uoluit.

283 3245 309 3300 7.
329 3256 384 3294 om.
406 3237 474 3292 Lod.
493 3238 578 3311 Lngd.

282 3318 309 3372 8.
331 3313 404 3383 Quid
420 3316 500 3381 vero]
533 3314 782 3385 ,interrogationis
802 3318 910 3384 signnm
925 3313 971 3366 hic
985 3314 1098 3380 sustuli,
1117 3330 1146 3368 nt
1160 3330 1301 3389 appareret
1316 3314 1487 3386 pleonasmus

189 3403 334 3520 &ditm
354 3391 592 3460 interrogationis,
609 3385 706 3441 deinde
726 3387 780 3440 ulio
793 3387 891 3523 mdsso‘
911 3403 991 3532 quain
1005 3407 1059 3460 qno
1072 3391 1199 3517 ilnchosta
1213 3405 1298 3454 esset,
1319 3389 1487 3518 θὲωΙῶιιῳ

297 3500 306 3518 .
870 3479 960 3515 ‚uum
996 3482 1061 3515 nam
1104 3469 1172 3517 rinc.
1191 3492 1227 3508 ·-
1247 3481 1302 3518 om.
1345 3481 1391 3516 ers
1421 3500 1429 3516 .

131 3542 137 3551 “
282 3541 309 3595 9.
327 3536 476 3589 clarissimi
493 3539 552 3587 viri
569 3535 645 3603 Iulis]
665 3535 836 3587 clarissimus
852 3542 900 3588 vir
918 3537 1004 3589 laum
1025 3536 1129 3592 Beraid.

265 3610 336 3664 ibid.
355 3612 480 3678 ingestio]
499 3615 614 3681 imperio
634 3607 695 3683 cod.
715 3611 856 3665 Ciceronis
876 3606 1070 3678 Tsnrinet'tsis,
1088 3631 1168 3684 quern
1187 3627 1294 3665 secutus
1314 3628 1356 3665 est
1370 3615 1485 3683 Peyron.

190 3687 399 3758 ¹,Praetulimus
418 3684 564 3738 lectionem
583 3688 705 3752 iugenio.
742 3686 813 3739 Nam
833 3701 947 3756 optumo
966 3693 1079 3757 quisque
1098 3706 1124 3741 et
1138 3685 1366 3758 splendidissumo
1380 3690 1489 3756 ingenio

189 3763 269 3833 longe
289 3762 432 3812 honestam
451 3773 567 3811 mortem
588 3763 657 3810 sitne
677 3776 739 3812 cum
760 3764 910 3832 ignominis
929 3776 956 3813 et
975 3761 1106 3814 dedecore
1126 3761 1296 3833 anteponit'*
1316 3761 1434 3814 uultu.

264 3833 335 3887 ibid.
352 3833 510 3903 praeditus]
528 3831 656 3902 preditus
676 3836 765 3887 Ptine.
853 3843 898 3892 11.
915 3835 986 3888 idem
1005 3839 1058 3902 est]
1080 3846 1122 3888 est
1139 3837 1209 3887 idem
1228 3834 1295 3889 Lod.

263 3913 308 3966 13.
327 3907 413 3979 Asin]
440 3910 539 3958 Asiam
557 3909 649 3961 Princ.
852 3911 896 3966 ils.
915 3909 994 3978 diest]
1015 3910 1092 3962 dedit
1111 3914 1201 3964 Ptine.

262 3987 308 4040 15.
326 3983 423 4034 consul
439 3990 467 4034 et
486 3985 593 4050 centor]
627 3980 792 4054 Madvigius.
811 4011 848 4026 -
866 3986 963 4035 consul
985 3993 1013 4035 et
1034 3995 1151 4056 praetor
1181 3991 1289 4055 (pretor
1312 3985 1371 4047 Pr.)
1395 3984 1488 4036 Priuc.

190 4056 297 4112 Bet-ald.
322 4055 383 4111 Aid.
403 4054 470 4109 Lod.
488 4085 523 4099 ·-
538 4066 656 4125 praetor
679 4066 707 4107 et
725 4058 821 4108 consul
843 4058 929 4128 Lugd.
947 4059 1011 4112 Hot.
1031 4061 1107 4113 Man.
1134 4060 1212 4112 Creu.
1240 4087 1276 4101 ···
1304 4056 1401 4126 ,Quid
1421 4075 1489 4129 opus

190 4137 219 4185 in
243 4131 377 4203 dignitate
410 4129 528 4182 bominis
554 4129 730 4200 significanda
759 4146 899 4204 prsetnrse
927 4140 1204 4200 commemoratione,
1237 4149 1304 4205 qnae
1330 4131 1490 4185 consulatus

189 4206 323 4276 dignitate
342 4203 525 4257 obruebatur?
552 4221 598 4257 sut
618 4204 682 4278 qnid
703 4211 837 4277 ineptius,
865 4224 947 4278 quum
968 4209 1016 4261 illo
1037 4225 1159 4280 tempore
1179 4225 1260 4259 nemo
1281 4207 1377 4258 consul
1397 4207 1489 4270 fieret,

190 4286 236 4352 qni
256 4297 311 4333 non
331 4294 439 4352 prsetor
457 4277 571 4332 inisset?
597 4296 645 4332 cur
665 4278 780 4350 deniqne
799 4285 937 4334 omittitur
957 4300 1077 4338 summus
1096 4283 1238 4350 dignitatis
1257 4280 1399 4347 cumulus,
1419 4298 1489 4333 cen-

190 4370 267 4418 sura,
294 4369 376 4479 :idm
401 4359 483 4425 gessit
503 4355 550 4407 hic
569 4354 750 4481 Luciusdcum
771 4359 799 4410 P.
819 4359 927 4409 Licinio
948 4357 1046 4449 Crnsso
1066 4374 1089 4411 n.
1111 4356 1188 4416 665?
1218 4357 1490 4453 Scripsitndscouins

190 4439 219 4482 et
230 4447 310 4564 core,
329 4437 487 4574 :gdffisizi
499 4444 638 4555 Rigida?
651 4445 1007 4558 hiensppgseffipraeturse
1021 4451 1049 4484 tn
1061 4430 1144 4525 fratre
1159 4447 1338 4485 mentionem.
1372 4430 1489 4484 Mtuv.

264 4587 308 4636 18.
325 4582 473 4648 praetura]
489 4586 606 4647 pretores
626 4580 717 4631 Prino.
854 4581 898 4637 19.
917 4580 1061 4650 Sulpicius]
1082 4581 1216 4648 Sulpititss
1236 4580 1324 4632 Ptine.
1343 4577 1453 4649 ubique.

263 4657 309 4708 20.
328 4656 470 4722 temporis]
489 4653 657 4720 temporibus
675 4656 754 4707 cren.
849 4660 894 4710 21.
913 4655 1010 4722 bomss]
1037 4672 1091 4708 otn.
1111 4656 1190 4710 Creu.

263 4731 308 4783 22.
327 4725 503 4794 tragoedias]
523 4728 668 4795 tragediae
688 4729 780 4781 Ptine.
852 4734 896 4784 22.
917 4730 966 4797 Hi]
987 4730 1092 4783 Berold.
1114 4730 1180 4781 Lod.
1200 4758 1234 4771 -
1252 4736 1280 4779 et
1298 4726 1327 4778 lu·
1346 4732 1441 4780 ceteri.
