3210 5280
598 250 646 312 tu
670 247 975 316 utsoutauant.
1412 254 1431 319 9

203 388 353 454 Diximus
376 390 421 452 L.
444 388 564 454 Pisone
591 401 621 452 et
651 391 694 453 Α.
722 389 857 455 Gabinio
888 413 969 456 coss.
992 393 1034 455 P.
1068 390 1233 468 Clodium,
1271 393 1429 457 tribunum

116 485 242 567 plebis,
265 495 418 565 qttattuor
440 484 527 567 leges
548 482 741 564 perniciosas
758 486 880 564 populo
893 487 1039 548 Romano
1058 487 1185 559 tulisse;
1208 487 1431 562 annonianam,

117 582 157 642 dc
180 600 242 664 qua
262 577 381 643 Cicero
403 578 591 640 mentionem
605 578 668 639 hoc
689 576 762 639 loco
785 597 846 640 non
870 577 945 639 laeit
967 578 1037 656 (tuit
1060 579 1139 640 enim
1160 600 1277 640 summe
1295 580 1429 660 popula·

117 673 195 751 ris),
233 682 267 734 ut
293 670 486 734 strumentum
512 670 652 752 populo,
685 671 773 752 quod
796 682 886 733 antea
910 672 1003 733 semis
1034 671 1115 733 aeris
1145 693 1182 734 ao
1207 672 1374 743 trientibus
1398 673 1430 735 iu

117 764 263 848 singulos
287 764 411 827 modios
432 766 585 839 dabatur,
624 763 722 847 gratis
755 765 904 838 daretur3
940 766 1088 840 alteram,
1128 766 1257 847 nequis
1288 787 1346 847 per
1374 777 1456 829 eost

117 858 205 933 dies,
228 856 344 938 quibus
367 877 437 918 eum
462 856 584 937 populo
605 857 656 940 agi
680 856 806 931 liceret,
831 861 868 920 de
889 858 981 921 coelo
1004 871 1161 933 servaret,
1183 870 1430 940 propterquam

120 951 323 1033 rogationem
342 950 385 1013 ait
410 950 511 1035 legem
535 952 655 1014 Fufiam
681 962 712 1011 et
732 948 877 1025 Aeliam,
902 952 1141 1034 propugnacula
1164 963 1195 1013 et
1215 972 1320 1015 minos
1346 963 1431 1010 tran-

119 1044 286 1129 quillitatis
312 1054 408 1128 atque
431 1043 506 1120 otii,
537 1064 679 1106 eversam
703 1065 791 1106 esse:
816 1044 1016 1107 obnunciatio
1040 1044 1138 1122 enim,
1168 1065 1228 1126 qua
1247 1041 1432 1123 perniciosis

119 1136 244 1220 legibus
268 1135 493 1213 resistebatur,
529 1160 620 1221 quam
647 1138 737 1201 Aelia
760 1137 812 1199 lex
835 1136 1094 1211 confirmaverat,
1119 1148 1187 1199 erat
1207 1136 1345 1208 sublata;
1368 1147 1431 1196 tet·

120 1229 194 1293 tiam
229 1231 269 1292 de
302 1229 447 1311 collegiis
468 1228 666 1293 restituendis
688 1228 844 1313 novisque
864 1230 1075 1305 instituendis,
1106 1251 1185 1315 quae
1206 1229 1249 1291 ait
1269 1252 1311 1292 ex
1330 1228 1474 1291 servi-tt

120 1324 238 1386 tiorum
267 1321 357 1385 faece
379 1322 567 1398 constituta,
590 1335 750 1406 qttartam,
775 1346 923 1406 nequem
950 1344 1098 1386 censores
1117 1326 1147 1387 in
1168 1333 1276 1386 seuatn
1296 1322 1431 1405 legendo

121 1416 351 1498 praeterirent,
376 1438 456 1479 neve
479 1440 540 1500 qua
565 1416 736 1500 ignominia
762 1419 938 1492 allicerent,
971 1418 1028 1479 nisi
1061 1417 1114 1502 qui
1143 1420 1226 1498 apud
1254 1436 1308 1478 eos
1337 1435 1430 1475 accit-

120 1520 207 1573 satus
229 1521 262 1573 et
283 1509 445 1594 utriusque
466 1511 608 1573 censoris
632 1510 783 1573 sententia
799 1514 960 1573 damnatus
979 1523 1079 1574 esset:
1103 1513 1161 1573 bae
1180 1530 1260 1593 ergo
1277 1509 1343 1570 eius
1360 1507 1431 1590 lege

122 1624 306 1681 censuram,
331 1625 413 1689 quae
435 1604 584 1688 magistra
605 1604 737 1686 pudoris
760 1615 790 1666 et
812 1605 984 1667 modestiae
1007 1616 1074 1680 est,
1097 1604 1249 1667 sublatam
1272 1602 1326 1664 ait.

619 1725 778 1790 PAULO
802 1724 932 1789 POST.
1443 1749 1473 1798 ts

204 1827 250 1905 (ς.
275 1826 344 1905 tt.)
367 1830 562 1911 Persequere
586 1829 788 1890 continentes
808 1826 858 1887 bis
871 1825 1058 1906 funeribus
1079 1825 1157 1890 dies.
1205 1828 1268 1889 Pro
1295 1825 1430 1892 Aurelio

120 1918 308 1996 mbunati,
328 1940 368 1982 ne
398 1921 591 1980 connivente
614 1915 749 1998 quidem
777 1925 827 1990 te,
862 1917 957 1999 quod
984 1918 1094 1996 ipsum
1119 1926 1200 1980 esset
1222 1919 1350 1998 scelus,
1375 1919 1435 1984 sed

121 2013 225 2074 etium
246 2007 468 2071 hilarioribus
489 2006 620 2080 ocutis,
643 2026 747 2087 quam
762 2007 882 2067 solitus
907 2026 1000 2081 eras,
1021 2008 1183 2073 intuente.
1206 2006 1348 2071 dilectus
1367 2030 1432 2072 ser·

123 2120 241 2161 eorum
257 2097 446 2162 debebatur
469 2096 512 2159 ab
529 2116 591 2172 eo,
613 2095 674 2176 qui
691 2095 777 2155 nibil
799 2093 865 2157 sibi
883 2115 1034 2178 unquam
1053 2114 1113 2157 nec
1128 2094 1254 2174 faeere
1273 2117 1335 2160 neo
1356 2100 1503 2180 potinus]

123 2198 222 2270 turpe
242 2187 353 2250 duxit.
1442 2211 1473 2260 2⁰

208 2277 367 2342 Profecto
385 2273 571 2356 intelligitur
593 2275 634 2338 P.
659 2272 806 2337 Clodium
831 2271 1012 2356 significari.

494 2375 637 2442 CIRCA
661 2375 794 2438 VERS.
811 2376 850 2449 ,A
872 2374 1024 2438 PRIMO
1041 2374 1058 2408 ¹*

208 2471 297 2536 Dicit
319 2474 357 2534 de
381 2468 525 2535 Castoris
548 2469 689 2550 templo:

218 2585 246 2632 1.
266 2584 294 2626 et
315 2580 351 2627 A.
371 2575 501 2639 Gabinio]
527 2573 613 2645 tuga.
640 2573 705 2626 Hot.
729 2573 806 2626 Mau.
827 2576 908 2624 Creu.
927 2601 965 2614 -
984 2581 1012 2622 et
1031 2572 1138 2625 Gabino
1157 2575 1249 2628 Princ.
1268 2573 1375 2627 Berald.
1396 2603 1432 2616 -

125 2660 153 2704 et
171 2651 293 2706 GabinIo
312 2650 375 2703 alu.
396 2646 465 2701 tod.

217 2731 245 2781 2.
261 2725 364 2795 populo
383 2722 517 2789 Romano]
546 2722 593 2775 Sic
612 2720 732 2794 (scilicet
751 2738 799 2793 per
818 2719 1009 2793 compendium
1026 2741 1056 2792 p.
1075 2721 1117 2795 r.)
1136 2723 1226 2776 Ptine.
1248 2724 1352 2777 berald.
1372 2721 1432 2779 std.

127 2799 195 2855 ted.
214 2830 249 2844 -
270 2805 317 2851 ret
329 2799 454 2870 pttblieas
473 2795 559 2869 bugd.
581 2798 646 2850 blot.
664 2796 744 2849 tuan.
763 2825 797 2837 -
818 2814 873 2850 om.
894 2797 977 2850 Creu.

199 2872 271 2930 lbid.
285 2876 491 2940 eunomianum]
511 2876 696 2923 annonariam
715 2870 813 2926 Graes.

216 2954 244 3009 3.
264 2955 430 3001 mentionem
448 2946 498 3000 boc
516 2947 588 3014 maa]
609 2948 702 3000 Ptine.
727 2942 835 3000 Rertld.
861 2943 929 2998 Lod.
958 2974 993 2988 ·-
1021 2943 1071 2997 laos
1095 2945 1154 2997 loco
1182 2951 1347 2999 mentionem
1374 2945 1432 3002 ΔΜ.

126 3024 212 3099 lugd.
232 3026 298 3078 itot.
318 3028 395 3078 Mau.
416 3024 497 3076 Creu.

216 3103 246 3158 11.
263 3103 347 3151 semis
365 3103 441 3150 aeris
458 3116 492 3149 ao
512 3095 671 3165 trientibus]
691 3095 776 3169 Lngd.
796 3097 860 3149 Hut.
881 3095 956 3148 Man.
976 3095 1057 3148 Creu.
1070 3094 1202 3165 probante
1216 3096 1379 3150 Garatonio.
1393 3125 1431 3139 -·

125 3180 199 3227 senis
217 3179 293 3225 aeris
312 3211 320 3226 .
340 3209 348 3225 .
369 3210 377 3226 .
395 3192 414 3225 a
432 3172 539 3225 civibus
557 3173 648 3226 Priuc.
668 3199 705 3215 -
723 3176 797 3223 senis
815 3176 890 3221 aeris
908 3170 1016 3222 civibus
1033 3169 1141 3222 Bersld.
1162 3199 1197 3212 -
1216 3177 1290 3222 senis
1308 3177 1383 3222 aeris
1401 3190 1434 3223 ae

126 3252 275 3302 trientibus
300 3247 361 3302 ald.
389 3246 456 3301 Lod.
488 3276 525 3290 -
556 3247 647 3315 ,Cum
674 3251 702 3298 in
721 3251 845 3298 oratione
865 3262 914 3318 pro
941 3245 1029 3298 Sestio
1060 3248 1132 3318 [cap.
1153 3252 1198 3304 25.
1217 3248 1240 3314 ᾗ.
1261 3248 1321 3316 55]
1351 3245 1384 3299 de
1405 3248 1433 3298 P.

127 3324 218 3379 Clodii
246 3322 351 3394 legibus
370 3324 440 3376 haee
460 3327 561 3394 scripta
580 3319 839 3373 animadverterem:
865 3321 953 3373 Lutne
971 3328 1037 3371 sunt
1055 3353 1072 3363 -
1090 3346 1107 3356 -
1126 3355 1143 3365 -
1163 3356 1180 3367 -
1198 3329 1229 3373 ut
1247 3326 1370 3372 remissis
1387 3338 1435 3370 se-
1476 3360 1483 3372 .

126 3401 252 3453 missibus
264 3407 292 3451 et
304 3397 454 3450 trientibus
469 3404 566 3467 pssintu
578 3414 665 3467 prope
674 3413 745 3464 pars
756 3397 935 3462 uectigalium
948 3396 1109 3448 tolleretur:
1130 3415 1190 3448 curn
1205 3397 1288 3460 baec,
1309 3401 1431 3465 inquam,

127 3476 263 3548 legerem,
291 3490 347 3526 non
373 3472 512 3538 dubitavi,
541 3476 607 3543 quin
632 3489 681 3544 pro
700 3476 774 3522 senis
792 3476 868 3522 ueris
885 3470 1028 3543 legendum
1048 3486 1120 3524 esses
1140 3477 1221 3522 semis
1240 3476 1331 3522 aeris:
1362 3469 1434 3542 quod

129 3551 196 3604 valet
216 3547 392 3600 semissibus:
419 3564 482 3600 nam
509 3552 589 3597 ternis
612 3545 821 3609 indeclinabile,
850 3562 877 3598 et
902 3551 978 3597 aeris
995 3560 1035 3598 est
1055 3562 1106 3616 pto
1124 3546 1256 3601 assibus.”
1285 3545 1428 3600 Metitur.

129 3622 207 3678 Cani.
221 3624 292 3679 Livii
311 3627 378 3694 epit.
395 3621 446 3678 ltb.
467 3624 527 3678 tx.
546 3624 642 3674 Fateor
661 3636 752 3674 tamen
771 3622 933 3674 Masuriana
954 3621 1074 3673 lectione
1090 3624 1133 3674 vix
1146 3620 1325 3675 tolerabiliter
1336 3621 1430 3673 locunt

129 3703 241 3755 Asconii
260 3703 419 3751 restitutum
439 3715 497 3750 esse
517 3697 587 3749 mihi
606 3696 706 3749 uideri:
737 3711 900 3766 quamquam
922 3696 1063 3748 meliorem
1084 3715 1236 3770 proponere
1257 3715 1312 3749 nou
1330 3696 1429 3748 habeo.

130 3777 170 3829 ue
187 3790 270 3828 sensu
290 3773 364 3825 nulla
383 3787 424 3825 est
443 3772 589 3826 dubitatio.
628 3771 732 3824 Locum
754 3790 786 3824 es
806 3775 953 3836 memoria,
973 3786 1002 3824 ut
1022 3768 1143 3841 videtur,
1162 3772 1304 3826 Turnebus
1324 3769 1435 3825 Advers.

129 3848 148 3904 l.
170 3850 250 3904 xttt.
269 3865 295 3901 c.
317 3854 361 3907 13.
383 3853 425 3900 sie
443 3854 526 3911 citat,
554 3844 782 3917 quemadmodum
810 3863 872 3898 eum
898 3851 927 3901 iu
955 3844 1016 3900 cod.
1043 3847 1134 3919 aliquo
1154 3848 1207 3921 legi
1227 3847 1340 3900 vellem:
1365 3843 1438 3916 quod

128 3934 192 3977 ante
209 3922 369 3974 semissibus
387 3931 414 3974 et
434 3921 582 3975 trientibus
600 3927 631 3972 tn
649 3923 774 3988 singidos
792 3923 898 3974 modius
916 3920 1046 3979 dabatur.

220 4003 246 4054 7.
268 3995 389 4068 Fufiam]
416 4001 548 4051 idam-
570 3997 681 4050 mistam
700 4001 795 4050 ceteri.

218 4076 246 4128 8.
266 4073 406 4144 euersam]
427 4072 510 4144 Lngd.
530 4072 594 4124 Hot.
616 4071 692 4124 stan.
714 4072 795 4125 Creu.
816 4100 851 4112 -
872 4090 969 4123 eversa
989 4073 1082 4127 Ptine.
1103 4071 1209 4125 berald.
1231 4069 1292 4125 ald.
1316 4069 1385 4125 Lod.

202 4153 246 4206 1ο.
266 4166 335 4216 quae
354 4179 373 4190 -
392 4181 408 4192 -
427 4145 594 4218 constituta]
628 4146 714 4219 Lugd.
735 4148 797 4200 Hot.
818 4147 894 4199 Man.
922 4148 1004 4199 Creu.
1025 4175 1061 4187 -
1079 4166 1160 4215 pisam
1180 4179 1198 4191 -
1216 4179 1235 4190 -
1254 4153 1435 4198 constitutam

129 4223 221 4277 Ptine.
240 4222 346 4276 berald.
366 4221 428 4276 utd.
450 4221 514 4275 Lod.
794 4227 837 4280 12.
856 4225 914 4292 qui]
935 4228 996 4290 quis
1014 4221 1122 4276 Berald.

167 4300 177 4317 ’
202 4299 247 4355 11.
267 4301 321 4364 ait]
344 4298 427 4368 Lngd.
449 4299 513 4352 llot.
532 4298 610 4349 Mun.
632 4295 713 4349 Creu.
733 4324 770 4337 —
789 4297 868 4348 addit
887 4299 979 4351 Princ.
999 4297 1058 4351 Ald.
1079 4295 1147 4352 Lod.
1175 4327 1210 4340 -
1240 4298 1308 4351 dicit
1327 4299 1434 4352 Berald.

204 4379 248 4432 15.
269 4390 325 4424 om.
347 4372 412 4425 Lod.
433 4371 517 4444 tugd.
535 4373 613 4425 Man.

202 4450 248 4506 16.
266 4450 449 4514 continentes]
473 4453 562 4501 t'riae.
582 4445 688 4501 Berald.
711 4443 776 4499 tot.
797 4474 832 4488 —
851 4465 991 4498 contusos
1009 4445 1070 4501 Ald.
1092 4464 1119 4501 et
1138 4465 1212 4519 seqq.

205 4528 247 4579 17.
268 4523 415 4590 tribunall]
436 4523 549 4576 tribuno
569 4525 661 4577 Ptine.

203 4596 274 4651 lbid.
293 4616 328 4649 ne
346 4602 520 4665 connivente]
543 4598 603 4651 ald.
623 4615 649 4650 et
669 4613 743 4669 seqq.
764 4625 800 4640 -
820 4615 868 4647 nee
887 4604 1025 4647 annuente
1040 4598 1130 4649 Princ.
1153 4625 1183 4637 -
1205 4615 1253 4648 nee
1272 4603 1437 4649 contrivente

130 4671 234 4726 berald.
797 4677 841 4728 17.
862 4675 943 4737 esset]
964 4689 1021 4721 ess.-
1041 4673 1119 4724 ttan.

201 4754 248 4806 18.
266 4751 342 4815 eras]
363 4757 427 4799 erat
447 4749 537 4800 Princ.
728 4768 730 4773 ’
799 4755 843 4805 18.
862 4746 989 4812 detectus]
1011 4747 1101 4798 Princ.
1115 4773 1149 4786 —
1167 4745 1286 4798 detectm
1305 4752 1398 4801 ceteri.

199 4829 246 4881 2ο.
265 4821 364 4892 uate]
382 4823 458 4875 duait
476 4824 543 4878 llos.
795 4827 841 4878 22.
863 4838 919 4875 om.
939 4820 1006 4874 Lod.
1028 4819 1114 4892 bugd.
1135 4821 1199 4875 ilot.
1219 4821 1297 4876 Man.
