3210 5280
482 195 531 258 ru
554 194 696 261 onan.
718 195 812 261 rao
834 190 1056 295 renuero.
1361 158 1449 250 nes‘

192 307 397 436 Numquam
424 339 518 428 euim
545 339 744 432 nobilitas,
770 341 914 438 integra
939 335 1160 436 praesertim
1186 342 1296 431 atque
1321 333 1423 404 inno-

116 457 227 542 cens,
254 473 275 522 a
300 448 436 547 populo
463 449 618 547 supplex
645 449 846 548 repudiato
866 448 969 547 suit.

201 567 406 648 Exprobrat¹
439 564 604 629 identidem
636 563 834 647 superbiam,
869 568 957 648 qrtod
986 562 1078 626 nimia
1109 560 1222 626 liducia
1251 560 1423 625 nobilitatis

119 656 301 742 dedignatus
323 659 362 722 sit
383 663 506 740 populo
529 659 727 741 supplicare,
751 679 788 720 ac
808 669 979 739 propterea
1002 679 1065 722 non
1087 657 1294 740 inpetrarerit
1316 655 1424 719 aedili·

119 758 227 826 tatem,
252 772 333 835 qtrae
356 772 373 812 a
396 751 529 816 Plancio
553 751 757 814 verecundius
780 764 873 835 atque
897 751 1060 814 demissius
1082 761 1257 847 peteretur.
1453 765 1466 810 s

194 874 296 948 XXl.
327 868 361 948 l.
401 875 502 949 drus
528 899 619 949 vero
645 884 729 949 tuus
756 886 794 950 et
820 875 864 949 P.
892 873 1053 949 Nasioa²
1091 873 1182 949 tibi³
1221 874 1424 948 aediliciam

117 988 350 1085 praedicaret
375 987 572 1086 repulsam.
1546 984 1553 993 ’

206 1103 321 1168 Totum
343 1106 406 1167 hoc
427 1105 489 1152 -⁸
510 1094 700 1193 sufficienter
714 1100 854 1186 implerit
875 1106 936 1148 -‘
959 1102 1104 1190 quioniam
1120 1104 1239 1185 lecerat
1256 1104 1308 1170 illc
1329 1125 1426 1189 qerae-

119 1195 322 1271 etiunculam,
347 1209 380 1260 ut
401 1196 536 1260 ambisse
557 1195 717 1261 Plancium
740 1219 781 1260 cx
804 1198 865 1262 boc
881 1201 1095 1281 probaretur,
1117 1201 1204 1283 qarod
1225 1196 1426 1280 praepositus

120 1298 205 1351 esset
233 1290 424 1355 nobilissimo
453 1291 603 1355 senatori.
648 1291 712 1353 Hic
734 1310 813 1375 ergo
836 1291 924 1375 qtrasi
946 1314 988 1354 ex
1013 1311 1148 1374 pereum
1179 1291 1277 1374 patris
1303 1290 1368 1352 eius
1395 1291 1469 1351 etr'u

120 1380 192 1454 eri,
215 1380 274 1443 del
289 1383 355 1447 aliie
368 1384 457 1445 etiam
472 1382 631 1446 nobilibus
643 1382 745 1445 intulit
760 1383 966 1459 mentionem,
990 1407 1071 1470 quos
1086 1384 1232 1467 repulsos
1248 1387 1288 1447 ab
1303 1385 1426 1447 bonore

119 1475 298 1538 constabat.
341 1476 402 1539 llld
422 1474 519 1560 igitur
532 1473 629 1538 tendit
651 1477 933 1559 argumentationis
955 1481 1103 1554 effectus,
1129 1501 1186 1542 eos
1210 1478 1259 1541 vel
1282 1476 1425 1549 maxime,

120 1566 178 1650 qui
199 1567 310 1631 blande
336 1580 368 1632 et
390 1568 574 1653 suppliciter
593 1580 717 1649 petant,
740 1569 864 1633 facilius
888 1571 1045 1656 designari
1070 1573 1194 1646 solere;
1227 1572 1351 1655 qrrando
1373 1591 1428 1632 su·

118 1663 231 1743 peebaa
254 1662 445 1726 nobiliorum
467 1664 506 1725 ad
528 1661 675 1726 invidiam
698 1661 766 1726 sive
788 1666 894 1728 odium
916 1664 1094 1748 proclivior
1121 1685 1189 1728 esse
1211 1662 1385 1729 consuerit.

196 1781 232 1859 2.
260 1786 362 1887 Quos
389 1797 510 1861 tamen
536 1788 654 1862 omnis
681 1788 851 1862 consules
879 1789 997 1864 suctos
1023 1791 1159 1863 seimus
1184 1812 1281 1862 esse.
1440 1804 1470 1851 tt

204 1904 259 1988 [P.
283 1904 372 1985 tlt]
414 1907 476 1950 -7
498 1916 663 1968 exsecutus
677 1905 838 1987 congestis
860 1904 1037 1971 nominibus
1059 1905 1155 1989 pluril
1168 1924 1289 1970 morum
1306 1903 1429 1967 ridetur

118 1997 194 2063 mibi
226 1996 344 2081 aliquid
369 2009 401 2061 et
430 2000 468 2062 ad
492 1997 717 2064 consolandum
754 1999 954 2064 Laterensem
979 2001 1103 2072 lacere,
1136 1999 1197 2061 ne⁸
1226 1996 1344 2060 diffidat
1376 2016 1427 2060 re·

118 2089 213 2177 liqrds
237 2090 413 2156 honoribus
434 2103 509 2174 post
531 2085 699 2155 aedilitatis
723 2093 898 2174 repulsam,
923 2096 1049 2179 quando
1074 2090 1118 2155 illi
1140 2092 1201 2154 bac
1220 2089 1348 2172 specie⁹
1368 2091 1428 2153 ho·

119 2183 209 2248 noris
231 2205 294 2248 non
315 2183 491 2267 inpetrata,
514 2180 719 2268 pervenerint
729 2186 755 2226 ¹⁰
775 2199 877 2252 tamen
899 2191 940 2251 ad
957 2185 1117 2271 fastigium
1139 2185 1322 2249 consulare.

196 2307 320 2381 xxtt
349 2301 384 2381 l.
422 2309 509 2383 Noli
550 2309 644 2384 enim
688 2312 899 2413 existimare
933 2337 1007 2385 non
1044 2331 1211 2410 magnum
1247 2308 1471 2408 quendamre

120 2430 257 2495 motum
285 2422 398 2495 tuisse
423 2421 523 2495 illius
547 2422 737 2522 petitionis
764 2432 868 2522 tuac,
894 2428 939 2499 de
967 2447 1039 2523 qua
1064 2447 1110 2494 ne
1129 2419 1266 2520 aliquid
1284 2421 1429 2492 iurares

120 2532 309 2607 destitisti.

127 2682 133 2695 .
206 2650 315 2713 Tacite
337 2647 464 2733 quaidem
485 2647 618 2742 subiecit
642 2671 789 2725 caussam,
824 2672 903 2736 quae
931 2647 1097 2714 Laterensi
1128 2649 1178 2713 rel
1207 2645 1340 2710 maxime
1368 2646 1427 2709 ob·

119 2744 220 2808 l'nissc
242 2742 401 2818 rideatur,
439 2745 525 2827 qtrod
550 2765 619 2806 eum
649 2745 730 2807 dicat
753 2742 869 2828 aliquid
898 2745 1035 2810 noluisse
1061 2742 1165 2806 itreare
1192 2763 1230 2805 ac
1259 2752 1426 2823 propterea

119 2837 354 2923 impugnatum,
392 2857 457 2919 quo
491 2836 588 2921 magis
623 2838 782 2920 repulsam
814 2839 925 2902 ferret.
976 2835 1199 2901 Existimauuu
1232 2833 1329 2917 igitur
1357 2840 1471 2893 crumas

120 2935 223 3016 legem
239 2929 349 2994 luliem
363 2928 563 3013 significare,
580 2952 673 3016 quam
695 2930 815 2995 Caesar
829 2932 940 2996 consul
955 2931 1108 3016 agrariam
1128 2932 1242 2993 tulerat
1259 2930 1296 3007 de
1313 2926 1427 3003 vietae)

118 3023 283 3096 creandis3
310 3034 343 3084 et
363 3043 421 3105 per
446 3022 646 3100 seditionem,
672 3037 824 3108 quantum
843 3048 878 3089 se
904 3028 996 3089 babet
1021 3026 1098 3088 lides
1120 3022 1287 3095 historiae,
1319 3031 1350 3082 et
1374 3018 1426 3082 Μ.

120 3117 236 3182 Bibulo
258 3126 404 3179 servante
427 3119 467 3178 de
492 3117 594 3181 caelo.
650 3117 687 3180 ln
716 3118 798 3180 hanc
820 3118 1003 3181 Laterensis
1032 3116 1157 3179 ridetur
1178 3114 1427 3177 iusiurandum¹¹

118 3231 208 3273 stetim
238 3208 343 3275 dicere
372 3207 522 3273 noluisse.
555 3212 631 3254 -¹²
667 3211 787 3275 Tamen
818 3213 870 3275 M.
901 3211 1025 3274 Tullius
1056 3232 1119 3272 noo
1149 3207 1308 3292 expressit
1328 3204 1427 3288 ipsam

119 3302 203 3387 legis
224 3303 324 3366 Iuliae
347 3301 554 3379 mentionem,
585 3326 624 3367 ne
646 3305 794 3371 Caesaris
816 3306 934 3369 animus
956 3306 1147 3368 laederetur.
1440 3330 1472 3379 30

196 3421 232 3498 2.
272 3428 329 3500 dn
362 3435 400 3499 te
432 3426 496 3500 illa
522 3439 735 3528 argumenta
762 3424 976 3503 duxerunt?
1014 3428 1249 3520 dubitabitis,
1288 3425 1429 3524 inquit,
1515 3494 1522 3508 ,

122 3535 250 3634 quin¹³
287 3540 399 3611 coitio
435 3539 532 3611 saeta
564 3543 632 3638 sit,
668 3566 778 3642 quum
812 3544 932 3616 tribus
964 3541 1161 3640 plerasque
1195 3565 1276 3612 cum
1304 3538 1428 3610 Plotio

122 3648 250 3723 tulerit
276 3646 481 3724 Plancius?

207 3766 262 3847 [P.
288 3767 376 3848 162]
398 3769 450 3831 Ex
475 3767 632 3850 parilitate
651 3765 1148 3854 congruentirunlsrrdragiorum
1173 3764 1328 3828 nitebatur
1351 3785 1428 3846 pro·

120 3859 201 3923 bare
231 3860 414 3924 Laterensis
437 3861 704 3944 conspirationem
734 3866 886 3948 quandam
909 3861 1023 3937 luisse,
1058 3863 1184 3943 qrrando
1211 3871 1241 3924 et
1272 3859 1341 3931 bic,
1375 3856 1472 3939 quies

121 3973 197 4018 reus
221 3964 288 4027 est,
312 3965 344 4017 et
369 3954 495 4018 Plotius
520 3977 580 4037 per
601 3958 722 4020 easdem
744 3956 846 4019 tribus
871 3952 1026 4035 designati
1047 3953 1121 4015 sint.
1167 3954 1429 4034 Respondetura

929 4053 1427 4072 w

193 4102 217 4148 l.
236 4104 297 4149 Ccd.
312 4105 443 4162 probrare.
481 4103 506 4151 2.
526 4106 586 4153 Edd.
606 4105 724 4154 Nnes'eue.
762 4104 786 4151 3.
805 4106 867 4152 Cod.
885 4107 929 4152 idi.
967 4104 991 4150 l.
1011 4106 1148 4150 Versiculos
1167 4116 1264 4148 reeens.
1301 4101 1324 4148 ⁵.
1345 4102 1430 4147 Versi-

260 4177 325 4219 cnlns
338 4188 390 4219 cem
403 4176 500 4221 dimidio
511 4189 607 4221 recens.
646 4175 670 4222 d.
689 4176 750 4221 Cod.
763 4175 845 4223 erede.
871 4164 908 4223 Ἶ.
922 4177 1009 4230 Sappte
1020 4177 1068 4218 deo
1079 4174 1154 4218 terme
1167 4174 1290 4217 eoeebete.
1327 4168 1427 4216 deod.

260 4256 319 4289 nore.
366 4241 390 4289 ⁹.
415 4244 476 4289 Cod.
500 4237 564 4289 lr'nue
585 4247 703 4305 epeeiees.
748 4242 789 4293 ld.
813 4246 873 4292 Cod.
893 4244 1049 4304 proeenerie.
1095 4242 1136 4288 ll.
1161 4244 1222 4288 (Σοί.
1246 4238 1427 4299 eeurpundeua.

262 4311 302 4357 ¹2.
321 4315 408 4370 Suppte
427 4314 499 4359 rerba
517 4317 573 4360 deo.
612 4313 652 4361 ¹3.
671 4316 731 4363 Cot.
751 4317 847 4375 inputa.

197 4434 242 4490 26.
263 4430 376 4496 Scribe,
395 4437 419 4485 el
438 4433 530 4501 lubet,
549 4439 715 4488 triumviris.
753 4434 875 4507 Namque
894 4449 957 4506 ager
975 4430 1146 4486 dletdeb'atnr
1167 4448 1214 4505 per
1233 4429 1353 4485 delectos
1375 4437 1430 4486 ul·

123 4513 245 4563 nutritoe
266 4523 310 4560 ent
332 4512 524 4579 quinqueviros
544 4525 590 4562 ent
609 4509 788 4564 decemuiros.
808 4511 902 4579 immo,
919 4517 1053 4581 Augustus
1074 4525 1166 4577 egram
1180 4508 1350 4580 Campanam
1371 4507 1430 4580 lege

122 4589 181 4659 ipsa
204 4585 271 4638 lolts
292 4581 384 4635 dtetett
406 4603 454 4654 per
473 4583 594 4638 delectos
616 4587 665 4637 ΧΧ
689 4591 771 4640 atros.
808 4587 921 4641 Sueten.
943 4589 1010 4657 Aug.
1029 4588 1097 4657 Cap.
1123 4583 1169 4638 lii.

200 4665 244 4716 28.
267 4660 335 4730 tege
354 4661 466 4712 Sueton.
488 4658 539 4712 lnl.
558 4662 621 4731 Cep.
648 4663 710 4715 XX.

200 4735 231 4810 ⁹)
250 4733 386 4806 (Fortasse
408 4734 476 4792 ΧΧ.
493 4739 573 4788 vlre'e.
600 4736 671 4811 Oa.)
