3210 5280
418 227 470 294 lli
491 226 600 294 act.
622 226 654 293 1.
676 229 727 296 nt
749 228 792 297 C.
815 229 1033 298 VERREM.
1093 289 1097 297 .
1145 226 1149 234 ’
1323 227 1384 292 ast

150 367 300 435 Addua-i
320 368 412 434 enim
440 368 625 450 hominem]
657 369 843 436 Beneralos
863 368 943 434 iacit
965 368 1100 434 indices.
1143 370 1188 434 Et
1214 370 1294 432 baec
1314 389 1385 433 curn

65 463 288 548 superioribus
312 461 505 547 iunguntur,
530 462 584 526 ubi
606 463 705 528 dixit:
728 465 929 528 inueterauit
949 464 1040 527 enim
1060 463 1132 527 iam
1152 463 1283 547 opinio.
1349 461 1355 481 “

149 555 399 638 Reconciliare]
422 557 589 620 Reducere
612 559 650 619 ad
673 556 839 621 amicitiam
860 555 1038 640 pristinam.

150 653 435 732 Depeeulatorem
464 649 610 730 aerarii]
657 649 811 714 Publicae
839 650 1011 732 pecuniae,
1046 671 1140 733 quam
1165 650 1289 714 iuratus
1318 660 1384 727 est,
1443 696 1447 703 -

64 767 161 830 qirnm
189 754 342 829 quaestor
365 755 448 807 esset
471 741 630 808 Carbonis
655 743 699 806 G.
730 743 873 818 Verres,
904 742 957 824 qui
985 742 1153 807 Marianus
1185 744 1257 807 suit.
1300 744 1414 809 Dum⁵

63 850 132 901 erat
152 836 266 902 consul
281 837 310 899 in
327 835 500 919 Hispania,
525 845 678 919 quaestor
698 835 776 910 luit,
801 848 833 899 et
854 837 974 899 sublata
997 835 1129 918 pecunia
1149 837 1277 918 publica
1297 859 1387 901 surim

63 932 227 996 consulem
258 930 415 1007 deseruit,
436 942 479 994 *et
508 932 548 992 ad
582 928 726 992 Sullanas
754 932 912 995 transtulit
944 943 1064 1013 partes.
1122 929 1269 994 Victoria
1299 930 1390 992 Sulla

64 1024 187 1108 potitus
204 1025 366 1104 pecuniam
382 1025 565 1104 subreptam
582 1042 645 1083 uon
662 1025 840 1107 requisivit.
884 1024 970 1089 Vide
985 1036 1108 1100 autem,
1126 1024 1386 1106 quemadmodum

63 1137 123 1200 per
145 1117 287 1180 ordinem
311 1128 383 1179 ante
413 1128 503 1179 actae
530 1114 615 1176 vitae
644 1117 773 1182 crimina
803 1117 966 1182 describit.
1021 1119 1059 1182 ln
1085 1120 1148 1183 hoc
1180 1129 1283 1181 autem
1311 1116 1386 1180 loeo

65 1228 189 1274 omnem
212 1209 423 1274 Verrinarum
445 1209 523 1272 lacit
539 1207 767 1295 partitionem.
1399 1221 1436 1272 tt-

154 1307 366 1370 Vexatorem
389 1303 509 1381 Asiae]
532 1304 615 1365 Post
637 1314 838 1384 quaesturam
861 1305 941 1369 enim
971 1304 1097 1390 legatus
1119 1316 1167 1369 est
1187 1303 1291 1369 iacttrs
1316 1304 1389 1369 Do·

67 1395 222 1472 labellae,
245 1408 278 1460 et
301 1397 383 1461 banc
405 1397 510 1460 multis
532 1392 636 1458 affecit
657 1395 878 1462 incommodis.

151 1490 366 1579 Praedonem
386 1489 475 1555 iuris
496 1489 634 1575 urbani]
671 1493 710 1556 ln
742 1503 892 1574 practura
919 1495 1057 1571 urbana,
1091 1493 1211 1577 inqua
1236 1490 1286 1556 ins
1311 1511 1389 1555 ven·

67 1582 164 1658 didit,
189 1593 276 1646 sarta
298 1593 380 1646 tecta
402 1584 525 1669 exegit.
1255 1652 1260 1662 ,

152 1674 341 1740 Perniciem
360 1697 399 1759 p.
422 1676 474 1759 8.]
496 1678 713 1756 Provinciae,
737 1699 802 1744 non
824 1678 915 1743 unius
931 1679 1087 1755 civitatis,
1111 1690 1143 1744 et
1167 1679 1255 1756 ride,
1278 1688 1433 1763 quem-tt

66 1771 234 1833 admodum
256 1770 288 1832 in
310 1781 462 1854 quattuor
483 1786 589 1854 partes
611 1786 711 1838 totam
733 1773 966 1836 accusationem
990 1772 1108 1835 divisit.

149 1862 182 1926 3.
205 1866 259 1927 De
285 1884 353 1948 quo
373 1863 406 1925 si
426 1885 541 1929 seuere
561 1888 603 1930 ac
628 1865 804 1949 religiose]
837 1870 959 1932 Severe
980 1867 1032 1928 hlc
1058 1869 1099 1928 ad
1122 1864 1292 1930 vindictam
1314 1887 1389 1948 per·

28 1989 31 1995 ·
65 1954 159 2019 tinet.
203 1957 267 2024 Sed
288 1956 404 2040 quidsi
419 1956 572 2023 innocens
595 1972 643 2023 est
664 1959 761 2024 rcus?
785 1961 863 2024 ldeo
885 1960 1073 2044 religionem
1096 1959 1222 2023 addidit.
1265 1961 1390 2023 Verum
1507 1976 1514 1990 ‘

67 2060 116 2113 cst
138 2047 219 2112 euim
242 2070 356 2124 omne,
379 2053 467 2134 qnod
489 2064 535 2115 est
551 2053 699 2137 religioni
715 2052 918 2135 permixtum.
962 2052 1137 2142 Religiose
1150 2053 1278 2116 nimiuul
1300 2073 1388 2128 rere,

66 2163 106 2206 ae
128 2142 259 2206 crimina
283 2144 376 2227 digne
399 2145 559 2225 supplicio
581 2146 706 2212 leviora
731 2146 895 2224 iudicetis,
921 2150 977 2209 sed
991 2169 1061 2208 cum
1076 2148 1191 2211 timore
1205 2145 1436 2232 religionis;tt

68 2235 217 2319 quioniam
240 2236 335 2298 iurati
355 2235 549 2303 iudicabant.

150 2329 364 2394 iudiciorum
386 2331 602 2415 religionem]
637 2334 712 2397 Non
734 2333 814 2396 dixit
835 2333 1008 2407 iudicum,
1030 2336 1086 2397 sed
1107 2332 1331 2409 iudiciorum,
1355 2341 1391 2396 ut

64 2431 98 2484 et
119 2425 305 2505 admoneret
325 2424 416 2487 simul
439 2440 470 2487 et
492 2427 697 2491 offensionem
725 2427 824 2490 vitare
848 2427 1023 2489 rideretur.

155 2516 409 2602 Veritatemque
427 2517 683 2610 perfregerint]
718 2519 818 2583 Bene.
861 2517 1056 2601 Magnitudo
1076 2518 1163 2599 enirn
1188 2517 1271 2581 solet
1301 2517 1390 2579 iran-

67 2628 146 2692 gere
167 2608 219 2685 id,
243 2613 331 2694 quod
353 2612 471 2676 obstat.
515 2611 599 2693 Quia
621 2633 704 2697 ergo
725 2613 882 2698 ingentes
905 2611 1043 2676 divitias
1065 2612 1161 2691 dixit,
1185 2611 1290 2675 intulit
1307 2630 1432 2695 per-as

92 2703 260 2786 regerint.
594 2771 597 2778 ,
1235 2779 1240 2784 “

55 2699 99 2794 f
151 2800 224 2861 Aut
244 2806 428 2861 aecusator
449 2819 510 2861 reo
530 2795 703 2888 defuisse]
734 2796 817 2861 Vult
843 2800 1010 2864 ostendere
1037 2800 1176 2863 Verrem
1205 2798 1391 2880 corruptio·
1468 2841 1471 2844 >

66 2908 137 2951 uem
159 2887 295 2952 iudicum
317 2890 526 2973 cogitantem.
1299 2911 1304 2917 ·

153 2980 237 3064 Cap.
267 2983 315 3046 11.
352 2987 468 3066 Quum
501 2985 627 3047 miritae
657 2983 791 3047 miliia
822 2987 860 3050 C.
898 2982 1020 3063 Verre]
1058 2982 1155 3046 Eunti
1188 2981 1219 3045 in
1249 2980 1388 3046 Siciliam

65 3087 202 3158 propter
224 3075 354 3139 erimina
368 3076 576 3161 requirenda,
602 3077 653 3141 rel
674 3077 832 3141 redeunti.
1340 3072 1343 3077 ⁵
1399 3097 1432 3148 to

152 3173 304 3235 Tantum
325 3171 518 3254 perieulum
541 3171 625 3234 milri
650 3169 748 3234 adire
775 3171 868 3234 visus
895 3171 987 3252 sum]
1010 3172 1061 3235 Ne
1087 3182 1245 3253 corrupto
1270 3169 1389 3235 iudicio

65 3282 131 3347 ego
153 3261 300 3326 invidiam
323 3265 465 3327 subeam.
863 3291 866 3296 ·

151 3360 184 3420 1.
212 3357 393 3422 Glabrioni
416 3357 590 3443 praetori]
627 3355 797 3434 Praetori,
835 3357 897 3442 qui.
924 3361 1074 3440 praeerat
1104 3354 1223 3421 iudicio
1259 3355 1386 3441 aliquo,

65 3451 255 3537 quaesitori.

151 3545 277 3628 Sociis]
308 3545 348 3609 Id
369 3555 437 3621 est,
460 3545 588 3610 Siculis.
1256 3550 1258 3555 '
1398 3568 1430 3620 35

152 3638 222 3704 Sed
241 3651 376 3703 tautum
397 3640 580 3722 eripuisse]
602 3638 772 3723 Subripit,
795 3637 850 3723 qni
878 3638 957 3700 clam
981 3635 1099 3721 aliquid
1128 3636 1231 3712 tollit3
1262 3637 1385 3722 eripit,

67 3730 122 3816 qui
143 3733 246 3814 palam
282 3745 313 3798 et
334 3755 394 3817 per
428 3737 503 3799 rim.
547 3735 585 3798 la
618 3735 685 3797 aliis
719 3754 801 3818 ergo
830 3731 1043 3815 subripuisse
1075 3730 1175 3805 dixit3
1213 3734 1252 3795 de
1280 3732 1388 3818 Verre

64 3826 248 3909 eripuisse.
1333 3836 1334 3841 ’

148 3922 253 3986 Nihil
275 3942 350 3986 esse
373 3933 444 3984 tam
466 3919 633 4002 sanctum]
656 3920 709 3984 Aa
729 3919 848 3983 iudices
872 3915 1001 3991 retulit,
1026 3917 1172 3999 quoniam
1194 3914 1288 3980 iurati
1305 3915 1387 3980 iudi·

69 4015 201 4091 cabant,
225 4028 401 4088 sanctum
422 4014 592 4077 munitula
613 4016 654 4076 ad
674 4014 784 4098 leges,
808 4032 890 4097 quae
914 4030 1050 4094 poenam
1075 4011 1192 4073 habent
1212 4031 1274 4092 pro
1296 4031 1430 4089 com-,0

65 4108 176 4172 misso.
221 4109 402 4193 Virgilius:

320 4203 415 4286 Quid
434 4223 502 4266 non
526 4200 688 4265 mortalia
706 4212 850 4284 pectora
870 4196 979 4280 cogis.

138 4327 166 4383 6.
189 4324 287 4390 ,Foru
307 4325 434 4378 Gettr'a.”
460 4325 586 4379 Gronov.
625 4326 652 4377 7.
672 4323 769 4387 ,feru
789 4317 982 4388 transfugit.‘'
1008 4317 1133 4371 Gronov.
1167 4318 1266 4383 ,som
1285 4320 1386 4372 etiam:

62 4416 94 4451 ee
114 4400 296 4455 transtulit.'’
325 4400 439 4455 Gener.
460 4427 497 4442 -·
517 4401 643 4450 transiit.
663 4395 727 4449 seh.
767 4403 811 4452 10.
834 4397 952 4462 amnem]
980 4393 1017 4447 G.
1046 4421 1080 4434 -
1107 4399 1227 4444 omnium
1252 4394 1302 4448 Gr.
1322 4392 1386 4447 sch.

61 4474 135 4531 lbid.
153 4475 353 4546 partitionem]
374 4477 425 4530 Gr.
450 4473 514 4529 Seb.
544 4500 579 4516 ·-
596 4477 777 4542 parationem
798 4470 836 4525 G.
884 4477 926 4526 17.
947 4469 1013 4533 stc,
1043 4483 1072 4519 ut
1093 4467 1179 4527 edtdu
1200 4467 1321 4541 Zumpt,
1349 4469 1388 4523 G.
1476 4491 1493 4546 .'

63 4579 102 4593 -
121 4551 304 4621 religioseque
325 4550 374 4605 Gr.
394 4550 460 4604 sen.
515 4555 557 4608 18.
576 4550 630 4614 est]
652 4547 688 4600 G.
712 4575 749 4589 -
775 4550 814 4598 stt
838 4546 889 4600 Gr.
916 4544 980 4596 Sch.
1030 4542 1101 4598 Ibid.
1122 4543 1196 4610 s'deo]
1223 4543 1259 4597 G.
1278 4544 1328 4598 Gr.
1352 4571 1384 4584 -

64 4625 126 4678 loco
146 4626 211 4679 Sala.
252 4629 296 4685 19.
314 4628 439 4694 nitriirun]
461 4624 497 4679 G.
518 4623 569 4679 Gr.
588 4651 625 4665 -
643 4626 773 4674 almitiem
794 4622 859 4675 Sela.
898 4623 944 4678 55.
966 4651 996 4661 -
1018 4625 1047 4669 in
1067 4619 1169 4670 tradicio
1188 4617 1253 4672 Seli.
1285 4616 1386 4671 Malim

65 4701 169 4753 iudicia
186 4700 306 4772 eliquat,
327 4702 422 4754 alteur'.
442 4699 495 4754 Oa.
533 4704 580 4759 55.
599 4697 663 4770 Leg.
682 4697 718 4750 Se
736 4704 858 4749 tentans.
885 4696 939 4749 On.
979 4692 1050 4748 lbld.
1069 4694 1216 4765 eripuisse]
1238 4696 1307 4760 „Sic
1320 4693 1386 4765 legis
1440 4722 1444 4735 ‹

68 4783 243 4850 Anonymut.
281 4777 407 4831 Praestet
427 4790 519 4830 antem
538 4774 622 4827 lectio
640 4771 750 4845 vulgata
769 4771 922 4842 rapuisse.”
950 4767 1083 4824 Scausru
