3210 5280
375 923 472 1068 no
503 921 896 1072 escunonss
927 853 1375 1026 ons'ssonen

601 1160 1151 1300 mvmmon

303 1460 775 1565 counenunnsos
809 1464 1116 1566 innocus
1151 1464 1454 1551 insumus,

773 1709 976 1723 ψ

1129 1811 1143 1842 K

527 1894 532 1908 ’
630 1904 853 1971 EDITORIS
877 1903 1120 1967 MONITUM.

297 2073 561 2140 Commentarius
591 2080 847 2147 adorationem
874 2073 1086 2154 Senianum,
1125 2082 1188 2143 etsi
1217 2078 1266 2142 od
1288 2078 1394 2160 finem
1427 2097 1535 2162 usqne

211 2177 282 2224 non
318 2170 485 2243 pervenit,
517 2179 629 2235 tamen
653 2177 808 2252 proxime
839 2172 881 2234 ab
917 2193 956 2236 eo
986 2169 1098 2235 abest:
1128 2191 1274 2253 namque
1302 2170 1368 2233 illa
1400 2171 1537 2234 Lentuli

215 2261 495 2321 commemoratio
526 2270 676 2325 extremo
709 2266 874 2325 orationis
905 2265 1017 2341 capite
1043 2264 1243 2324 continetur.
1293 2260 1366 2322 lom
1397 2282 1474 2323 vero
1500 2263 1534 2322 in

216 2341 368 2418 ultimis,
391 2365 479 2426 qaae
494 2362 689 2431 supersunt,
705 2355 941 2417 commentarii
956 2351 1057 2415 verbis
1080 2351 1198 2414 desinit
1214 2349 1433 2413 adamussim
1450 2371 1536 2432 qua·

214 2434 323 2494 ternio
344 2433 481 2499 lelll.
503 2447 584 2503 teste
603 2444 678 2522 ipsu
702 2441 832 2506 codicis
853 2441 1025 2504 numerali
1042 2451 1144 2516 nota,·
1164 2443 1227 2523 qui
1245 2451 1360 2504 antem
1380 2446 1535 2525 sequitur

214 2527 394 2601 quaternio
427 2540 591 2607 superstes
621 2536 898 2597 commentarium
931 2530 979 2593 ud
1009 2531 1223 2593 Vatinianam
1253 2539 1385 2607 tenens,
1417 2533 1535 2595 LXVI.

214 2619 280 2689 est,
307 2621 388 2676 teste
409 2618 488 2679 item
512 2625 684 2686 numerali
704 2633 804 2711 notar
830 2643 913 2703 ergo
937 2623 1023 2684 inter
1045 2621 1234 2685 Sestianam
1255 2630 1287 2685 et
1316 2623 1535 2685 Vatinianam

215 2706 395 2782 quaternio
421 2726 508 2772 unus
531 2714 718 2790 intercidit,
740 2712 842 2774 idest
863 2711 981 2787 bXV.‚·
1014 2715 1077 2793 qui
1094 2715 1222 2792 partim
1242 2716 1455 2776 extremitate
1478 2714 1533 2777 Se·

214 2790 502 2873 stionoe'portim
524 2804 626 2866 initiis
657 2804 857 2865 Vatinionue
882 2813 1075 2881 occupatus
1098 2803 1188 2882 suit.
1239 2805 1312 2865 iam
1336 2807 1531 2883 supputatis

214 2883 389 2966 utriusque
400 2894 563 2975 orationis
573 2905 605 2958 et
614 2892 869 2966 commentarii,
882 2910 970 2972 quae
980 2883 1220 2972 desiderantur,
1234 2894 1388 2975 partibus
1404 2895 1534 2957 videtur

212 2971 298 3032 mihi
324 2986 450 3055 quarta
466 2981 547 3058 fere
576 2984 807 3068 quaternionis
839 2982 957 3042 amissi
985 3005 1066 3064 pars
1098 2984 1307 3067 assignanda·
1335 2985 1531 3067 Sestianae,

212 3066 278 3122 tres
300 3063 453 3147 reliquae
475 3076 626 3136 orationi
645 3076 864 3136 Vatinianae:
892 3094 1038 3157 namque
1061 3076 1096 3136 in
1113 3075 1184 3137 -hac
1206 3084 1379 3154 postremo
1408 3073 1532 3136 deside·

212 3167 329 3212 ramus
360 3165 470 3220 totum
496 3163 682 3244 interpretis
708 3167 944 3245 prohoemium
974 3175 1005 3228 et
1038 3167 1319 3228 commentarium
1350 3164 1400 3226 ad
1424 3173 1532 3244 caput

210 3242 359 3318 primum
378 3258 579 3335 partemque
599 3255 748 3317 secundi.
953 3314 956 3320 ⁴
1364 3262 1365 3266 ’

293 3333 396 3411 Quod
414 3350 528 3403 autem
550 3343 637 3406 aiibi
656 3345 730 3406 dixi
748 3346 870 3407 mirari
888 3364 939 3406 me
960 3341 1219 3428 saepe'solitnm
1240 3345 1326 3406 vices
1341 3344 1531 3422 insperatas

158 3474 162 3480 .
211 3426 245 3482 et
264 3419 353 3498 fota
383 3428 544 3493 codicum
565 3437 803 3518 antiquorum,
833 3434 870 3497 id
885 3437 918 3496 in
932 3435 982 3500 his
997 3446 1133 3516 qnoque
1149 3428 1351 3496 Vatinian'aev
1365 3435 1530 3496 orationis

212 3520 514 3602 commentariique
527 3522 832 3588 membranis‘mihi
852 3544 913 3585 usn
936 3525 1031 3586 venit.
1073 3523 1231 3605 Namque
1252 3522 1450 3594 Mediolani
1470 3532 1532 3584 tre·

212 3599 319 3665 decim
331 3603 413 3682 fere
434 3609 556 3674 abhinc
578 3614 675 3676 annis
695 3614 908 3694 particulam
929 3616 1050 3693 scripti
1067 3614 1168 3674 buius
1191 3610 1300 3675 edidi:
1322 3633 1412 3693 quae
1428 3611 1531 3692 solio

172 3700 176 3706 '
209 3695 293 3771 pari
322 3699 447 3777 unico,
478 3700 517 3763 id
542 3712 607 3779 est,
639 3713 805 3787 quattuor
834 3705 971 3785 paginis
1004 3701 1249 3765 continebatur.
1311 3700 1415 3764 Nunc
1454 3721 1529 3763 vero

209 3786 336 3852 llomue
356 3794 560 3855 constitutus
581 3795 655 3856 aliu
677 3797 745 3856 tria
767 3792 967 3874 deprehendi
985 3794 1106 3872 scripti
1125 3791 1271 3854 eiusdem
1290 3792 1394 3869 paria
1408 3789 1530 3868 solia,

51 3952 56 3960 ⁴
98 3918 101 3923 -
195 3897 302 3959 quae
330 3882 444 3942 statim
467 3903 674 3963 comparans
696 3904 775 3946 cum
795 3882 923 3948 schedis
944 3885 1025 3946 meis
1047 3881 1358 3945 Mediolanensibus
1380 3879 1429 3942 ad
1448 3884 1531 3942 imo-

209 3969 324 4048 ginem
338 3969 551 4035 Ambrosiani
564 3973 693 4037 codicis
707 3975 856 4052 effectis,
879 3975 1028 4055 cognovi
1040 3972 1277 4035 evidentissime
1285 3971 1422 4050 folium
1441 3970 1532 4044 iliud

209 4054 468 4125 Mediolanense
490 4075 651 4147 quartum
673 4086 741 4130 esse
762 4085 821 4127 seu
843 4066 998 4126 intimum
1020 4065 1251 4147 quaternionis
1274 4061 1410 4138 LXVI„
1432 4069 1529 4124 caius

210 4148 279 4210 triu
299 4152 419 4227 priora
431 4153 533 4230 folia
556 4158 590 4217 in
611 4156 779 4219 Vaticano
802 4153 921 4217 codice
942 4155 1027 4215 mihi
1046 4151 1281 4214 occurrebant.

292 4241 426 4323 Ouippe
458 4245 601 4310 schedae
628 4247 663 4309 in
688 4249 825 4309 tertium
844 4245 979 4323 folium
1009 4248 1151 4307 insertae
1179 4245 1227 4304 sic
1260 4242 1431 4322 utrimque
1452 4261 1531 4304 cnm

209 4331 361 4397 homonu
381 4338 553 4414 scripturo
569 4338 808 4413 cohaeserunt,
830 4347 868 4400 ut
882 4339 979 4399 series
995 4336 1159 4397 orationis
1176 4342 1278 4414 atquc
1295 4332 1532 4394 commentarii

211 4446 349 4511 prorsus
370 4426 588 4506 expleretar5
610 4427 647 4489 id
665 4427 760 4508 quod
779 4427 905 4509 cuique
927 4426 1055 4506 legenti
1074 4445 1152 4502 cap.
1176 4423 1267 4484 l'llll
1302 4441 1325 4485 ι.
1345 4432 1376 4486 et
1398 4423 1480 4483 XII.
1502 4423 1530 4483 ὅ.

209 4518 429 4597 perspicuum
459 4517 746 4599 exploratumque
768 4517 844 4590 fiet.
887 4519 989 4578 Porro
1021 4525 1051 4578 et
1074 4515 1233 4592 formam
1264 4514 1457 4574 litterarum
1486 4529 1527 4570 ac

211 4607 461 4669 laterculorum
481 4608 686 4682 persimilem
707 4627 773 4668 esse
795 4609 830 4667 in
851 4605 1012 4668 ambobus
1034 4606 1083 4667 his
1100 4603 1275 4667 codicibus
1290 4604 1529 4683 palimpsestis‚

211 4697 274 4778 qui
289 4686 505 4759 ¹communem
524 4699 675 4777 patriam
695 4695 837 4760 bobium
857 4695 995 4775 liabent,
1016 4714 1255 4776 saepenumero
1278 4695 1348 4756 iarn
1369 4702 1400 4757 et
1421 4711 1528 4775 prope
