3210 5280
261 196 312 261 IN
335 193 597 287 ortamno
621 195 723 261 SEX.
746 193 918 263 ROSCIO
940 194 1176 260 AMERINO.
1318 195 1379 258 tat

58 337 184 413 culleis,
209 348 244 399 ut
267 348 414 401 carerent
435 338 528 414 a'e're‚
552 349 657 413 terra,
679 336 766 423 igni,
791 359 889 422 aqna,
914 360 994 421 quac
1019 337 1177 402 nutrirent
1206 336 1376 413 homiuem,

59 435 318 517 quemadmodum
334 445 495 516 parentes.
522 430 622 496 'Nam
644 431 698 516 qui
721 442 869 514 parentes
884 442 992 511 necat,
1017 435 1111 495 debet
1132 431 1244 516 negari
1265 452 1381 514 paren·

56 528 161 603 tibus,
184 527 307 602 idest,
333 526 513 603 elcruentIs,
540 548 620 609 quac
646 547 706 589 nos
726 525 881 588 nutriunt.

142 620 296 704 Eacpiari
305 623 488 703 putantur]
506 621 558 685 Sic
572 623 636 686 hoc
647 618 744 695 dixit,
760 617 850 704 quasi
863 618 965 683 omnia
976 619 1096 683 scelera
1109 618 1188 681 mari
1198 618 1377 700 expientur.

142 714 226 797 Cap.
248 716 403 779 XXVII.
428 717 480 780 75.
515 720 663 798 Frugem
688 737 795 801 neque
822 713 994 796 arborem]
1030 713 1111 795 Quia
1138 717 1177 777 de
1202 712 1404 776 rusticitatc5

56 809 217 893 quuitur,
242 809 387 890 exempli
411 810 503 892 ponit
531 811 694 874 arborum.
888 822 892 830 ·

143 902 230 984 Cap.
251 903 426 966 XXVIII.
452 906 504 967 77.
530 909 580 969 Te
601 924 707 981 nunc,
731 903 865 986 Scipio,
889 902 1065 985 Metellus]
1089 899 1199 984 Scipio
1221 902 1376 985 tingebat,

57 1009 92 1061 ut
116 997 202 1060 servi
225 996 338 1061 Roscii
365 1008 593 1082 torquerentur
614 1008 646 1060 et
667 1019 709 1062 cx
731 997 781 1060 his
807 1010 1034 1081 quaereretur,
1059 1018 1076 1060 a
1097 1018 1162 1081 quo
1182 1007 1273 1080 pater
1295 1006 1379 1061 esset

58 1112 196 1154 occisus.

144 1186 197 1251 78.
223 1184 367 1250 Veniam
388 1204 495 1268 neque
516 1185 568 1249 ita
583 1198 666 1268 post
686 1186 733 1249 ad
753 1189 841 1251 hunc
863 1184 990 1265 locum]
1012 1185 1108 1247 Hunc
1129 1183 1236 1247 locum
1261 1181 1421 1246 Cicerott

58 1279 184 1356 differt,
216 1291 251 1342 ut
280 1293 391 1343 contra
417 1279 556 1344 Roscios
582 1284 786 1362 respoudeat.
831 1282 911 1344 Nam
942 1281 1038 1342 modo
1069 1277 1202 1341 sedicit
1233 1276 1380 1360 impediri

56 1393 196 1455 persona
223 1374 352 1451 Erucii;
383 1377 499 1451 modo,
522 1374 642 1459 inquit,
665 1377 872 1458 respondeam
899 1374 1040 1450 Erucio,
1071 1384 1147 1455 post
1176 1374 1214 1435 ad
1239 1369 1383 1461 Roscios

57 1469 194 1531 veniam.
240 1471 320 1533 Vult
344 1481 446 1532 aritem
470 1490 644 1552 quaerere,
669 1471 829 1554 quomodo
852 1468 970 1531 Iactum
996 1468 1037 1530 sit
1057 1467 1273 1550 parricidium.

142 1560 226 1643 Cap.
249 1563 385 1627 XXIX.
409 1564 470 1626 80.
496 1563 589 1645 Quid
610 1562 686 1639 ais,
709 1562 844 1628 Eruci?
869 1565 983 1644 Vulgo
1005 1560 1260 1639 occidebantur]
1294 1559 1379 1624 Dum

56 1667 225 1737 quaereret
249 1655 386 1729 Cicero,
410 1676 469 1737 per
494 1676 578 1739 quos
600 1655 740 1723 Roscius
768 1667 892 1738 patrem
918 1678 1008 1719 snum
1031 1655 1177 1719 occidere
1203 1653 1423 1739 potuisset,15'

57 1749 183 1811 dicebat
204 1749 405 1811 adversarius
429 1750 446 1783 ³
470 1749 487 1784 ⁰
511 1749 528 1782 ⁶²

142 1845 312 1925 Seclores]
349 1844 528 1920 Dicuntur,
564 1843 638 1927 quia
669 1846 754 1909 bona
789 1841 1044 1925 proscriptorum
1076 1853 1194 1904 emunt.
1250 1845 1314 1906 Hic
1345 1851 1382 1904 ut

58 1937 260 2000 adversarios
287 1948 450 2021 tangeret,
482 1940 547 2001 hoc
571 1937 672 2000 dixit:
711 1937 866 2012 „Nescis,
902 1935 1019 2012 Eruci,
1056 1937 1118 1999 hoc
1144 1948 1289 2017 tempore
1312 1957 1381 1999 esse

57 2040 202 2095 sectores
225 2031 382 2095 collorum
412 2043 443 2094 et
464 2032 672 2107 bonorum;''
702 2054 773 2095 nam
797 2029 971 2093 adversarii
995 2029 1177 2094 occiderant
1206 2031 1379 2106 Roscium,

59 2136 90 2187 et
113 2127 198 2188 bona
220 2125 288 2189 eius
310 2118 450 2187 emeran‘t
473 2137 629 2208 tamqnam
652 2122 840 2207 proscripti.
1392 2141 1424 2191 2⁰

145 2218 228 2301 Cap.
252 2220 369 2282 XXX.
393 2220 446 2282 83.
469 2220 679 2283 Desinemus
701 2217 889 2304 aliquando
905 2228 951 2281 'ea
967 2219 1131 2301 scrutari]
1156 2221 1262 2283 Modo
1279 2231 1382 2281 trans·

58 2310 206 2375 lationem
233 2311 310 2375 lacit
339 2311 501 2378 afurtira
522 2334 571 2375 re.
617 2315 840 2396 Proposuerat
869 2310 1006 2388 Cicero,
1041 2324 1075 2374 ut
1105 2316 1142 2376 de
1174 2312 1383 2397 Chrysogoni

57 2406 202 2486 potentia
223 2407 363 2481 diceret;
394 2409 451 2470 sed
480 2406 554 2490 quia
578 2405 657 2469 vidit
679 2407 893 2488 superfluum,
924 2407 987 2470 hoc
1013 2406 1112 2470 dixit:
1145 2408 1323 2470 desinamus
1346 2427 1383 2469 ca

58 2521 232 2581 quaerere,
258 2512 424 2585 quaesunt
443 2499 564 2573 inania;
587 2502 628 2562 ad
650 2499 768 2564 crimen
784 2499 966 2577 veniamus,
991 2503 1078 2585 quod
1099 2500 1233 2564 inveniri
1255 2511 1380 2584 polest,

57 2592 179 2667 idest,
205 2593 261 2678 qui
281 2593 421 2676 potuerit
445 2593 590 2657 occidere
615 2593 782 2658 Roscium.
1393 2612 1426 2662 25
1505 2624 1510 2631 ·

140 2687 198 2749 st.
223 2688 323 2751 Aliae
345 2709 478 2771 quoque
500 2708 582 2750 suas
600 2688 752 2769 palmas]
782 2689 1036 2752 'translationem
1061 2687 1140 2751 lecit
1161 2709 1288 2774 pugnae
1312 2690 1382 2773 gla-

58 2777 226 2843 diatoriae.
271 2782 351 2843 Nam
375 2791 407 2844 ct
429 2780 574 2863 superius
599 2782 661 2843 hoc
681 2780 774 2843 dixit.
819 2783 945 2846 Palmas
971 2783 1054 2846 enim
1078 2784 1207 2847 dicimus
1230 2783 1382 2847 victorias

58 2874 284 2954 gladiatorum.
321 2878 438 2939 Sensus
454 2887 557 2938 autem
573 2875 642 2937 talis
661 2885 730 2937 est:
755 2873 876 2957 Capito
892 2875 919 2940 si
936 2876 1074 2940 voluerit
1091 2887 1202 2940 contra
1218 2898 1277 2940 nos
1293 2876 1382 2938 testi·

58 2967 196 3030 monium
226 2969 348 3044 dicere,
374 2972 586 3035 demonstrem
613 2965 735 3050 flagitia
757 2966 875 3050 ipsius,
904 2991 985 3055 quae
1007 2992 1056 3032 me
1082 2969 1164 3032 scire
1186 2990 1249 3033 non
1278 2980 1381 3050 putat.

142 3060 222 3143 Cap.
245 3063 380 3127 XXXI.
404 3065 458 3127 86.
481 3063 574 3146 Quid
587 3084 673 3146 ergo
696 3064 819 3126 horum
833 3063 956 3147 negari
972 3065 1068 3145 [non]
1088 3064 1247 3147 potasti]
1274 3064 1424 3127 Modone

59 3157 177 3237 probat
203 3156 325 3232 omnia,
353 3178 433 3241 quae
458 3157 550 3222 dixit.

142 3251 195 3314 88.
218 3254 357 3328 Restat,
393 3252 542 3326 iudices,
583 3263 621 3315 ut
650 3253 711 3315 lioc
741 3250 947 3336 dubitemus]
991 3252 1042 3317 lbi
1072 3249 1249 3325 accusavit;
1285 3253 1381 3315 modo

58 3356 222 3424 comparat
233 3356 264 3407 et
276 3344 366 3421 dicit,
386 3346 459 3430 quia
473 3344 570 3430 magis
585 3347 721 3411 Roscius
736 3345 853 3427 Capito
865 3346 1007 3429 potuerit
1019 3346 1166 3411 occidere
1179 3367 1272 3430 quam
1286 3345 1379 3411 lilius.

143 3437 224 3518 Cap.
248 3439 401 3502 XXXII.
426 3441 479 3505 89.
502 3444 627 3524 Pugna
647 3440 836 3506 Cannensis
849 3442 1099 3521 accusatorem]
1123 3440 1197 3504 Nou
1214 3438 1381 3522 intellege·

59 3532 136 3592 bant
157 3530 292 3606 iudices,
325 3530 400 3615 quid
427 3547 511 3597 essct
536 3557 642 3618 pugna
667 3533 863 3608 Cannensis;
886 3536 944 3597 sed
965 3532 1142 3596 emendarit
1175 3543 1206 3596 et
1228 3545 1424 3612 praesensts

58 3624 235 3705 exemplum
263 3625 411 3704 protulit.
455 3627 599 3704 li'lultos,
624 3628 742 3714 inquit,
768 3649 881 3692 caesos
907 3627 1042 3691 vidimus
1069 3638 1291 3700 accusatores,
1315 3647 1379 3688 non

58 3719 167 3801 [aprini
189 3718 452 3793 Trasimenum,
484 3719 557 3802 sed]
581 3725 664 3804 apud
689 3723 858 3785 Servilium
882 3723 982 3785 lacum
1005 3743 1135 3796 caesos3
1159 3720 1233 3804 quin
1254 3720 1380 3782 dixerat

56 3834 165 3896 pugna
190 3810 382 3888 Cannensis,
407 3813 480 3877 dicit
506 3837 635 3890 caesos,
659 3820 745 3901 quod
769 3830 816 3880 est
842 3838 981 3901 pugnae.

142 3910 395 3973 Trasumenum
409 3905 496 3990 (sic)]
522 3908 670 3973 Fluvium
689 3910 780 3987 dicit,
803 3911 856 3973 ubi
874 3909 1035 3974 Hannibal
1049 3910 1229 3974 Romanum
1245 3906 1381 3990 peremit

58 4001 246 4068 exercitum.
1391 4013 1423 4062 to

139 4098 321 4163 Servilium
342 4097 503 4180 vidimus]
527 4095 591 4162 Ubi
617 4095 704 4161 Sulla
731 4095 876 4162 inimicos
904 4117 981 4162 suos
1005 4094 1134 4161 occidit.

57 4235 1374 4253 *W*

130 4314 158 4364 2.
180 4313 294 4379 negari]
315 4311 348 4363 ln
367 4308 437 4365 cod.
460 4325 596 4383 tuperecr.
615 4326 648 4374 c,
668 4313 754 4364 nteit
774 4313 879 4363 necari.
927 4315 953 4367 7.
974 4309 1084 4381 Sclplo;
1107 4307 1252 4377 Metellus]
1273 4307 1377 4376 Scipio]

54 4384 90 4439 G·
111 4413 148 4426 ·-
166 4387 274 4458 Scipio]
296 4384 432 4437 Metellus
450 4385 543 4456 Scipio
564 4384 616 4438 Gt.
645 4383 709 4440 Seh.
736 4386 811 4453 (Cet.
837 4386 890 4458 leg.
916 4383 1057 4457 Metelle.)
1107 4389 1151 4442 17.
1172 4385 1249 4454 prtia]
1270 4384 1306 4436 G.
1328 4382 1379 4434 Gr.

52 4474 91 4512 ω
109 4463 156 4532 qui
175 4461 242 4514 Scin.
281 4464 325 4518 19.
345 4461 517 4530 occc'derant]
539 4461 587 4514 Sic
606 4459 934 4555 terippl.-occideremt
953 4458 988 4517 G.
1003 4462 1053 4515 Gr.
1068 4459 1133 4514 sch.
1172 4456 1378 4587 whengrm]
1404 4464 1409 4471 '

53 4534 1200 4683 88οὲ8011θὸἒωῖιῖιέηιείῗιῗι81]ρῗΡζιθῑῗκεῖΙιιιιῢάοσν-ἰτιζαέἑὶι.Οὖὲἰεξιιιιιιιιῐεόιιόιιιὶιῖμὲἐ.
1238 4573 1283 4666 87.
1301 4552 1381 4675 iipiid
1424 4598 1428 4603 ¹

52 4686 265 4751 Trasimenum,
285 4687 348 4757 sed]
371 4688 513 4760 Supplevit
534 4687 602 4740 haec
621 4684 687 4740 Seli.
726 4686 1006 4755 39.truumenu1n]
1027 4686 1167 4754 Fluviesm]
1189 4685 1224 4741 G.
1244 4712 1282 4724 -
1303 4684 1379 4735 Trn-

53 4766 192 4816 slmenum
210 4761 315 4830 lacum]
337 4762 530 4817 Trasimemam
541 4763 664 4837 fluvium
683 4762 734 4819 Gr.
754 4760 819 4820 sch.

96 4864 222 4908 smus..
238 4866 260 4908 n.
275 4865 320 4909 ca.
335 4866 382 4909 va
397 4866 424 4907 v.
445 4866 466 4908 a
1086 4836 1128 4901 28
