3210 5280
1349 201 1418 266 '221

120 362 228 436 quam
253 340 418 434 ipsorum
444 350 641 414 auctorem·
658 338 1023 438 professionefuisse
1040 341 1247 416 rhetoremr
1273 345 1306 417 is
1325 348 1420 419 enim

119 449 273 548 singulis
298 452 559 547 propemodum
582 456 723 551 paginis
741 455 909 550 peritiam
927 452 1040 525 Tullii
1058 457 1257 528 oratoriam
1276 458 1422 530 demon-

119 571 237 655 strat,
264 565 403 634 artisve
423 563 557 660 figuras
584 574 621 638 et
645 575 842 662 praecepta
855 568 1115 663 persequitur.
1162 566 1245 643 sed
1271 580 1307 642 et
1332 570 1421 643 illud

118 674 337 767 iucundum,
365 684 404 745 ut
420 686 530 771 puto,
557 680 630 749 erit
647 679 744 775 quod
762 676 1035 773 deperditorum
1054 677 1246 754 Ciceronis
1267 686 1422 780 scripto-

118 809 199 858 rum
227 785 423 857 nonnullos
450 788 595 882 titulos,
622 799 660 862 et
676 791 829 863 aliorum
849 798 1037 862 auctorum
1055 801 1219 864 veterum
1237 795 1421 894 incognita

119 897 323 994 fragmenta
347 898 442 993 apud
469 898 564 971 hunc
582 899 825 997 Interpretem
842 901 1014 998 legimus:
1042 903 1079 974 in
1097 906 1225 1000 primis
1243 904 1421 1005 fragmen·

119 1020 193 1080 tum
221 1008 343 1080 nobile
371 1011 550 1083 orationis
577 1010 618 1084 C.
647 1012 807 1085 Gracchi
834 1014 972 1084 tribuni
1006 1014 1050 1085 de
1079 1015 1224 1110 legibus
1247 1019 1421 1111 promul·

115 1122 245 1226 gotis,
296 1129 333 1192 et
370 1122 549 1196 orationis
587 1122 629 1195 C.
665 1123 783 1196 Laelii
810 1125 986 1220 sapientis
1014 1124 1053 1195 in
1077 1122 1270 1220 Scipionis
1295 1126 1422 1196 Aemi·

120 1229 217 1300 lieni
230 1229 391 1325 sunere.
441 1232 533 1305 'lum
559 1237 598 1306 in
615 1236 707 1332 ipsis
725 1232 915 1306 Ciceronis
933 1235 1129 1332 segmentis
1147 1236 1193 1304 ab
1212 1234 1431 1332 Interprete·

119 1350 250 1412 nostro
276 1339 451 1437 prolatis,
477 1369 551 1417 nou
579 1345 695 1418 solum
722 1346 877 1442 optimas
896 1344 1074 1418 lectiones
1094 1345 1189 1417 haud
1207 1347 1320 1419 semel
1342 1372 1419 1420 eer-

119 1454 258 1546 nimus,
286 1477 378 1550 quae
404 1456 570 1553 vulgatus
597 1482 748 1530 errores
774 1459 984 1556 corrigunt,
1010 1482 1138 1530 verum
1164 1459 1272 1529 etiam
1292 1468 1418 1554 partes

120 1589 236 1637 novas
264 1574 372 1661 atque
393 1565 568 1641 hactenus
586 1570 788 1642 inauditas:
818 1549 942 1666 utique
959 1571 998 1640 in
1015 1570 1182 1642 oratione
1200 1592 1269 1665 pro
1287 1568 1419 1643 Flacco

119 1676 407 1773 supplementum
430 1679 581 1753 lacunae
606 1682 766 1778 primae,
792 1705 874 1759 nam
894 1680 1088 1752 secundam
1107 1680 1267 1752 eiusdem
1286 1683 1421 1754 oratio·

119 1793 176 1861 nis
202 1789 386 1884 lacunam,
421 1816 526 1889 quam
554 1793 715 1865 editores
741 1794 862 1865 nostri
887 1793 959 1863 sibi
984 1791 1258 1885 confinxerunt,
1285 1793 1419 1866 nullam

120 1927 201 1975 csse
239 1903 407 1997 omnino,
443 1905 693 2002 integramque
725 1906 778 1976 ibi
811 1905 944 1976 seriem
984 1905 1163 1975 orationis
1196 1904 1419 2001 decurrere,

119 2015 237 2112 palam
259 2013 347 2086 lacit
363 2014 457 2086 idem
475 2017 673 2113 interpres.
726 2014 852 2089 Novae
869 2017 956 2087 item
975 2023 1062 2087 sunt
1078 2023 1185 2111 atque
1203 2016 1250 2087 ab
1269 2027 1420 2090 auctora

119 2136 250 2198 nostro
276 2127 431 2222 primum
458 2129 709 2226 suppeditatae
735 2135 861 2223 partes
887 2127 996 2198 trium
1024 2127 1249 2218 orationum,
1277 2125 1318 2197 in
1336 2127 1421 2199 Clo-

119 2237 222 2308 dium
249 2253 285 2307 et
309 2236 536 2326 Curionem,
576 2240 619 2311 de
646 2260 744 2308 'aere
777 2236 901 2308 alieno
935 2235 1117 2326 Milonis,
1155 2237 1197 2308 de
1222 2262 1312 2344 rege
1336 2235 1420 2307 Ate-

119 2347 333 2434 aundrino‚
360 2372 452 2444 quae
479 2350 667 2422 orationes
692 2347 854 2420 funditus
879 2348 1117 2440 interierant,
1143 2355 1272 2417 noster
1298 2355 1418 2430 autem

119 2468 269 2530 eatenus
295 2470 464 2554 revocat,
491 2471 671 2559 quatenus
697 2458 821 2532 earum
840 2468 1025 2555 segmenta
1043 2458 1088 2529 ad
1106 2458 1418 2531 commentandum

119 2569 271 2668 delegit,
309 2579 346 2642 et
380 2582 558 2668 quatenus
585 2573 657 2669 ipsi
683 2571 883 2666 Interpreti
909 2571 947 2642 in
972 2569 1146 2642 mutilatis
1172 2569 1419 2668 palimpsestis

119 2681 275 2754 evadere
302 2684 448 2755 exitium
476 2685 589 2757 licuit.
1398 2679 1401 2685 ⁷

193 2787 401 2889 [Quisnam
420 2794 530 2865 lromo
541 2792 666 2886 suerit
682 2819 801 2865 novus
814 2790 1083 2891 liicInterpres
1094 2791 1247 2887 definiri
1259 2787 1420 2889 nequit]

119 2905 181 2978 lv.
210 2903 387 2999 Sequitur
401 2906 470 2976 iam
487 2906 548 2978 illa
570 2905 758 3003 quaestio,
777 2902 958 3000 quodnam
976 2902 1060 2975 hnic
1074 2904 1273 2998 Interpreti
1287 2924 1420 2991 nomen

118 3019 232 3091 fuisse
257 3016 445 3111 videatur3
473 3018 569 3115 quod
584 3042 671 3090 sane
694 3017 732 3086 iu
751 3025 907 3111 utroque
927 3014 1051 3087 codice
1073 3025 1146 3087 tum
1160 3013 1325 3087 llomano
1343 3023 1419 3088 tum

117 3128 383 3202 Mediolanensi
408 3128 658 3202 desideratur:
686 3128 730 3200 de
752 3126 912 3204 Asconio
937 3135 1053 3198 autem
1079 3127 1157 3223 ipse
1177 3123 1262 3198 olim
1286 3127 1419 3224 cogita·v

117 3265 262 3333 veram,
290 3264 504 3337 quamquam
531 3239 623 3314 nihil
645 3238 921 3312 adseverantius
941 3263 1097 3335 unquam
1125 3239 1163 3309 in
1189 3236 1310 3309 fronte
1332 3236 1420 3310 libri

119 3353 193 3427 dixi
219 3376 326 3449 quam
359 3353 414 3425 ita
444 3353 584 3425 videri.-
620 3375 737 3449 neque
766 3349 1006 3448 spernendis,
1042 3359 1083 3421 ut
1098 3350 1288 3441 arbitror,
1314 3372 1418 3448 argu-

118 3466 250 3538 mentis
274 3464 481 3560 opinionem
512 3488 626 3535 meam
651 3464 912 3557 corroboravi,
939 3485 1045 3559 quam
1066 3459 1314 3557 compluribus
1338 3485 1419 3532 eru·

119 3576 205 3650 ditis
225 3585 331 3648 extra
346 3575 485 3648 ltaliam
500 3600 644 3674 quoque
656 3577 849 3672 probatam
869 3576 959 3646 scio.
1012 3571 1279 3646 Contradixere
1298 3583 1420 3645 tamen

117 3712 186 3784 pro
212 3712 279 3761 suo
300 3688 380 3760 iure
410 3688 494 3782 alii,
521 3710 734 3785 quamquam
759 3710 846 3758 suae
871 3686 1172 3758 contradictionis
1194 3684 1293 3756 nulla
1319 3684 1422 3776 fere,-

118 3800 214 3898 quod
237 3821 303 3896 ego
324 3797 494 3896 legerim,
521 3807 733 3896 argumenta
752 3799 896 3895 publice
915 3805 1175 3894 exposuerunt.
1227 3794 1353 3889 Nunc,
1379 3805 1419 3868 ut
1528 3893 1533 3901 ¹

117 3913 271 4010 proprio
291 3911 362 3982 iam
380 3908 462 3982 loco
486 3909 586 4003 dixi,
608 3911 778 4008 quoniam
800 3907 1019 4006 Interpretis
1033 3910 1102 3981 mei
1121 3909 1418 3980 commentarium

118 4024 163 4095 ad
175 4024 411 4096 Milonianam
431 4046 546 4118 nuper
566 4023 748 4119 comperi,
767 4020 930 4119 adquam
950 4020 1099 4093 eandem
1117 4021 1285 4092 diversus
1299 4027 1420 4092 exstat

117 4135 270 4210 Asconii
290 4135 594 4228 commentarius3
620 4134 711 4229 satis
733 4142 879 4207 constat
900 4156 1033 4206 novum
1054 4131 1151 4204 liuuc
1174 4130 1419 4228 Interpretem

118 4271 191 4321 non
210 4270 292 4319 esse
305 4245 503 4319 Ascanium
515 4271 527 4340 3
539 4246 570 4317 si
582 4255 682 4318 certe
693 4244 754 4316 ille
773 4268 879 4344 quem
891 4243 1052 4342 Poggius
1063 4244 1222 4339 reperit,
1235 4242 1418 4316 Asconius

118 4368 186 4434 est.
251 4357 398 4432 Omissa
419 4360 530 4458 igitur
562 4357 606 4430 de
629 4356 792 4430 Asconio
815 4357 1006 4453 opinione,
1046 4353 1212 4452 placetne
1238 4356 1420 4452 suspicari

118 4469 279 4568 Caprum
293 4495 375 4544 esse
389 4480 451 4543 aut
463 4468 691 4564 Volcatium,
717 4467 813 4543 hunc
831 4462 1097 4564 interpretem?
1125 4466 1215 4542 Sine
1236 4468 1345 4540 dubio
1359 4466 1419 4540 hic

118 4582 210 4655 adeo
239 4583 360 4655 bonus
383 4583 627 4678 copiosusque
651 4589 727 4673 est,
760 4588 801 4652 ut
825 4580 992 4652 neutrius
1022 4580 1179 4652 nominis
1210 4577 1420 4676 dignitatem

117 4691 329 4768 dedecoret.
382 4693 572 4792 Quumque
590 4691 788 4790 Agroetius
809 4716 852 4766 ac
875 4691 1119 4788 Hieronymus
1138 4690 1298 4787 Caprum
1311 4698 1419 4789 atque
