3210 5280
449 219 500 288 IN
522 217 630 287 Act.
652 218 683 287 1.
705 220 756 285 tu
777 217 820 286 C.
841 218 1057 286 VERREM.
1349 219 1410 284 itt

97 360 206 443 prosit
223 359 270 424 rei
288 357 457 444 publicae?
501 362 555 426 An
569 360 643 424 talia
658 359 725 423 eius
739 359 869 424 cousiiia
892 361 933 421 ad
955 360 1217 440 eoruimpendnnr
1238 356 1411 453 iudicium?

102 455 158 516 An
179 451 253 516 talis
277 464 310 516 ct
339 463 401 516 tam
433 453 594 517 manifesta
615 451 742 516 crimina
767 453 807 513 ad
836 452 1044 533 patrocinium
1067 451 1316 533 desperandum?
1359 455 1411 513 An

102 540 282 610 huiusmodi
304 548 343 608 ab
364 567 405 609 eo
426 557 457 608 et
478 548 517 608 ab
539 544 608 630 eius
629 546 890 629 suffragatoribus
916 554 946 609 et
968 544 1049 607 dicta
1070 556 1101 607 et
1120 544 1205 608 iacta
1223 547 1263 608 ad
1282 545 1411 606 eluden-

102 639 174 700 dsm
190 640 444 716 accusationem,
467 650 502 701 ut
521 659 607 703 novo
624 658 741 722 genere
756 637 797 701 sit
814 643 968 723 agendum
984 637 1106 702 Tullio.
1150 637 1289 716 Oetaeum
1305 658 1410 701 rersun

102 729 196 814 qnasi
221 751 279 814 per
309 731 520 795 narrationem
549 730 940 795 iacitdemonstrationem
968 730 1125 811 expositio
1147 730 1269 794 consilii
1291 730 1356 804 sui3
1379 729 1436 791 et⁵

102 844 174 885 essm
194 823 346 887 iudicibus
367 823 552 889 deliberatio
577 825 700 886 ridetur
716 824 859 886 inducta:
882 823 914 886 in
933 845 995 906 qua
1011 823 1205 896 ostenditur,
1228 825 1410 884 certandum

102 936 174 977 cum
196 917 371 979 Hortensio
395 917 524 993 astutia,
549 938 611 978 non
632 918 749 979 utendo
764 916 853 978 baris
876 917 1019 980 omnibus
1039 919 1077 977 ad
1092 915 1273 989 dicendum
1296 915 1410 978 tollen·

104 1009 195 1081 dam,
218 1007 331 1072 silleri
352 1009 491 1090 poterit,
515 1011 892 1091 comperendinationem
915 1031 974 1092 per
995 1021 1090 1071 testes
1111 1007 1238 1069 crimina
1261 1026 1409 1088 compro-

102 1100 219 1163 banda.
263 1102 353 1164 Facit
373 1103 436 1165 boc
457 1101 592 1177 Cicero,
630 1114 664 1164 ut
686 1104 764 1164 haec
792 1123 842 1164 res
871 1124 934 1167 nou
959 1103 1059 1166 solum
1081 1099 1267 1181 compendio
1290 1119 1409 1161 moram

103 1213 142 1254 ac
163 1193 349 1256 brevitatem
370 1196 527 1277 temporis
544 1184 659 1270 inlisi,
693 1197 749 1258 aed
770 1193 862 1257 etiam
891 1195 976 1258 circa
1004 1192 1170 1256 artificium
1192 1189 1315 1256 dicendi
1336 1190 1452 1252 bre-¹⁰

104 1282 189 1348 riter
210 1284 303 1350 etiam
328 1286 358 1351 in
380 1289 440 1351 bac
457 1299 549 1372 parte
572 1286 634 1350 vim
658 1286 795 1352 oratoris
815 1289 970 1352 ostendat.

497 1504 1025 1647 nunnunulo

651 1723 859 1739 ψ

189 1829 241 1911 (5.
264 1828 313 1910 2.)
356 1832 425 1912 Oui
444 1831 658 1895 contionibus
680 1842 712 1898 et
730 1831 875 1915 legibus]
905 1833 1119 1899 Contiom‘llas
1148 1831 1310 1915 Quintium
1335 1835 1410 1899 dicit

101 1921 265 1984 tribunum
293 1923 414 2005 plebis,
452 1922 505 2005 qui
535 1922 677 1986 veneficii
707 1944 794 1986 rcum
817 1922 1027 2004 Oppianicum
1049 1922 1197 1989 Cluentio
1226 1940 1410 1992 accusatore
1439 1941 1443 1949 “

100 2013 275 2078 defendens
298 2016 398 2080 vietus
422 2025 492 2079 erat
505 2015 561 2078 iiio
583 2018 746 2090 damnatos
769 2013 900 2099 legibus
915 2026 1018 2078 antem
1036 2017 1081 2079 L.
1099 2017 1265 2081 Aurelium
1282 2020 1408 2083 Cottam
1421 2032 1451 2080 ts

101 2117 285 2188 praetorem
305 2109 480 2193 significat,
515 2108 568 2194 qui
603 2109 708 2192 legem
736 2107 956 2192 promulgarat
985 2109 1024 2171 de
1056 2110 1257 2174 restituendis
1287 2110 1468 2188 iuuenem]

98 2200 242 2283 equestri
262 2200 378 2265 ordini.

188 2292 422 2358 Peenlatorem
443 2296 584 2375 aerarii]
608 2296 674 2359 Sub
693 2292 844 2358 Carbone
866 2292 1016 2369 consule,
1048 2311 1118 2356 cnm
1139 2305 1290 2377 quaestor
1312 2305 1409 2360 esset.

103 2384 278 2450 Peculator
300 2395 401 2473 sutem
425 2383 523 2466 [est],
546 2386 601 2471 qui
624 2389 742 2450 iurtum
762 2385 839 2449 iacit
860 2384 1010 2466 pecuniae
1031 2387 1188 2468 publicae.

190 2478 389 2541 Venatorem
405 2473 502 2541 Asiae
522 2487 626 2562 atque
646 2479 880 2561 Pamphyliae]
902 2480 969 2542 Sub
990 2478 1177 2555 Dolabella,
1201 2501 1271 2544 curn
1286 2482 1451 2564 legatueto

102 2569 135 2634 ei
155 2582 186 2633 et
203 2591 265 2652 pro
287 2581 459 2655 quaestore
480 2584 581 2647 esset,
604 2583 730 2637 mortuo
752 2573 923 2636 Malleolo.
1260 2575 1264 2581 ’

189 2661 392 2726 Praedonem
416 2664 499 2726 iuris
524 2662 659 2744 arbaris]
695 2665 734 2729 ln
764 2677 912 2748 praetura
942 2667 1080 2744 urbana,
1117 2687 1210 2752 quam
1239 2665 1411 2732 Siciliensis

104 2766 212 2817 menta
233 2765 298 2829 est,
321 2754 359 2815 de
380 2775 442 2836 qua
463 2777 546 2818 nune
568 2768 746 2821 accinatur.

190 2849 242 2924 (5.
265 2845 313 2924 3.)
355 2847 439 2911 (tum
467 2849 596 2913 multae
623 2851 707 2911 mibi
734 2869 758 2912 a
791 2851 824 2915 0.
848 2850 943 2926 Verre
966 2861 1056 2917 terra
1078 2856 1232 2936 marique
1255 2851 1409 2930 insidiae]

104 2936 195 2999 Alias
216 2936 374 3022 significat
394 2937 541 3013 insidias,
573 2960 655 3022 quae
677 2938 760 3003 vitae
781 2940 848 3004 eius
870 2941 971 3004 iactae
993 2953 1082 3021 sunt,
1104 2942 1198 3019 alias,
1231 2963 1312 3026 quae
1328 2941 1452 3006 inte-25

198 3112 225 3163 t,
243 3107 436 3178 reipublicae]
457 3105 506 3161 tto.
526 3106 653 3162 ruald.
965 3140 970 3153 ·

199 3184 226 3240 5.
246 3189 276 3233 et
292 3180 329 3232 ab
346 3183 418 3252 eius]
437 3185 540 3233 eteius
559 3182 667 3235 Beraid.
684 3181 752 3239 Lod.
873 3206 879 3219 *
990 3195 996 3210 '

177 3253 249 3310 ibid.
269 3255 440 3323 eludendam]
461 3254 643 3309 deludendam
660 3258 754 3312 Prius.
772 3284 810 3300 —
827 3256 970 3310 eluendam
988 3255 1049 3313 did.

197 3333 223 3391 5.
238 3348 292 3402 per
309 3330 514 3402 narrationem]
529 3338 595 3401 post
612 3339 803 3384 narrationem
822 3333 932 3388 Graevii
951 3332 1014 3388 MS.

183 3402 255 3458 ibid.
274 3403 538 3457 demonstrationem
556 3409 709 3477 expositio]
729 3410 821 3461 Prine.
842 3435 879 3449 -
897 3407 1171 3463 demonstrationem.
1190 3411 1329 3480 expositio
1346 3405 1409 3464 did.

104 3475 192 3551 bugd.
211 3481 276 3533 liat.
297 3481 374 3533 iden.
395 3479 476 3534 Cren.
500 3505 539 3521 -
556 3479 822 3533 demonstrationem
840 3487 1012 3552 expositione
1029 3482 1137 3539 Bersld.
1157 3483 1226 3538 Led.

182 3551 253 3608 ibid.
272 3554 315 3623 et]
344 3556 436 3607 Princ.
456 3551 563 3610 Bereid.
583 3554 645 3610 ald.
663 3554 732 3610 Lod.
751 3584 788 3599 -
805 3563 838 3606 ut
856 3554 942 3628 Lugd.
963 3558 1028 3611 iios.
1046 3561 1124 3614 tam.
1143 3558 1224 3612 Creu.

197 3630 225 3687 6.
244 3627 374 3699 inducta]
395 3627 459 3681 Lod.
480 3641 507 3681 et
526 3644 602 3700 seqq.
619 3659 658 3672 -
676 3630 782 3684 indicta
801 3632 915 3702 priores.

104 3774 171 3830 nm·
184 3707 227 3831 ἆ.
245 3701 407 3772 tollendam]
428 3701 536 3757 Bersid.
556 3701 617 3757 ald.
634 3703 704 3760 Lod.
723 3733 760 3747 -
778 3703 903 3757 tollenda
920 3706 1013 3761 Prius.
1034 3733 1073 3750 -·
1099 3704 1139 3758 ad
1156 3705 1307 3759 tollendam
1324 3703 1411 3779 Lngd.

218 3791 262 3831 sn.
276 3778 358 3830 cren.
1008 3833 1013 3844 ,
1405 3804 1430 3835 ι

198 3856 225 3909 8.
242 3853 361 3922 pererit]
384 3853 473 3905 Prius.
491 3849 599 3906 Bersid.
617 3880 655 3896 -
670 3859 763 3924 possit
780 3849 839 3909 did.
858 3867 886 3906 et
904 3869 979 3925 seqq.

182 3923 252 3981 ibid.
271 3921 489 3996 domprobanda]
508 3930 551 3981 Pr.
565 3930 627 3981 Ber.
640 3927 700 3983 atd.
714 3927 783 3982 Lod.
795 3955 831 3970 -
840 3925 1044 3994 comprobando
1057 3925 1142 4000 Lugii.
1155 3926 1219 3985 iios.
1232 3931 1311 3984 Man.
1327 3929 1410 3984 Creu.

197 4003 225 4058 9.
243 3999 414 4070 compendia]
434 4020 449 4052 r
466 4002 624 4073 compendio
642 4001 752 4056 Bersid.

180 4081 225 4130 10.
244 4092 352 4126 moram
369 4093 403 4127 ac
422 4074 600 4145 brevitatem]
617 4095 651 4128 aa
669 4077 808 4129 brevitate
827 4094 933 4129 moram
952 4074 1040 4149 Lngd.
1063 4075 1128 4130 iios.
1147 4075 1225 4130 Man.
1245 4077 1328 4132 Cren.

180 4152 224 4203 12.
243 4148 480 4217 ENAllilATIO]
501 4150 663 4204 INITIUM
679 4151 953 4206 EXPOSITIONIS
972 4150 1054 4205 Creu.
1073 4179 1109 4193 -
1128 4167 1184 4206 aaa.
1203 4156 1298 4206 ceteri.

181 4221 225 4278 ti.
243 4221 386 4295 veneficii]
405 4222 526 4295 venefici
544 4227 634 4278 Princ.
737 4229 783 4284 16.
798 4226 1011 4296 promulgarat]
1028 4225 1223 4295 promulgaret
1242 4227 1323 4283 idsu.

181 4303 226 4357 18.
246 4297 448 4366 Peenieterem]
468 4299 699 4369 Depeeutatarem
710 4298 797 4372 Lugd.
812 4301 876 4353 iios.
888 4300 966 4353 Man.
979 4303 1058 4355 Creo.
1078 4315 1141 4354 eum
1160 4299 1239 4354 editt.
1259 4301 1413 4355 Ciceronis.

175 4373 220 4427 19.
239 4380 331 4424 aretem
348 4380 408 4437 est,
428 4376 485 4443 qus]
507 4374 554 4427 Sic
573 4379 679 4446 scripsi.
706 4374 807 4427 Deerat
826 4382 878 4428 est.

180 4450 226 4570 ἰο.
243 4455 330 4575 ἴφυα
347 4446 542 4520 Pamphyliae]
560 4448 627 4504 iios.
649 4448 725 4502 Man.
744 4449 825 4502 Creo.
842 4477 881 4490 -
899 4456 981 4519 atque
999 4446 1169 4519 Pamphiliae
1188 4453 1364 4519 antiquiores.
1376 4476 1414 4492 -

102 4533 162 4570 orn.
207 4538 242 4591 og

181 4595 225 4651 24.
245 4603 326 4647 terra
344 4599 467 4666 marique
486 4595 617 4664 insidiae]
636 4596 755 4648 insidiae
773 4605 853 4648 terra
872 4600 994 4665 marique
1008 4595 1076 4652 Lod.
1089 4612 1152 4650 cum
1166 4595 1245 4652 editt.
1261 4598 1414 4654 Ciceronis.

103 4707 141 4727 -·
159 4685 225 4741 i‘oss
237 4687 306 4740 haee
325 4687 406 4741 verbs
424 4692 454 4742 in
474 4688 565 4742 Prine.
585 4704 626 4741 est
645 4689 839 4762 compendium
859 4689 927 4742 mibi
947 4693 1073 4761 ignarum
1090 4677 1132 4744 is.

181 4765 227 4822 25.
246 4763 336 4829 alias,
353 4764 437 4834 quae]
457 4762 524 4818 Lod.
544 4778 571 4818 et
590 4780 663 4836 seqq.
684 4791 722 4808 ·-
738 4765 862 4837 eoasque
880 4764 974 4821 i'rinc.
993 4761 1052 4818 did.
1072 4791 1109 4809 -
1126 4764 1184 4818 elia
1201 4782 1270 4836 quae
1288 4763 1394 4819 Bersld.
