3210 5280
376 228 425 292 1u
449 223 558 294 scr.
580 226 702 293 11.1u
725 227 767 293 c.
790 227 992 290 viennen
1014 229 1105 289 Lus.
1129 229 1159 290 1.
1293 193 1296 199 ⁴
1363 231 1422 292 ur

114 378 197 442 tem,
221 367 408 451 ignorantes
435 368 521 430 illurn
549 367 742 432 accusatorie
775 377 842 428 orte
863 366 1052 447 providere,
1074 387 1114 428 ne
1136 366 1166 428 iu
1188 367 1323 450 epilogis
1344 389 1423 450 pro·

116 462 230 522 duetus
252 464 290 522 ah
312 458 489 524 Hortensio
510 461 654 524 conciliet
677 458 920 522 misericordiam
944 458 1080 521 iudicum
1105 462 1199 540 patri.

121 560 127 571 “
200 554 247 630 (§.
277 553 345 630 33.)
381 552 567 630 beronem,
599 556 813 627 aleatorum,
845 550 1101 631 perductorum]
1169 555 1314 616 Lenones
1349 565 1422 615 suut

115 658 316 717 scortorum,
341 647 549 725 perductores
570 643 660 705 etisur
683 642 849 705 invitorum
871 662 1076 723 personarum
1091 657 1122 706 et
1137 646 1168 707 in
1183 648 1296 729 quilrus
1312 658 1420 727 stupra
1432 659 1481 717 {st}

116 736 256 800 eiercita
279 736 402 815 legibus
427 738 632 801 vindicantur.
725 730 736 751 ⁹
1433 757 1448 804 s

198 832 246 909 (§.
270 832 338 908 st.)
362 832 528 907 Quaestor
549 831 602 890 On.
624 829 760 907 Papirio
781 829 920 889 consule
932 826 1054 908 fuisti]
1111 832 1183 895 Uno
1206 831 1330 893 nornine
1353 830 1418 895 Cu.

117 924 237 1004 Papirii
268 922 424 987 Carbonis
452 934 482 983 et
511 932 632 1000 tempus
661 917 797 980 criminis
825 918 1013 1001 significavit
1042 933 1073 983 et
1099 924 1229 986 crimen.
1282 925 1423 1007 Legitur

116 1029 217 1079 tamen
241 1028 272 1078 et
293 1015 425 1078 consuli
448 1053 699 1076 ........

200 1111 333 1192 obtigit
354 1109 415 1172 riti
435 1104 639 1184 consularis]
682 1104 861 1167 Provincia
882 1107 1078 1170 sulrnuditur.

198 1204 375 1268 Dissensiu
395 1200 531 1283 ciuium]
551 1248 554 1254 .
576 1197 707 1260 Leviter
728 1197 805 1259 drrit
826 1198 940 1260 belluur
962 1198 1055 1262 civile
1077 1200 1297 1284 gravissimum
1317 1205 1466 1283 Syllaettt

116 1308 186 1357 euru
210 1297 375 1358 lilariauis.
450 1312 453 1318 ‘

200 1390 293 1472 Quid
314 1390 439 1452 sentire
460 1388 630 1467 debueris]
674 1385 754 1450 Cuur
778 1386 891 1468 quibus
912 1388 1029 1452 lacere.

203 1487 254 1546 Ac
274 1481 379 1563 sorte]
423 1481 560 1545 Potuisti
583 1481 663 1543 euim
692 1491 723 1541 et
750 1479 903 1556 debuisti,
934 1483 960 1544 si
990 1484 1109 1559 nolles,
1143 1485 1310 1566 repudiare
1338 1484 1423 1548 illam

115 1587 254 1650 sortem,
279 1588 329 1636 aut
352 1586 527 1655 susceptam
551 1573 644 1636 tueri.
689 1655 692 1663 Ι

118 1677 121 1681 ’
203 1669 352 1733 Pecunia
371 1668 551 1749 attributo]
595 1668 684 1747 Quae
705 1667 736 1730 iu
760 1664 945 1746 stipendium
969 1666 1096 1731 militurn
1120 1673 1158 1732 de
1180 1669 1305 1733 aerario
1327 1692 1343 1731 r
1367 1670 1466 1731 tri-¹⁵

116 1764 209 1826 bunis
243 1762 372 1824 aerariis
401 1761 600 1857 adnumerari
631 1760 792 1846 quaestori
824 1761 918 1822 solet.
974 1761 1065 1846 Ergo
1099 1763 1198 1827 Verri
1225 1763 1424 1828 adnumerari

115 1855 317 1938 intelligitur.

200 1952 246 2024 (§.
270 1947 338 2024 35.)
364 1947 559 2012 Voluntatis
580 1947 731 2028 illorum]
774 1949 973 2026 Syllanorum
996 1951 1128 2013 scilicet.

202 2041 418 2123 Cornpitarr't]
462 2041 552 2104 Pilos
577 2041 775 2121 pervellerit,
810 2040 854 2102 sic
875 2040 1068 2104 fraudaverit
1088 2042 1194 2119 iurto,
1225 2054 1319 2107 utne
1341 2045 1424 2126 pilos

118 2137 245 2221 quidem
267 2135 297 2196 in
320 2157 459 2216 corpore
481 2135 623 2219 spolietis
645 2133 818 2217 reliquerit.
1434 2140 1467 2189 ts

205 2230 266 2295 Ad
281 2229 511 2313 nobilitatem,
530 2230 596 2292 troo
617 2238 681 2308 est,
702 2227 750 2288 sui
766 2225 858 2308 suos]
902 2226 1019 2290 'l'otuin
1041 2230 1103 2291 lroc
1119 2250 1179 2310 per
1200 2228 1332 2290 ironiam
1349 2228 1425 2290 dicit

118 2347 151 2386 ur
175 2361 703 2387 ................

203 2418 248 2493 (§.
273 2415 341 2490 30.)
362 2412 505 2493 Accepi,
526 2410 647 2496 inquit]
692 2410 819 2474 Referri
841 2414 879 2473 nd
894 2415 1046 2476 serarium
1069 2413 1149 2477 ratio
1172 2415 1253 2479 solet
1274 2413 1424 2496 pecuniae

118 2508 264 2591 publicae
287 2528 303 2567 a
327 2504 559 2589 quaestoribus.
604 2506 722 2566 Verres
746 2505 841 2589 igitur
868 2508 986 2570 retulit.
1031 2510 1094 2570 Sed
1122 2509 1246 2571 Tullius
1279 2509 1342 2571 hoc
1371 2527 1423 2569 re·

118 2594 303 2682 pre'hendit:
326 2597 443 2679 primo,
465 2595 574 2681 selsam
597 2598 675 2657 hanc
697 2597 879 2660 relationem
895 2601 1024 2661 brevem
1040 2621 1128 2673 esse;
1150 2600 1277 2675 deinde,
1302 2598 1469 2663 ideircots

215 2821 242 2870 2.
258 2815 422 2886 productus]
444 2811 511 2864 Lod.
531 2827 557 2865 et
577 2829 652 2884 seqq.
670 2838 705 2853 -
720 2813 866 2883 productis
885 2819 998 2889 priores.

195 2889 267 2944 llrid.
287 2891 426 2956 conciliet]
447 2891 572 2940 comune
593 2891 682 2940 l’rinr.

215 2973 243 3026 3.
260 2964 469 3035 perductorum]
490 2961 573 3034 Lugd.
593 2963 657 3015 Hos.
676 2964 752 3015 Mon.
773 2961 855 3016 Creo.
873 2991 910 3004 -
924 2962 1125 3034 producturum
1138 2965 1231 3018 Petne.
1252 2994 1288 3008 -
1304 2966 1426 3037 prodere-

120 3054 214 3096 sorum
232 3039 340 3094 Bersld.
361 3036 420 3090 rid.
440 3038 506 3091 Lod.
1292 3078 1294 3083 .

216 3120 242 3172 tr.
259 3113 454 3185 perdrrctores]
483 3110 704 3166 Melsnohrhonis
724 3116 798 3164 coni.
818 3110 905 3184 Lngd.
920 3115 983 3166 lior.
998 3113 1074 3165 Man.
1088 3114 1169 3166 Creu.
1190 3141 1226 3154 -
1242 3115 1426 3184 producentes

122 3197 227 3264 priores
248 3207 311 3242 cum
331 3190 441 3243 Graevii
463 3188 521 3240 MS.
561 3185 679 3254 „Facilis
702 3190 830 3250 mutatio,
861 3203 929 3257 quse
957 3188 1088 3240 tembino
1114 3193 1197 3241 etism
1223 3187 1318 3242 iocum
1342 3186 1427 3256 iecit,

122 3284 151 3318 ur
172 3271 288 3338 pessime
309 3269 337 3316 io
353 3263 444 3314 Tullio
464 3265 540 3314 daret
557 3261 764 3329 productorum.
803 3262 935 3317 Gruterus
955 3282 988 3314 ex
1005 3263 1083 3316 Msu
1103 3279 1130 3316 es
1149 3261 1209 3319 edd.
1228 3264 1322 3318 locum
1340 3269 1426 3319 resti·

122 3346 184 3395 suis.
223 3341 265 3392 lis
286 3344 314 3390 in
335 3338 404 3390 riso
425 3340 537 3390 Asconii
557 3338 709 3390 Graevisno
728 3353 805 3388 error
824 3334 1013 3392 msniteum.”
1045 3338 1180 3394 GARAT.

213 3418 241 3472 6.
262 3414 411 3484 Quaestor]
440 3420 584 3483 qrrusstore
605 3415 694 3463 Prius.
713 3410 821 3465 Berald.

196 3488 269 3542 ibid.
287 3487 410 3558 consede]
430 3488 493 3538 Hor.
515 3487 596 3539 Creu.
619 3516 649 3526 -
672 3485 734 3540 Cos.
755 3488 844 3539 Princ.
864 3485 975 3539 Bersld.
996 3484 1055 3539 Ald.
1077 3485 1144 3539 Lod.
1164 3516 1200 3529 -
1218 3487 1325 3539 consuli
1337 3488 1424 3561 Lngd.

122 3567 197 3620 Man.
220 3593 257 3604 -
277 3561 377 3614 Eadem
399 3567 513 3613 varietas
532 3577 572 3612 est
595 3565 623 3611 in
645 3561 788 3612 Ciceronis
808 3563 888 3613 ertiu.
909 3561 954 3612 ubi
976 3559 1029 3614 rid.
1049 3561 1204 3634 Zumprius.

214 3643 241 3695 8.
260 3637 376 3702 consuis]
409 3637 518 3687 conserte
540 3635 624 3697 Lued.
644 3635 720 3688 Men.
749 3660 784 3677 -·
811 3637 968 3700 Lacunam,
1001 3652 1069 3707 quse
1095 3654 1157 3708 post
1184 3640 1238 3689 hoe
1255 3653 1316 3690 roe.
1337 3652 1377 3688 est
1399 3641 1427 3688 in

123 3718 232 3775 Ptine..
253 3716 426 3785 neglexerunt
448 3711 508 3765 rid.
527 3727 553 3763 er
573 3729 644 3780 seqq.

201 3792 243 3846 13.
267 3791 307 3838 Ae
326 3789 412 3853 rorte]
434 3785 500 3837 Lod.
520 3802 546 3837 et
566 3804 639 3856 seqq.
662 3815 694 3825 -
715 3783 765 3836 dae
784 3792 859 3835 sorte
879 3788 992 3854 priores.

200 3867 243 3920 16.
264 3882 281 3913 a
301 3862 431 3927 triennis]
455 3859 520 3912 Lod.
542 3876 567 3912 er
587 3878 661 3929 suqq.
680 3889 717 3901 ·-
735 3860 768 3910 rte
787 3864 907 3910 trituris
926 3863 1104 3928 antiquiores.

199 3939 271 3991 thid.
291 3937 480 4001 adnumerare]
501 3935 684 3984 odnrsmerotu
706 3936 768 3986 tior.
790 3934 871 3987 Creu.

200 4017 244 4069 18.
262 4013 289 4065 V
292 4015 427 4063 ousntatr's
444 4011 565 4076 ittonam]
596 4010 678 4062 Priuc
708 4008 813 4061 Bersld.
835 4007 893 4061 rid.
913 4026 976 4062 eum
996 4010 1107 4064 Graevii
1128 4010 1188 4062 MS.
1212 4039 1242 4052 -
1264 4009 1430 4063 Voluntatis

123 4107 217 4140 eorum
239 4086 303 4137 Lod.
333 4115 367 4127 -
398 4086 425 4138 V
427 4088 563 4136 otrurtatis
588 4090 810 4153 ascensionisque,
834 4101 927 4135 eorum
953 4082 1038 4155 lugd.
1064 4085 1128 4136 Hos.
1155 4086 1231 4138 Men.
1257 4086 1338 4137 Creo.
1365 4101 1427 4136 curn

123 4161 286 4234 quibusdem
306 4160 385 4214 editt.
404 4164 555 4214 Ciceronis.
584 4188 633 4228 -,
648 4161 805 4212 votrrntntir
822 4159 1053 4230 dissensionisque
1072 4176 1166 4210 rorum
1185 4158 1267 4213 codd.
1287 4161 1429 4213 Ciceronis

122 4255 150 4292 es
176 4237 245 4289 Zuru
267 4241 331 4288 tius.

198 4317 241 4366 19.
248 4256 439 4380 Pcomprtaru]
458 4311 621 4376 compilarat
641 4309 730 4360 Prlne.

195 4386 266 4440 ibid.
287 4385 373 4452 Pitos]
403 4388 470 4450 pitis
488 4386 580 4437 Princ.
608 4384 714 4436 Bersld.

199 4467 244 4517 22.
264 4461 332 4511 diets
351 4466 379 4510 in
399 4459 427 4525 ⁹]
450 4461 541 4511 Prius.
561 4456 670 4511 Ber-td.
695 4454 757 4511 Ati.
781 4480 819 4499 -
837 4455 941 4509 dies'trsr
960 4455 1027 4509 Lod.
1047 4454 1132 4546 Luqd.
1151 4457 1229 4511 Men.
1254 4483 1293 4499 —
1323 4457 1429 4507 «licitur

122 4541 154 4586 ta
172 4535 291 4588 Verrem
311 4544 339 4586 et
359 4535 459 4587 Verris
475 4531 640 4603 deserueras
660 4533 723 4588 ilos.
743 4531 824 4584 Creo.

199 4615 242 4667 23.
267 4609 377 4680 Accepi]
396 4614 497 4677 accipit
518 4610 607 4659 Prior.
629 4634 662 4647 -
682 4612 807 4675 soeaeptt
826 4604 934 4659 Bersld.

195 4688 239 4740 25.
258 4687 421 4735 relationem
439 4682 564 4751 brevem]
585 4683 675 4735 Prior.
694 4679 801 4736 erratu.
821 4679 884 4736 ΔΜ.
905 4709 942 4724 -
960 4681 1123 4734 relationem
1140 4690 1168 4734 st
1186 4680 1297 4733 brevem
1310 4681 1379 4733 Lod.
1394 4709 1430 4723 -

123 4755 235 4812 trevam
253 4761 417 4811 rotationem
436 4758 522 4828 Lugii.
542 4759 607 4812 ltus.
626 4757 705 4812 usn.
724 4755 807 4813 Creu·
