3210 5280
229 212 290 278 tut
638 203 844 274 scitotin
866 206 1116 273 boniensis

230 353 355 438 qaridem
378 361 449 414 ante
477 349 563 413 illum
591 344 668 412 niae
696 347 866 411 maritimae
900 346 1098 428 praepositus
1136 348 1189 411 M.
1223 346 1383 412 Antonius
1414 349 1535 433 piratas

227 445 397 531 persequi3
420 446 475 508 sed
494 446 590 507 rebus
612 445 748 507 nonduin
770 441 945 518 contectis,
970 454 1071 504 morte
1092 452 1280 522 praeuentus
1303 451 1364 503 est.

306 563 367 644 18.
393 569 479 644 Νοιι
503 567 613 642 Asiae
638 568 818 662 testibus,
857 566 923 640 sed
959 566 1235 641 accusatoribus
1262 567 1533 641 contubernali-

228 684 298 756 bus
326 683 493 755 traditus.

206 830 222 878 5
314 797 494 884 Vigilantcr
515 794 672 860 subtrabit
691 794 908 860 auctoritatem
930 794 1132 877 prouinciae,
1162 816 1224 879 quaa
1245 797 1380 860 Flaccus
1395 797 1536 880 opprimi

229 904 374 978 poterat,
409 902 442 954 et
470 890 575 954 subdit
602 899 800 953 accusatores
829 890 1082 952 contubernales.
1139 890 1214 952 Hoc
1243 892 1322 955 enim
1352 890 1422 953 lere
1458 891 1535 953 nibil

229 987 351 1070 optinet
372 982 585 1060 auctoritatis,
608 982 635 1046 si
656 981 898 1046 contubernales
921 984 979 1044 ad¹
1003 981 1189 1066 obsequium
1211 984 1348 1046 mendaci
1371 987 1534 1064 obtempe-

228 1079 368 1143 raverint
390 1076 585 1141 accusatori:
616 1075 694 1138 illud
716 1087 828 1138 contra
852 1097 914 1159 pro
938 1074 1126 1140 validissimo
1150 1076 1366 1162 acciperetur,
1389 1076 1417 1141 si
1442 1098 1535 1139 accu-

229 1171 310 1237 satio
332 1170 514 1255 provinciae
535 1168 632 1234 totius
653 1168 859 1233 incumberet.

187 1321 219 1372 m
307 1296 376 1370 111.
404 1288 439 1369 1.
467 1296 517 1370 At
542 1320 563 1369 a
587 1295 745 1368 testibus
771 1292 939 1369 laeditur.

313 1416 369 1497 [P.
392 1413 481 1494 its]
526 1412 701 1476 Exsecutio
730 1411 808 1475 haec
835 1411 934 1476 omnis
963 1413 1044 1475 hanc
1073 1410 1195 1494 optinet
1223 1413 1455 1498 quaestionem,
1492 1437 1530 1476 an

228 1508 361 1574 testibus
391 1509 578 1571 credendum
610 1506 662 1569 sit.
717 1506 760 1568 Et
792 1505 878 1587 prius
911 1526 1003 1590 quam
1037 1507 1240 1590 adgrediatur
1273 1519 1384 1571 orator
1405 1510 1467 1551 -2
1500 1520 1532 1571 et

230 1607 392 1667 destruere
420 1622 586 1684 personam
620 1602 814 1663 Graecorum
844 1611 874 1662 et
908 1601 1063 1664 nationem
1096 1600 1203 1683 gentili
1236 1604 1369 1682 quadam
1405 1600 1534 1665 levitate

229 1694 451 1779 praeeipitem,
485 1693 587 1758 statim
619 1692 718 1775 prima
753 1692 985 1757 conflictatione
1019 1693 1088 1735 ·-³
1117 1694 1250 1775 opponit
1278 1694 1533 1774 praecedentium

71 1824 74 1831 ·
188 1789 503 1873 timngistratuuml,
527 1787 558 1852 in
581 1787 694 1872 quibus
715 1789 794 1871 bene
816 1787 976 1869 cognitum
1000 1799 1031 1850 et
1047 1785 1187 1870 gloriose
1204 1790 1367 1868 probatum
1383 1788 1533 1849 Flaccum

228 1904 292 1946 uun
323 1893 470 1964 oporteat
490 1879 538 1945 his
562 1902 631 1945 earm
661 1878 797 1942 maxime
819 1877 1255 1962 testimonio·pugnantibus⁵
1280 1878 1399 1953 addici,
1438 1901 1532 1962 quatum

228 1975 321 2132 plura
334 1974 421 2129 tsint,
445 1976 535 2061 quae
548 1971 633 2038 laudi
655 1972 815 2057 prolicere
829 1974 981 2048 debcant,
999 1993 1097 2058 quam
1113 1994 1192 2056 quae
1208 1993 1289 2036 nnnc
1305 1971 1428 2034 crimini
1442 1971 1533 2035 iidem

245 2089 358 2132 acran.

303 2187 340 2266 2.
367 2190 512 2267 Nullam
537 2194 577 2265 in
602 2216 644 2265 re
671 2184 840 2264 familiari
867 2190 1026 2264 sordem.

186 2302 219 2354 ²⁰
312 2309 480 2374 Notabile⁶
511 2311 591 2385 hoc,
624 2312 711 2394 qrrod
740 2306 890 2393 singulari
918 2328 1049 2371 numero
1079 2308 1209 2389 sordem
1238 2306 1335 2382 dixit,
1370 2330 1466 2393 qrrrrm
1496 2311 1532 2371 de

229 2402 369 2468 moribus
402 2407 441 2466 ad
472 2401 672 2484 cupiditatem
702 2400 849 2484 pecuniae
887 2398 1137 2483 promptioribus
1169 2404 1337 2464 secundum
1371 2423 1532 2464 numerum

227 2496 379 2580 pluralem
413 2499 605 2560 consuetudo
635 2493 840 2559 celeberrima
870 2493 911 2558 sit
937 2494 1060 2584 sordes
1088 2492 1205 2558 dicere.
1258 2495 1333 2558 Huc
1363 2494 1464 2578 igitur
1495 2496 1533 2557 de

228 2588 335 2653 verbis
356 2589 530 2653 rarioribus
552 2591 749 2652 adnotemus.
1391 2612 1405 2626 ·

304 2713 392 2787 1111.
422 2706 456 2788 l.
494 2713 579 2788 Non
613 2739 685 2813 qun
718 2715 859 2786 nationi
891 2712 975 2786 buic
1011 2736 1078 2811 ego
1111 2735 1205 2785 unus
1238 2714 1393 2786 maxime
1426 2712 1532 2786 fidem

186 2827 219 2878 ²⁵
230 2825 414 2926 derogem.

310 2942 475 3008 Localiter
507 2944 567 2987 -l
598 2937 785 3026 impleturus
811 2941 943 3007 Graecis
974 2940 1106 3004 testibus
1132 2962 1195 3004 non
1223 2960 1292 3004 esse
1323 2945 1530 3019 credendum,

228 3057 293 3122 quo
329 3035 390 3100 sibi
422 3048 532 3100 contra
564 3035 712 3100 invidiam
748 3038 944 3110 mederetur,
982 3032 1143 3117 praemisit
1169 3036 1233 3097 hoc
1264 3035 1413 3122 σχῆμ’,
1447 3037 1532 3118 qnod

228 3141 304 3211 aput
326 3133 468 3196 Graecos
490 3130 551 3175 -l
573 3130 697 3194 dicitur.
719 3159 760 3173 -
784 3131 889 3192 Tanto
912 3130 992 3192 enim
1014 3126 1133 3192 maiore
1148 3129 1336 3194 auctoritate
1350 3129 1532 3212 proscindet

226 3221 354 3287 illorum
369 3222 399 3287 in
414 3221 599 3288 testimoniis
614 3220 751 3286 dicendis
765 3228 779 3287 l
791 3226 972 3290 levitatem.

184 3316 217 3368 30

602 3363 1029 3509 [Desiderdnturirogirioe
1046 3418 1161 3500 darom]

296 3552 320 3603 1.
338 3554 398 3599 Cori.
418 3553 452 3600 ud
471 3554 512 3599 ud.
550 3553 700 3611 suspirium
717 3559 827 3603 versiculi
846 3573 898 3604 cum
918 3560 1029 3614 dimidio,
1049 3560 1089 3605 nbi
1105 3560 1196 3606 Graeca
1209 3563 1280 3606 sorba
1296 3562 1401 3607 luerunt.
1439 3559 1533 3618 &Spa-

362 3624 421 3668 tium
442 3625 510 3670 unios
528 3625 636 3671 vocabuli
658 3627 744 3672 Graeci
763 3619 917 3686 (ἔπαινονῗ
947 3628 1007 3679 Oa.)
1054 3626 1078 3674 i.
1098 3631 1158 3675 God.
1185 3631 1371 3691 nmgiatrotum.
1419 3629 1443 3677 5.
1472 3633 1533 3690 begs

361 3693 571 3755 oppugnantibus.
591 3694 638 3742 Oa.
676 3695 942 3743 ⁶.Cod.notudi1em.
980 3696 1003 3747 i.
1023 3700 1128 3756 Spatium
1141 3701 1209 3745 auius
1224 3714 1278 3748 voc.
1297 3700 1341 3753 Gr.
1378 3697 1404 3744 8.
1423 3703 1532 3759 suppleri

362 3763 501 3808 vocabulum
514 3766 591 3820 spatio
606 3779 748 3825 congrueua.
786 3764 810 3814 9.
830 3769 916 3823 Supplo
934 3767 1017 3813 vocab.
1037 3783 1107 3813 unum
1125 3770 1170 3815 Gr.

317 3850 344 3902 2.
364 3847 436 3900 ilinc
455 3861 470 3898 a
491 3849 622 3901 Cicerone
642 3852 671 3902 ln
692 3852 768 3903 Verr.
788 3850 824 3904 it.
843 3855 870 3912 3.
890 3865 917 3904 aa
937 3852 988 3904 itt.
1008 3854 1054 3910 91.
1084 3849 1187 3905 dicitnr
1204 3851 1246 3905 Μ.
1260 3855 1375 3905 Antonii
1396 3853 1532 3907 inlinitum

226 3924 383 3990 lmperiuua.
421 3918 495 3975 idem
520 3939 660 3994 postremo
686 3925 749 3977 loco
775 3929 826 3978 nlt:
862 3926 1029 3994 Antoniam,
1060 3945 1141 3996 quum
1165 3926 1252 3978 mrum
1275 3935 1379 3979 contra
1395 3935 1534 3980 sociorum

225 3996 358 4058 saliuam,
377 3998 466 4047 marito
478 4005 580 4050 contro
598 3999 747 4051 utilitatem
763 4005 974 4069 provinciarum
992 4010 1018 4054 et
1030 4000 1149 4073 jaceret
1167 4010 1195 4053 et
1213 4006 1370 4070 cogitaret,
1390 4007 1421 4054 in
1439 4003 1533 4056 mediis

226 4077 286 4124 sius
303 4074 416 4123 inirsriis
432 4080 461 4124 st
479 4072 680 4142 cupiditatibus
697 4092 774 4126 mors
794 4080 941 4146 oppressit.

301 4155 344 4202 ιο.
364 4148 465 4200 liuram
486 4151 586 4220 incipit
606 4165 694 4203 reatus
713 4149 813 4203 editus.
851 4150 924 4223 Ergo
943 4147 1029 4203 codes
1049 4154 1199 4209 vaticanus
1213 4155 1297 4206 sarcir
1310 4156 1431 4223 priorem
1447 4168 1533 4207 extre·

224 4236 353 4291 mamque
371 4237 477 4293 partem
497 4221 625 4276 lacunas:
646 4229 736 4278 tonuit
756 4229 855 4288 ortam,
875 4242 903 4278 ιιι
918 4229 972 4278 tam
985 4224 1060 4290 disi,
1079 4242 1211 4298 qnantum
1225 4225 1316 4279 adbuc
1329 4224 1416 4286 desis.
1436 4245 1533 4302 napa

224 4292 356 4367 quidquid
376 4299 509 4369 lnrcrprus
528 4314 658 4368 quartuor
676 4305 870 4353 commentarii
891 4305 1012 4373 paginis,
1032 4317 1100 4370 quae
1121 4306 1275 4374 perierunt,
1296 4283 1397 4374 pimtm
1413 4302 1533 4357 illustra-

223 4372 1268 4524 utilititatziizi?titiiittiiizi·:timidis
1286 4378 1533 4525 ttulistis·

223 4520 378 4575 dirimente
398 4524 490 4575 blams
509 4528 663 4589 orationis,
682 4541 714 4578 nt
733 4528 789 4578 iam
808 4525 884 4591 dlxi,
903 4525 979 4579 valde
998 4529 1183 4581 inmtnoimr.

298 4602 343 4655 28.
363 4596 393 4650 Si
414 4598 483 4650 mitt
503 4598 673 4653 commodius
692 4604 781 4654 otium
799 4598 911 4669 inisset,
929 4601 984 4654 boo
1001 4599 1119 4656 fortasse
1137 4618 1164 4655 er
1183 4602 1236 4655 alla
1255 4602 1402 4675 figurarum
1421 4606 1532 4655 nomina

160 4686 174 4705 ·
223 4668 295 4741 apud
322 4672 445 4726 Graecos
471 4673 512 4725 uel
537 4675 650 4728 hunos
677 4675 801 4730 rhetoras
821 4692 902 4748 atquo
921 4678 1093 4750 artigraphos
1114 4682 1288 4732 invenissem.
1338 4679 1421 4732 Nono
1439 4676 1532 4730 moltis

224 4750 298 4799 coita
318 4742 453 4802 darentur
471 4763 592 4820 spartam
612 4749 684 4805 bano
702 4749 887 4807 adornandam
907 4749 1014 4808 erudito
1033 4751 1148 4809 cuilibet
1166 4769 1250 4830 prope
1271 4755 1375 4809 toritas
1394 4756 1532 4828 permisto.
