3210 5280
219 186 283 251 240
589 242 593 249 .
635 181 839 250 sotionis
861 183 1111 249 uouittttstu

217 327 343 392 soleant
363 347 427 391 non
444 327 507 390 boc
523 345 623 410 genus
637 325 791 407 praedae,
815 325 870 387 sed
891 323 950 388 alia
968 335 1117 405 captaret
1140 323 1266 408 quando
1281 322 1407 387 tabulae
1421 323 1526 388 musis

218 431 337 484 tantum
361 432 391 484 et
413 417 652 501 probationibus
677 416 885 480 instrumento
910 417 989 493 sint,
1024 417 1248 523 praedonibus
1256 417 1347 483 lucro
1369 438 1525 482 essenon

218 514 355 596 possint.
399 514 544 577 Probare
568 512 635 574 vult
657 509 753 596 igitur
774 530 837 575 non
859 509 1011 574 tabulas
1001 531 1031 573 ιιι
1054 509 1168 573 itinere
1189 509 1338 589 amissas,
1361 511 1418 574 sed
1439 508 1525 574 domi

220 606 319 670 nullas
342 628 410 670 esse
432 605 640 687 conscriptas.

195 764 210 814 5
296 724 331 804 2.
359 729 611 805 Bellissimum
627 726 875 827 putaveruut¹
904 727 1028 802 dicere
1052 727 1219 802 amissas.

304 847 388 928 Quid
409 868 521 911 causae
544 846 644 910 secuti
663 848 742 922 sint,
766 856 802 908 ut
823 846 945 908 tabulas
970 865 1033 907 uon
1056 845 1258 926 proferrent,
1280 841 1526 908 ratiocinatione

219 939 303 1004 facta
334 960 392 1022 per
421 937 652 1016 coniecturam,
686 937 850 1004 revocavit
875 958 999 1002 omnem
1027 937 1237 1020 suspicionem
1264 938 1316 1001 vel
1343 940 1382 1000 ad
1408 951 1525 1002 metum

219 1054 360 1116 poenae,
395 1055 485 1118 quam
509 1035 631 1117 legibus
653 1032 718 1097 suis
741 1029 866 1115 passuri
887 1041 1008 1107 essent,
1037 1030 1064 1094 si
1091 1030 1186 1094 salsas
1212 1028 1440 1112 protulissent;
1473 1031 1525 1094 vel

221 1129 261 1188 ad
288 1125 505 1209 probationem
530 1125 723 1188 innocentiae
750 1123 876 1200 Flacci,
912 1122 938 1186 si
970 1144 1063 1187 veras
1093 1120 1315 1205 protulissent,
1353 1122 1523 1207 inquibus

81 1263 86 1278 .
179 1221 336 1295 apnuilum
350 1217 497 1281 indicium
512 1217 650 1280 criminis
664 1217 877 1325 inveniretur,
901 1229 931 1281 et
953 1216 1058 1300 potius
1080 1216 1171 1281 color
1191 1214 1260 1298 ipse
1282 1214 1440 1298 qttaesitus
1461 1219 1521 1295 sit,

219 1322 253 1375 ut
278 1311 458 1375 viderentur
486 1310 679 1394 perdidisse,
711 1331 751 1376 ne
780 1321 833 1374 aut
860 1308 921 1392 ipsi
949 1309 1221 1394 periclitarentur,
1255 1318 1309 1370 aut
1328 1328 1387 1372 reo
1408 1329 1523 1374 nocere

219 1424 284 1468 ιιοιι
305 1414 446 1485 possent.

295 1521 358 1625 [P.
372 1520 478 1625 252]
504 1521 541 1602 3.
569 1527 665 1628 Quin
692 1529 738 1603 ab
764 1527 835 1602 hoc
858 1528 1089 1628 ignotissimo
1110 1526 1212 1629 lryge
1227 1519 1241 1631 ll
1256 1442 1524 1603 nobilissimum

221 1640 336 1713 civem
361 1637 592 1712 vindicetis2.

179 1778 211 1827 ts
304 1756 480 1841 Utrumque
508 1755 707 1821 vehementer
732 1767 764 1820 et
788 1757 827 1821 ad
849 1754 1081 1839 deprimendum
1107 1757 1319 1823 aduersarium
1349 1769 1381 1823 et
1405 1760 1445 1823 ad
1468 1779 1524 1822 ex·

220 1847 393 1913 tollendum
414 1868 521 1924 reum3
552 1860 587 1911 ut
609 1860 726 1913 tantum
749 1850 782 1914 in
806 1849 862 1916 illo
888 1853 1056 1915 obscurata
1084 1849 1142 1929 sit,
1167 1851 1368 1938 quantumin
1391 1854 1454 1918 hoe
1477 1853 1524 1916 iu·

221 1942 352 2007 lustrata
373 1963 523 2026 persona.

295 2061 332 2143 li.
360 2067 508 2142 Homini
534 2070 629 2142 enim
655 2068 776 2170 frygi,
803 2069 866 2168 qui
891 2066 1087 2145 arborem³
1113 2034 1306 2169 numquam
1333 2070 1524 2167 vidissetl,

219 2177 383 2253 fiscinam
409 2179 561 2254 ficorum
588 2182 782 2255 obiecisse.

177 2315 210 2366 ιο
303 2295 408 2359 Valde
432 2317 548 2360 summa
573 2296 832 2361 confestivitate
856 2297 1001 2362 discussit
1024 2296 1161 2362 inridens
1184 2298 1295 2364 ueneni
1330 2298 1523 2366 criminatio·

219 2409 309 2467 uem,
332 2392 420 2476 quod
443 2390 494 2453 bic
519 2389 679 2454 videretur
705 2411 784 2454 unus
809 2393 847 2454 de
873 2413 1004 2456 numero
1035 2403 1251 2456 accusatorum
1280 2393 1388 2459 Flacci
1408 2415 1525 2477 repen·

219 2483 283 2546 tina
315 2495 418 2548 morte
446 2484 625 2548 defunctus.
667 2484 803 2551 (ἔιιιιιιι6
834 2485 1020 2568 interposita
1049 2496 1098 2548 cst
1128 2485 1281 2549 aviditatis
1313 2499 1344 2550 et
1374 2487 1527 2570 intempe-

218 2575 340 2640 rantiae
369 2576 497 2642 barbari
517 2577 667 2651 hominis,
702 2597 793 2662 quesn
824 2598 917 2661 poma
942 2576 1086 2641 inusitata
1110 2577 1326 2643 distenderint.
1370 2580 1525 2644 Notemus

219 2666 318 2754 igitur
342 2674 489 2756 quasdam
511 2670 743 2735 criminationes
770 2690 834 2733 nou
865 2670 1001 2754 pugnaci
1024 2668 1313 2756 argumentatione,
1337 2673 1393 2736 sed
1414 2671 1526 2736 ειίιιιι6

177 2762 334 2827 salestina
356 2763 531 2828 urbanitate
553 2763 695 2828 dissolui.
743 2787 748 2795 ·

296 2882 331 2963 5.
359 2888 492 2964 flacco
517 2913 609 2963 vero
634 2868 722 2987 quid
747 2886 933 2986 profuiti,
960 2892 1023 2989 qui
1047 2889 1162 2964 valuit
1186 2891 1322 2964 tamdiu
1348 2890 1434 2964 dum
1455 2890 1525 2964 buo

218 2995 415 3099 prodiret?
442 3008 608 3074 mortuus
635 3008 693 3073 est
717 2999 845 3074 aculeo
866 3002 937 3073 iam
960 3002 1094 3075 emisso
1118 3025 1161 3076 ao
1181 3001 1279 3076 dicto
1301 3003 1524 3076 testimonio.

304 3119 396 3182 Leve
417 3116 541 3200 putavit
562 3128 674 3182 orator
695 3115 949 3201 diligentissimus
963 3120 1043 3180 hanc
1067 3118 1278 3202 suspicionem
1300 3119 1445 3184 veneficii
1459 3119 1527 3184 sola

221 3210 399 3276 urbanitate
414 3210 591 3274 discutere:
607 3209 761 3274 conclusit
777 3210 867 3273 etiam
883 3209 1024 3274 breviter
1038 3212 1309 3296 argumentatione
1324 3211 1524 3289 validissima,

177 3326 208 3377 ιι
219 3304 337 3369 nullum
356 3304 474 3369 Flacco
489 3302 729 3368 emolumentum
744 3301 841 3366 luisse
862 3300 893 3367 in
916 3302 981 3367 eius
995 3302 1140 3382 interitu,
1157 3305 1212 3389 qui
1234 3305 1294 3368 iam
1313 3303 1525 3368 testimonium

219 3398 276 3480 [Ρ.
299 3397 390 3478 ML]
412 3396 536 3460 dixerat
557 3408 588 3459 ct
611 3391 693 3470 rim!
709 3393 934 3458 criminationis
956 3394 1115 3460 ediderat:
1139 3396 1229 3461 unam
1245 3408 1348 3462 autem
1365 3395 1526 3463 occidendi

218 3490 317 3555 luisse
344 3489 497 3554 rationem
525 3500 595 3553 ante
620 3488 734 3574 quam⁸
755 3486 966 3553 testimonium
991 3488 1127 3551 dicerett
1163 3490 1248 3555 dicto
1270 3501 1372 3553 autem
1394 3488 1456 3554 iam
1477 3500 1526 3553 te·

219 3583 388 3659 stimouio,
413 3582 512 3667 magis
535 3582 676 3667 potuisse
698 3580 815 3645 crimen
837 3581 964 3667 augeri,
988 3603 1082 3667 qtsam
1104 3582 1277 3666 periculum
1298 3582 1463 3648 declinari.

296 3681 331 3763 6.
360 3689 531 3787 Totoque
556 3687 807 3762 Mithridatico
834 3688 999 3761 crimine.

177 3831 209 3881 ³5
302 3806 476 3891 Eleganter
497 3815 527 3868 et
543 3804 686 3870 oratorio
700 3806 884 3879 stomachos
907 3802 1126 3872 Mithridatico
1147 3805 1276 3872 crimine
1289 3806 1378 3892 quasi
1394 3803 1526 3871 Mithri·

219 3898 322 3965 datico
344 3901 441 3967 bello.
484 3898 522 3963 ta
550 3910 653 3962 autem
685 3897 801 3962 crimen
823 3896 1000 3981 significat,
1034 3902 1121 3985 quod
1142 3900 1346 3964 Mithridates
1368 3899 1423 3963 ille
1444 3897 1525 3962 Per·

220 4013 372 4078 gamenus
392 3991 580 4056 intenderat.

287 4131 311 4177 l.
330 4130 391 4176 sta.
408 4135 536 4188 putarunt.
573 4127 598 4175 2.
618 4129 678 4175 Coti.
697 4128 849 4176 condonetis.
886 4126 910 4175 5.
931 4129 990 4175 aas.
1016 4131 1130 4176 arborem
1140 4130 1191 4192 fici
1215 4137 1239 4179 et
1258 4132 1379 4181 obiscs'sts'.
1417 4129 1442 4184 4.
1463 4132 1523 4176 Cod-

353 4198 455 4245 eids'cee.
493 4198 517 4246 5.
537 4199 644 4254 spatians
671 4203 723 4244 erat
749 4201 817 4244 anius
844 4199 961 4244 vocabuli.
999 4198 1023 4245 6.
1043 4201 1104 4245 Coti.
1134 4206 1209 4248 stom.
1246 4202 1277 4246 Et
1301 4203 1396 4261 quidem
1416 4203 1523 4258 superios

353 4269 507 4325 supplendum
525 4269 623 4323 aolom5
649 4269 686 4315 vel
704 4270 828 4314 dicendum
845 4274 895 4313 totu
912 4282 995 4329 quast.
1033 4266 1057 4315 i.
1078 4269 1138 4316 Cod.
1155 4269 1276 4335 prestari&
1303 4272 1345 4316 sed
1362 4285 1419 4316 mox
1437 4270 1523 4316 ibidem

353 4340 429 4385 deleta
446 4338 465 4383 i.
502 4335 527 4383 8.
547 4338 609 4383 Coi.
627 4343 651 4382 et
669 4351 751 4397 quan.

290 4425 336 4480 25.
355 4419 456 4475 Recole
482 4436 551 4493 quae
578 4416 647 4474 dicit
671 4418 743 4493 apud
768 4434 818 4472 nos
843 4421 872 4471 itt
891 4423 999 4473 monito
1017 4418 1177 4475 Macrobius
1197 4419 1231 4474 de
1249 4420 1363 4476 utilibus
1382 4423 1523 4476 Ciceronis

218 4502 247 4551 iu
266 4494 371 4551 orando
390 4499 470 4549 iocis.
482 4439 562 4550 qSed
581 4510 674 4548 tamen
694 4493 854 4549 Macrobius
874 4493 906 4547 de
926 4495 981 4547 alio
1000 4493 1122 4565 loquitur
1142 4501 1171 4551 in
1191 4496 1281 4550 Flacci
1300 4512 1381 4551 causa
1400 4501 1472 4550 ioco

292 4575 336 4632 56.
356 4568 459 4625 Odium
479 4568 667 4624 Mithridatici
687 4569 752 4623 beili
771 4585 846 4621 nunc
865 4574 967 4623 suscita
1000 4568 1110 4641 oblique
1129 4587 1236 4630 orator:
1255 4576 1340 4626 sicnti
1359 4577 1388 4626 in
1400 4571 1521 4644 reliquus

216 4663 268 4720 pro
287 4645 424 4699 Scauros
452 4660 496 4696 rue
522 4643 603 4698 editis
623 4643 720 4699 ecdem
740 4659 803 4698 estu
822 4650 944 4696 oratorio
965 4585 1120 4698 §cenorum
1140 4644 1234 4700 odium
1254 4652 1391 4702 convertit
1410 4651 1439 4700 ln
1458 4649 1523 4703 itto-

217 4738 275 4774 rnm
294 4721 407 4774 colonos
428 4718 543 4785 Sardus,
562 4734 662 4776 contre
682 4737 751 4794 quos
771 4720 869 4774 Cicero
887 4719 1016 4773 clientem
1036 4736 1115 4775 tuum
1134 4719 1265 4778 delendis.
