3210 5280
482 292 485 297 ¹
540 170 977 306 ιιιιιιίιιιιιιιοιιιιι.
1337 212 1406 276 ιιι

178 351 418 416 inclamando
439 353 586 437 quidem]
628 312 834 417 Huiusmodi
846 351 990 417 homines
1019 351 1050 416 in
1079 351 1167 415 libris
1183 355 1236 415 ¹‹le
1266 350 1405 417 Oratore

96 461 162 504 non
185 441 450 516 declamares,
473 447 528 506 sed
550 444 756 510 clamatores
778 445 856 508 idem
879 445 1003 509 Tullius
1024 456 1134 510 vocat.
1245 462 1250 468 ·
1384 456 1386 461 ’

182 536 306 600 Totum
327 538 492 602 iudicium
512 537 696 617 sustinebit]
739 538 820 619 Quia
835 548 868 601 tu
890 560 948 603 nec
963 547 1084 621 partein
1096 536 1200 600 iudicii
1215 534 1380 600 sustinebis
1393 561 1403 612 ς

96 626 162 690 boc
184 640 232 690 est
254 628 332 691 enini
354 640 455 692 tottttu
476 627 625 692 iudicium
648 640 679 690 et
701 651 773 712 spes
796 630 910 695 omnis.
1268 643 1271 649 '

179 718 359 788 doloribus
381 720 528 803 Graecis]
571 720 775 786 Palliatarunt
804 726 923 789 scilicet
943 725 1133 802 fabularum.
1176 725 1216 789 in
1235 722 1285 786 bis
1303 704 1429 798 'enim,5

99 810 220 875 etiarnsi
243 809 374 874 Latinae
396 823 488 887 etant,
517 814 640 876 Graeca
663 815 766 880 omnia
788 829 966 880 servantur.
1010 819 1090 880 Nam
1118 817 1252 880 Latinae
1279 817 1404 880 fabulae
1430 862 1440 878 .

100 926 159 987 per
180 904 345 984 pauciores
367 906 541 988 agebantur
569 928 740 988 personas,
766 921 800 973 ut
821 910 1003 987 Atellanae,
1027 921 1154 995 togatae
1176 920 1208 973 et
1228 909 1404 973 huiustuotli
1438 936 1440 941 ’

100 997 203 1071 aliae3
225 997 358 1060 acideo
380 1010 505 1063 actores
527 1000 670 1065 Graecos
691 999 781 1063 dixit.

184 1090 294 1171 Saepe
322 1091 440 1170 illurn,
474 1093 536 1174 qui
563 1101 610 1155 est
638 1093 864 1156 secundarum
895 1103 967 1157 unt·
984 1092 1176 1172 terticrum]
1229 1093 1403 1160 Comoedia

99 1180 241 1266 quinque
261 1190 349 1242 actus
370 1181 483 1253 babet,
507 1181 569 1244 boc
590 1194 653 1257 eat,
678 1182 844 1266 quinquies
865 1183 990 1244 ducitur
1015 1183 1047 1246 in
1068 1205 1205 1247 scenam.
1249 1188 1307 1249 Est
1321 1206 1403 1271 ergo
1416 1201 1448 1249 tt

101 1295 237 1357 persona
264 1275 434 1356 primarum
457 1274 609 1355 partitun,
633 1296 713 1358 quae
735 1274 859 1356 saepius
885 1286 955 1338 actu
979 1276 1175 1360 regreditur,
1193 1280 1403 1341 'secundarum

101 1371 149 1449 [et
164 1367 352 1448 tertiarttni],
369 1388 450 1452 quae
466 1369 565 1430 minus
581 1367 741 1448 utinuaque
756 1370 945 1449 procedunt.
969 1367 1137 1430 'l'erentius
1151 1369 1181 1432 in
1188 1371 1402 1435 Phormione:

147 1532 149 1536 ¹
265 1459 354 1538 Quia
374 1463 501 1541 primns
520 1468 632 1541 put-tes
653 1457 715 1541 qui
732 1468 831 1541 aget,
852 1464 880 1522 is
900 1462 962 1522 erit
983 1461 1154 1525 Pitorrnio.

181 1548 293 1626 Quum
315 1549 374 1613 ille
393 1541 599 1631 primorum]
621 1547 758 1611 Subaudi
778 1552 940 1632 portium.

178 1636 333 1700 Multum
352 1634 560 1721 submittere]
581 1640 718 1702 Subaudi
738 1660 852 1706 vocem
873 1638 925 1699 vel
947 1646 1091 1720 gestum.
1319 1661 1321 1664 ·
1414 1652 1446 1701 ts

151 1763 158 1775 ·
184 1733 230 1806 (§.
253 1730 321 1807 ib.)
345 1733 512 1812 Quartum
543 1753 641 1816 quem
671 1734 715 1795 sit
745 1728 935 1808 habiturus]
988 1726 1079 1791 Duos
1111 1726 1209 1794 dixit:
1242 1729 1403 1811 quomodo

99 1831 247 1904 quadum
270 1821 432 1894 nontinat‘i
454 1821 580 1885 Scilicet
601 1824 640 1884 ab
663 1831 863 1899 accusatore,
887 1843 956 1884 cuin
980 1820 1050 1904 ipso
1074 1820 1214 1887 Caecilio
1238 1841 1404 1886 numerans

100 1913 281 1997 proximum
303 1914 467 1989 Alienum,
496 1924 655 1997 quarttttn.

184 2009 237 2072 Ex
258 2008 321 2071 illo
341 2029 445 2090 grege
465 2004 689 2086 moratorum]
744 2006 976 2072 Obturbatores
1011 2010 1162 2089 qttosdatn
1195 2007 1460 2087 sordidosqnests]

100 2099 276 2162 causidicos
297 2096 470 2180 significat,
501 2096 553 2181 qui
575 2097 800 2161 adhibebantur
821 2102 859 2160 ad
882 2121 999 2163 morant
1022 2099 1214 2175 faciendam,
1245 2101 1317 2162 ium
1339 2116 1446 2164 tue-tt

102 2193 199 2256 tiores
220 2190 364 2254 advocati
385 2200 605 2253 recrearentur
626 2202 657 2252 et
678 2211 712 2253 se
734 2193 837 2253 dentto
855 2205 1074 2274 compararent
1089 2191 1318 2254 addicendum.
1362 2191 1404 2253 Et

103 2305 167 2348 non
189 2284 317 2347 recessit
339 2306 356 2345 a
378 2279 582 2345 translatione
603 2283 818 2360 scenicorum,
843 2283 896 2367 qui
918 2296 990 2347 aunt
1014 2282 1129 2368 tragici
1150 2295 1182 2347 et
1205 2282 1334 2359 comici,
1357 2281 1404 2345 di·

103 2378 203 2440 cendo
225 2386 384 2461 quartum
405 2384 554 2440 actorem
577 2386 608 2436 et
628 2397 780 2458 gregem.

189 2455 396 2552 Cnicnnqbe]
439 2467 515 2530 Sive
538 2464 629 2543 mihi,
652 2466 719 2531 sive
742 2466 897 2534 Caecilio.

197 2661 224 2711 1.
243 2658 273 2704 in
291 2653 371 2704 libris
388 2651 422 2704 de
440 2651 576 2720 Oratore]
598 2651 659 2705 Lib.
678 2652 731 2706 111.
750 2668 812 2726 cap.
830 2656 876 2713 511.
894 2655 918 2722 §.
939 2660 1001 2715 ¹38.

196 2736 224 2792 5.
243 2726 391 2780 sustinebit
408 2756 427 2769 -
446 2760 462 2770 -
481 2757 500 2769 -
517 2726 674 2793 sustinebis]
701 2726 863 2781 substinebit
882 2759 901 2771 -
919 2760 938 2772 -
957 2759 976 2772 -
993 2727 1158 2781 substinebis
1175 2729 1267 2782 Priuc.
1286 2727 1368 2781 Creu.

196 2810 223 2863 5.
242 2801 441 2870 Pulliaturum]
459 2802 646 2869 paileutarum
666 2803 755 2856 Prius.

197 2887 223 2940 7.
244 2878 403 2942 Atettanue]
434 2873 495 2930 eid.
513 2875 591 2929 Man.
610 2876 675 2931 Hos.
693 2903 730 2919 -
747 2877 919 2929 auscitanae
938 2878 1030 2931 Ptine.
1047 2905 1085 2922 -
1104 2877 1279 2929 Atteilurttue
1298 2874 1404 2931 Berald.

105 2985 141 3002 ..
160 2954 321 3006 Attettenae
339 2950 407 3004 Lod.
429 2950 510 3003 Creu.
997 2983 1005 3000 -,

198 3036 226 3088 8.
243 3044 277 3079 ue
296 3024 368 3092 ideo]
408 3021 455 3076 Sic
479 3029 587 3097 scripti.
606 3052 643 3068 -
661 3023 814 3097 Legebatur
838 3026 885 3076 An
903 3024 974 3078 ideo.
1010 3027 1084 3094 ,Hic
1103 3022 1205 3098 aliquid
1225 3021 1407 3078 desideratur:

104 3121 169 3170 ιιιιιι
192 3117 233 3156 est
258 3101 363 3154 locutio
382 3097 501 3152 Pediano
519 3097 662 3153 familiaris
683 3104 732 3169 [an
750 3100 841 3168 ideo]‚
873 3116 936 3154 cum
964 3105 1056 3173 priore
1084 3103 1310 3172 interpretatione
1335 3095 1407 3151 baud

105 3179 186 3254 plane
204 3191 349 3229 contentus
368 3173 481 3226 alteram
500 3174 652 3245 adiungit.‘'
680 3175 823 3228 MANUT.

181 3249 252 3306 ibid.
270 3252 390 3315 actores]
411 3246 542 3300 autores
559 3247 667 3305 Beralri.
688 3245 755 3302 Lod.
775 3247 822 3305 sed
840 3248 887 3303 bie
904 3247 939 3302 ad
957 3248 1059 3302 calcem
1079 3245 1271 3322 praefationis:
1289 3244 1417 3317 ,uuilto-¹

108 3344 169 3395 res,
192 3334 304 3378 actores
323 3323 449 3378 rectius.”
1474 3336 1477 3343 ·

171 3398 173 3403 ’
198 3403 226 3458 9.
245 3400 334 3465 ilium]
358 3398 468 3449 iliorum
487 3399 577 3451 Princ.
595 3396 704 3453 Betald.

182 3481 227 3532 to.
245 3474 356 3526 ducitur
373 3477 402 3524 in
421 3476 540 3537 scenam]
575 3470 657 3545 lugd.
678 3473 740 3526 iiot.
761 3472 838 3526 Man.
856 3470 937 3525 Creo.
965 3499 1003 3512 -
1030 3470 1133 3522 dieitttr
1155 3474 1185 3522 in
1209 3487 1291 3521 scena
1319 3471 1408 3524 Ptine.

109 3546 212 3606 nerui
233 3547 293 3603 ald.
315 3546 382 3600 Lod.
401 3577 438 3591 -
457 3546 599 3616 „Diteitur
611 3551 640 3597 in
652 3547 909 3616 scenam1Danesii.
923 3549 1023 3613 Vetus,
1042 3546 1146 3598 dicitur
1157 3549 1187 3597 in
1197 3545 1309 3600 scew'
1322 3543 1409 3600 HOT.

182 3629 226 3680 12.
246 3632 274 3675 et
293 3624 454 3688 tertiorum]
475 3619 536 3673 adt.
556 3620 724 3692 lugdcllot.
746 3621 822 3675 Man.
841 3623 922 3675 Cren.

180 3696 253 3752 ibid.
269 3695 438 3767 procedunt]
456 3694 584 3761 procedit
603 3695 711 3750 uetuit.
732 3693 794 3749 Ald-

121 3814 127 3825 .
182 3769 253 3825 ibid.
272 3771 422 3824 Terentius
439 3775 468 3821 itt
487 3769 662 3838 Phormione]
684 3769 791 3840 Prolog.
812 3785 850 3822 ts.
870 3773 916 3828 27.

86 3848 94 3862 '
181 3845 226 3902 tt.
244 3847 304 3918 iile]
328 3851 386 3915 ipse
404 3841 472 3897 iod.
490 3860 554 3897 cum
574 3844 655 3898 editt.
674 3843 826 3898 Ciceronis.

182 3927 226 3981 18.
247 3921 386 3988 Aliensem]
416 3920 507 3973 Ptine.
527 3918 632 3972 berald.
654 3917 713 3973 aid.
732 3915 800 3971 Lod.
819 3947 856 3960 -
872 3917 1011 3968 Allienum
1024 3915 1090 3969 Hos.
1105 3914 1186 3969 cren.
1199 3941 1236 3957 -
1249 3913 1412 3985 Appuleium

110 3992 193 4066 Lngd.
214 3995 290 4050 Man.
310 4024 345 4037 -
365 3993 547 4063 ‚Nttnterurss
554 3999 714 4064 proximum
728 3994 883 4064 Apstieium]
904 3992 1046 4045 Manutius
1060 4008 1108 4062 pro
1122 3989 1252 4040 Alienum
1266 3989 1413 4059 Apuleium

109 4075 292 4141 impresrerat.
310 4066 365 4196 ⁸³ss
374 4074 535 4139 perimunt
552 4066 635 4132 dicit,
661 4083 745 4141 puto,
770 4067 915 4149 uqimum,
934 4080 962 4120 et
981 4082 1059 4132 eunt,
1079 4062 1112 4117 de
1132 4080 1186 4136 quo
1206 4068 1328 4138 proxime
1348 4080 1412 4117 ore·

110 4145 252 4198 minerae”
286 4144 338 4198 ito
365 4179 373 4195 ·
427 4189 432 4199 .
1411 4172 1425 4198 ι

184 4217 253 4272 ibid.
272 4219 412 4288 quartum]
432 4232 487 4269 om.
507 4217 584 4271 Man.
607 4244 637 4257 -
659 4216 751 4270 Ceteri
770 4218 887 4289 pessime
906 4230 967 4266 cuin
980 4209 1157 4284 sequentibus
1169 4213 1310 4266 Ciceronis
1323 4210 1411 4266 verbis

110 4292 257 4365 iungebant
276 4297 333 4349 sic:
355 4292 492 4361 Quartum
511 4310 548 4342 aa
565 4292 615 4342 itio
634 4308 723 4359 grege
741 4299 894 4362 oratorum.
1014 4330 1019 4337 .

185 4371 229 4425 ¹9·
247 4370 432 4433 moratorum]
455 4366 529 4419 Man.
549 4394 584 4407 -
604 4373 748 4416 oratorum
766 4367 861 4417 ceteri.
888 4392 925 4405 -
953 4359 1167 4430 ,Marcioruml
1204 4357 1251 4412 sie
1269 4357 1414 4430 legendum

110 4440 222 4497 Pediaui
242 4441 322 4495 rerba
341 4438 548 4507 detnonstrant,
568 4457 639 4504 non,
665 4455 695 4492 ut
714 4453 811 4504 autea,
829 4435 1003 4489 oratortent.”
1033 4433 1176 4488 Minui.
1195 4438 1226 4485 in
1244 4432 1309 4486 edit.
1330 4450 1415 4505 poste.

185 4515 255 4570 lbid.
276 4516 481 4568 Obtttrbatores
501 4545 519 4557 -
538 4545 556 4556 -
575 4514 613 4582 uri
630 4513 787 4583 dicendum]
814 4512 889 4566 naec
908 4506 1084 4580 sequentibus
1103 4507 1142 4560 Bt
1159 4525 1216 4560 nen
1234 4515 1349 4565 recessit
1367 4540 1386 4553 ·
1398 4538 1417 4553 ·

112 4607 229 4659 gregem
248 4596 401 4663 postposuit
420 4592 502 4643 Creu.
522 4593 621 4641 omissa
641 4603 704 4640 ante
724 4607 747 4640 ν.
766 4604 823 4639 non
842 4584 975 4658 particula
993 4582 1041 4638 Bt.

189 4670 236 4720 22.
253 4671 299 4734 qui
317 4673 381 4717 siuti
400 4667 508 4732 tragici
525 4672 554 4716 et
572 4664 684 4732 comici]
704 4663 778 4715 llaec
797 4660 911 4715 delenda
931 4655 1091 4712 videbantur
1108 4652 1287 4732 Tll’opnrse.

189 4745 235 4802 25·
254 4743 430 4833 rtopregent]
453 4735 537 4811 lugd.
558 4739 624 4795 blut.
642 4737 720 4799 Man.
740 4737 821 4792 Creu.
840 4741 923 4788 -ei
942 4750 1038 4804 regent
1056 4736 1172 4806 priores.
