3210 5280
375 218 425 282 tn
446 217 554 284 Act.
577 219 626 283 11.
649 218 698 283 IN
722 217 764 284 C.
788 216 989 282 VERREM
1011 216 1103 280 LlB.
1127 217 1157 281 I.
1349 218 1409 281 171

184 358 230 434 (§.
254 358 320 441 tt.)
350 358 483 445 Equos,
502 360 655 440 munera]
698 358 936 437 Quaerendum,
959 377 1129 440 curequos
1152 356 1316 420 scaeteris
1342 378 1410 420 tnu-

98 449 227 512 nerilms
249 452 419 532 separavit.
465 452 532 525 Au,
558 450 630 534 quin
655 449 767 514 Asiani
793 471 906 530 magno
923 449 1024 530 pretio
1052 450 1213 511 aestimant
1241 449 1368 534 equos?

187 547 293 622 Quem
317 542 489 627 quandam
514 546 548 604 in
570 546 709 605 comitio
732 543 872 622 vidistis]
926 542 1060 604 Licebat
1088 541 1169 604 enitn
1199 556 1302 605 mutua
1331 545 1410 604 haec

99 634 191 717 sigua
208 637 378 714 deportare
395 637 527 698 Romam
549 632 701 695 aedilibus
724 636 761 693 ad
784 647 927 696 ornatum
950 636 1094 697 ludorum
1117 648 1148 696 et
1161 658 1287 699 rursum
1310 634 1407 699 sociis
1417 643 1467 706 [⁵⁹]

98 740 281 808 reportare.
326 730 395 791 Nec
418 731 480 792 hoe
504 728 619 790 crimen
648 726 766 787 distulit
786 726 816 787 in
842 727 1034 802 orationem,
1059 741 1207 811 quaeest
1233 733 1271 792 de
1289 729 1433 812 signis,s

100 823 172 905 quia
199 823 379 903 specialiter
400 824 517 885 crimen
544 834 574 884 et
602 823 701 882 breve
727 831 790 893 est,
815 840 873 880 nec
898 822 992 881 habet
1015 823 1101 905 quod
1124 820 1216 883 adiici
1237 822 1352 904 possit.

186 917 231 994 (§.
255 919 322 995 50.)
344 920 482 982 larionis
503 913 656 992 Samiae]
699 912 784 973 Hinc
806 912 983 996 Virgilius:

339 1007 533 1071 Posthabita
554 1005 699 1068 coluisse
718 1007 833 1071 Sarno.

184 1097 265 1159 Nou
283 1099 333 1160 ad
349 1106 559 1178 praetorem,
578 1095 637 1155 sed
655 1094 791 1155 domam
810 1094 937 1174 deferri
948 1097 1117 1177 oportere]
1159 1095 1259 1178 Atqui
1274 1094 1407 1179 legimus

99 1192 139 1251 de
162 1189 271 1270 Oppio
297 1200 329 1250 et
354 1191 391 1250 dc
416 1187 558 1251 Procilio
584 1206 646 1248 nou
673 1188 756 1264 aptrd
785 1187 935 1265 popttlum
969 1188 1127 1267 depositas
1156 1192 1318 1271 querelas,
1353 1190 1452 1250 sedit

103 1285 185 1364 apud
208 1303 283 1353 eos,
306 1285 363 1342 sub
385 1283 498 1364 qttibus
514 1281 648 1362 agebant
663 1291 715 1337 aut
734 1290 932 1360 quaesturam
949 1290 1003 1340 aut
1018 1281 1221 1364 legationem.
1265 1283 1408 1364 Legatos

103 1386 206 1437 autem
235 1377 356 1437 Verres
382 1396 443 1435 non
471 1373 624 1445 Neronis,
647 1373 703 1433 scd
725 1372 911 1458 Dolabellae
933 1386 1015 1436 crat.

188 1471 269 1532 Cam
293 1467 497 1549 obsignandi
516 1469 633 1548 gratia
656 1466 824 1544 venissem]
868 1465 973 1527 Moris
995 1465 1072 1542 snit,
1104 1479 1139 1529 nt
1160 1478 1327 1530 accusator
1348 1469 1408 1530 ob·

102 1559 244 1643 signaret
266 1563 392 1621 domum
417 1570 448 1619 et
473 1558 576 1618 clausa
601 1557 704 1619 omnia
730 1558 814 1631 eius,
839 1579 930 1639 quem
955 1573 1159 1622 accusaturus
1179 1571 1263 1633 erat,
1287 1582 1325 1622 ue
1346 1581 1408 1644 qua

99 1654 262 1717 surtarmu
287 1651 400 1714 indicia
428 1663 480 1712 aut
506 1651 538 1712 in
564 1651 644 1712 vasis
674 1661 726 1711 aut
749 1651 781 1711 in
807 1649 903 1733 siguis
925 1663 977 1712 ant
998 1651 1029 1713 in
1052 1652 1152 1715 literis
1174 1651 1342 1715 constituta
1366 1656 1407 1716 ab
1418 1655 1451 1709 ti

101 1767 140 1810 eo
162 1757 416 1809 removerentur.
933 1738 935 1742 ἱ

184 1840 320 1917 (1·51.)
341 1837 391 1902 dd
409 1857 521 1900 omnes
543 1833 734 1912 columnas]
777 1837 887 1899 Locus
908 1840 1200 1904 anteeolamniam
1220 1840 1345 1907 dicitur.

186 1936 224 1995 lu
245 1931 345 2009 silva]
388 1929 426 1990 Iu
450 1926 613 1988 viridario.

188 2023 349 2102 Suedio]
392 2021 432 2082 ld
459 2033 524 2091 est,
555 2023 614 2080 sub
645 2021 749 2083 caclo.
795 2019 927 2083 Caelum
958 2021 1075 2084 Graeci
1103 2019 1160 2088 τὸν
1187 1978 1254 2091 Δία
1281 2026 1405 2102 dicunt,

103 2119 224 2181 sedita
257 2118 449 2180 declinatur:
486 2113 570 2175 Hoc
601 2112 710 2175 dimum
745 2112 846 2175 liuius
880 2115 943 2191 dii,
972 2117 1052 2176 ltaie
1087 2115 1162 2195 dio,
1193 2117 1259 2179 ltoe
1294 2119 1407 2198 dium,
1417 2126 1450 2176 tn

102 2232 122 2272 o
144 2211 255 2286 diurn,
287 2209 329 2269 ab
350 2211 416 2270 tiae
437 2207 504 2268 dio.

191 2299 360 2376 Quamdiu
390 2300 499 2360 alium
525 2292 729 2376 praetorem]
773 2292 940 2354 Metellum
967 2293 1103 2371 scilicet,
1136 2317 1206 2357 cum
1232 2294 1405 2371 iudicibus,

102 2414 183 2477 quos
196 2392 225 2454 iu
239 2394 349 2452 horum
364 2390 484 2464 locum,
499 2389 756 2473 quemadmodum
769 2407 863 2466 supra
878 2386 968 2462 dixit,
982 2389 1223 2453 subsortiturutn
1239 2409 1273 2450 se
1286 2392 1407 2451 Verres

103 2506 173 2547 esse
196 2486 355 2545 credebat.

185 2580 318 2642 Nostris
339 2574 474 2700 testibus
486 2595 601 2699 auam
619 2569 724 2649 lteris]
768 2572 851 2635 Usus
867 2585 913 2635 est
935 2570 1014 2636 enim
1034 2573 1133 2657 prima
1149 2575 1272 2639 actione
1289 2573 1450 2645 ciceron

106 2693 376 2708 m—-n-
571 2691 750 2700 -m-—n---o-v
754 2692 920 2702 --·.--.-
1336 2696 1405 2704 ..—

196 2745 221 2795 1.
242 2737 349 2808 Equos,
369 2692 504 2804 minuero]
524 2692 623 2788 Ῥιίιιο.
643 2733 751 2789 Bertld.
771 2735 888 2791 Ate.-
853 2736 999 2810 -Equor
1017 2757 1181 2810 muneraque
1199 2738 1267 2794 Lod.
1286 2755 1313 2794 et
1333 2756 1409 2812 seqq.

102 2832 165 2868 etim
184 2815 264 2866 editt.
287 2815 437 2864 Ciceronis.

196 2896 222 2949 3
242 2885 392 2958 quotidem]
423 2882 556 2953 quendam
575 2884 668 2939 Ptine.

178 2963 249 3015 lbid.
269 2964 379 3030 muritta]
402 2963 469 3011 Lod.
489 2975 515 3009 et
535 2975 611 3030 seqq.
629 2989 667 3004 ·-
684 2970 762 3012 meria
782 2965 871 3016 Ptine.
894 2961 1055 3014 Bersldn-
1074 2963 1160 3015 multu
1179 2960 1241 3016 Ald.

195 3040 223 3094 11.
243 3037 403 3106 deportare]
426 3032 507 3104 Lngd.
519 3034 581 3085 llos.
590 3035 667 3089 Men.
676 3041 755 3089 Creu.
765 3065 803 3078 -
818 3046 963 3107 reportare
975 3038 1020 3090 Pr.
1026 3039 1090 3097 Ber.
1097 3036 1159 3091 ΔΜ.
1169 3065 1202 3079 -
1212 3035 1409 3107 portureLod.

198 3118 224 3170 7.
244 3112 397 3177 Virgilius]
425 3116 490 3162 Aca.
513 3109 534 3159 l.
556 3113 599 3165 16.

195 3194 222 3245 9.
244 3188 340 3254 Atqui]
363 3184 422 3238 Ald.
443 3200 469 3235 ct
489 3200 619 3252 seqq.-·
637 3192 719 3254 atque
739 3187 829 3240 Princ.
848 3185 955 3240 Beseld.

178 3267 222 3318 1ο.
243 3260 372 3326 Procilio]
403 3259 523 3310 Parcilio
544 3258 648 3311 Berald.
671 3261 736 3313 Lod.

179 3337 250 3389 lbid.
269 3354 325 3386 non
343 3333 418 3403 apud
432 3333 560 3401 papirium
581 3333 722 3401 depositas
745 3336 883 3406 querelas]
931 3335 978 3388 stc
1003 3339 1110 3407 scripsi.
1140 3363 1175 3378 -
1201 3335 1277 3403 apud
1298 3340 1408 3407 oppium

104 3410 295 3480 depositusque
314 3412 398 3460 setius
419 3410 509 3460 Priuc.
532 3407 637 3460 Beseld.
658 3409 719 3462 Ald.
738 3438 775 3452 -
793 3411 869 3479 apud
887 3411 1004 3481 Oppium
1023 3410 1164 3481 depositas
1181 3413 1266 3462 sottus
1283 3411 1351 3464 Lod.
1371 3439 1408 3456 -

104 3504 159 3537 nou
178 3486 252 3557 apud
266 3488 396 3554 poprium
416 3482 565 3533 Romanum
585 3483 725 3552 depositas
742 3503 801 3536 esse
820 3488 945 3555 quereias
963 3486 1049 3558 Lugd.
1071 3487 1134 3539 llot.
1154 3487 1231 3540 Men.
1251 3486 1332 3539 Creo.

180 3569 224 3617 17.
243 3561 330 3611 Locum
349 3558 577 3609 antecolumnr'um
602 3559 716 3627 dieitrtr]
776 3559 821 3612 stc
846 3564 953 3632 scripsi.
986 3590 1020 3603 ·-
1047 3561 1122 3611 locrus
1145 3570 1211 3612 aute
1238 3561 1327 3613 locunt
1350 3577 1408 3612 ιιοιι

104 3635 207 3687 dieitur
233 3637 325 3687 Ptine.
349 3632 456 3686 Bcrnld.
483 3631 544 3686 Ald
570 3632 704 3686 Lod.-
732 3634 821 3687 Locus
844 3635 1083 3686 intercolumnium
1109 3635 1225 3689 dieitur
1238 3633 1324 3707 Lugd.
1342 3635 1408 3690 llot.

105 3712 182 3764 Mau.
212 3713 293 3763 Creu.
318 3737 353 3749 -
375 3707 505 3776 Tullius
532 3706 602 3778 apud
628 3725 722 3760 omnes
750 3708 889 3761 columnas
918 3727 945 3762 et
977 3715 1006 3762 ia
1036 3711 1165 3764 ominibus
1188 3709 1407 3763 intercolumniis

105 3801 207 3837 statuar
228 3784 296 3836 dicit
321 3788 437 3883 positas:
467 3782 539 3851 qnod
559 3799 651 3834 earum
675 3782 777 3836 indicet
799 3784 1022 3853 multitudinem,
1049 3804 1137 3858 neque
1157 3789 1277 3840 Asconio
1303 3785 1408 3838 ridetur
1474 3781 1479 3791 '

105 3857 353 3912 animadversum?
385 3857 517 3911 GARAF.

180 3941 225 3992 19.
244 3933 300 3985 Sub
319 3932 376 3999 dio]
399 3931 475 4003 Apud
493 3932 654 3984 Ciceronem
675 3931 805 3986 scribitur
823 3935 872 3985 sub
891 3933 967 3988 diuo.

179 4008 250 4061 lbid.
272 4005 324 4063 ιὸι
344 4007 415 4075 Ata]
437 4023 492 4058 om.
513 4005 618 4058 Berntd.
1478 4042 1481 4046 ι

180 4091 226 4138 20.
246 4081 295 4132 troc
315 4081 404 4143 dium,
432 4079 521 4147 Ιιιιιιιι]
557 4082 617 4134 Διά.
637 4080 721 4154 Lugd
741 4082 807 4136 liet.
826 4082 904 4136 Man.
924 4083 1006 4137 Cren.
1035 4112 1065 4124 —
1093 4081 1142 4136 toa
1161 4082 1242 4135 Ιιιιίιιι
1261 4084 1354 4138 Ptine.
1372 4109 1407 4126 -

105 4158 148 4213 irie
167 4157 230 4209 diuus
248 4157 327 4206 Ιιιιὶιιι
346 4120 453 4208 Beritld.
474 4156 538 4208 Lod.

180 4233 248 4285 lbid.
268 4231 329 4282 istrie
347 4230 405 4297 dio]
436 4229 496 4281 huie
515 4231 545 4280 di
564 4234 655 4284 Prine.

179 4314 224 4364 21.
243 4305 292 4358 hoe
312 4305 402 4370 ditem
421 4305 545 4368 odium,
564 4307 613 4376 ab]
637 4303 695 4360 dld.
715 4307 753 4358 Lu
756 4305 800 4379 g.d
813 4307 878 4362 Ηοι.
894 4308 971 4363 Men.
985 4305 1117 4360 Creu.—
1138 4304 1190 4358 hec
1207 4305 1355 4360 demerim
1372 4305 1409 4358 ab

103 4382 249 4435 Prius.-
272 4381 342 4431 Ιιιιιιε
361 4381 435 4432 dium
453 4380 703 4434 asseranica.

178 4461 224 4511 2..
243 4475 303 4507 eum
322 4455 464 4522 iudicibus]
484 4474 545 4507 eum
564 4460 601 4505 iis
618 4455 754 4509 iudicibus
772 4457 840 4511 Lod.

178 4536 224 4589 23.
243 4534 321 4602 quas]
354 4548 468 4600 utrorum
489 4533 577 4582 l'riue.

177 4608 222 4661 25.
242 4605 359 4658 testibus
377 4605 471 4675 uttam]
497 4605 614 4656 testibus
631 4622 683 4656 uos
701 4623 783 4675 qttum
803 4603 868 4658 Lod.
889 4622 951 4658 cum
972 4603 1050 4659 editt.
1069 4609 1221 4660 Ciceronis.

179 4681 251 4734 lbid.
270 4679 359 4750 tueris]
390 4679 467 4730 lteris
485 4685 541 4731 ιιιίι
561 4678 643 4750 lugd.
663 4679 739 4732 Man.
759 4697 820 4731 cum
843 4679 921 4733 editt.
940 4681 1091 4735 Ciceronis.
1131 4682 1183 4745 Sed
1208 4698 1361 4753 pronomen
1379 4684 1410 4736 ln

103 4771 153 4807 tuo
175 4753 271 4807 codiee
293 4773 348 4807 ιιοιι
372 4754 470 4827 legisse
491 4753 778 4810 Pseudo-Ascanium
798 4771 910 4829 apparet
928 4774 961 4809 ex
984 4761 1043 4812 eius
1068 4761 1306 4831 interpretatione.
