3210 5280
215 214 277 276 308
615 214 818 283 senonia
842 220 1092 285 BOBIENSIA

215 357 321 418 adres
336 355 495 421 iudiciales
511 369 542 420 et
563 359 765 467 negotiorum
782 359 944 422 sollemnia
960 359 1147 440 pertineret
1171 361 1264 421 Tune
1278 355 1378 441 igitur
1394 352 1542 437 prolatio

214 469 319 512 rerum
349 450 418 514 lieri
447 453 649 514 dicebatur:
662 473 726 536 qtro
749 464 892 534 tempore
925 465 1039 517 exarto
1072 475 1178 515 rorum
1211 465 1298 514 actus
1324 451 1469 521 redibat,
1504 447 1540 510 id

214 556 280 617 est,
305 545 359 629 agi
381 545 484 609 omnia
501 548 670 608 seerruduur
686 545 808 608 civilem
825 545 1081 608 consuetudinem
1105 556 1136 607 et
1158 542 1304 607 exerceri
1325 541 1539 624 incipiebat¹.

213 636 299 699 Dicit
328 659 408 723 ergo
433 659 508 700 sarae
531 638 691 723 dignitatis
714 660 809 700 carisa
833 649 864 700 et
889 640 951 702 hoc
976 660 1044 700 esse
1066 641 1247 712 decretum,
1279 649 1311 698 ut
1337 635 1541 698 instaurata²

188 741 319 792 srertrm
344 731 466 794 actione
492 731 649 797 Κοιιιιιιιι1
678 731 904 807 convenirent,
935 731 989 816 qui
1011 735 1170 795 decretum
1193 733 1230 794 de
1253 750 1307 792 sua
1331 726 1541 791 restitutione

213 821 386 886 firmarent.

287 943 324 1020 2.
351 948 494 1022 Mecum
522 950 657 1022 absens
684 951 864 1024 beneficio
891 948 983 1023 suo⁴
1010 950 1122 1022 rediit
1147 951 1186 1021 in
1212 950 1379 1046 gratiam.

295 1067 397 1148 Saepe
424 1066 540 1129 dictum
573 1078 621 1130 est
651 1067 694 1147 Q.
727 1068 896 1130 Metellum
924 1070 1099 1149 Nepotem,
1136 1065 1189 1151 qui
1215 1064 1404 1128 dissenserat
1432 1083 1449 1125 a
1482 1064 1539 1125 Μ.

213 1160 269 1242 [Ρ.
293 1159 363 1241 10.]
392 1160 503 1224 ,Tuttio
527 1181 628 1242 nuper
650 1160 682 1223 in
705 1161 903 1234 trillliunatu,
935 1172 1045 1242 postea
1073 1162 1232 1221 consulem
1256 1156 1409 1238 depositis
1432 1155 1539 1217 inimi-

170 1254 293 1318 ttcitiis
316 1256 570 1330 reconciliatum,
596 1277 659 1318 non
683 1255 863 1328 obstitisse,
888 1276 952 1336 quo
977 1253 1076 1315 urinus
1099 1256 1137 1314 ab
1161 1251 1257 1314 exilio
1280 1254 1504 1312 reduceretur.

286 1373 323 1451 3.
352 1378 611 1452 Gratissimum
640 1379 750 1451 fratri
776 1403 843 1451 suo
871 1378 969 1451 lecit.

296 1497 362 1577 Q.⁵
384 1496 504 1558 seilicet
532 1497 670 1558 Metello
696 1495 820 1569 Celeri,
846 1497 897 1581 qtri
924 1493 1072 1577 pronImo
1100 1493 1235 1556 triennio
1262 1494 1460 1562 decesserat,
1486 1490 1536 1551 in·

209 1589 285 1652 santi
315 1589 406 1653 etiam
434 1600 536 1670 morte
559 1592 597 1650 de
624 1588 817 1661 veneficio⁶,
842 1592 929 1682 qrrod
959 1590 989 1651 ei
1017 1601 1162 1671 paratum
1195 1588 1244 1650 rel
1270 1589 1355 1668 apud
1381 1584 1534 1650 Clodium

210 1685 341 1746 l‘ratrem
368 1682 417 1744 vel
443 1684 526 1764 apud
549 1703 681 1745 uxorem
705 1681 871 1745 Clodiam⁷
898 1683 1074 1744 videbatur.

168 1833 198 1880 rs
287 1806 428 1880 LXIII.
458 1801 493 1880 1.
521 1805 640 1906 Quum
666 1803 784 1904 ipsis8
810 1806 930 1880 Nonis
955 1805 1171 1901 Sextilibus.

295 1926 360 1990 Eas
383 1923 477 2000 dicit,
495 1945 575 2008 quae
598 1945 680 1985 nrrne
695 1926 860 2007 Augustae
880 1925 1093 1987 nominantur.
1139 1924 1183 1986 Et
1198 1922 1379 2004 oportune⁹
1393 1958 1435 1974 -ν
1451 1923 1535 1983 hunc

210 2019 291 2082 diem
318 2019 475 2103 signifieat
505 2029 536 2079 et
563 2017 756 2081 reversionis
779 2039 854 2081 suae
877 2020 973 2081 luisse
995 2019 1027 2081 in
1056 2018 1213 2082 coloniam
1237 2016 1466 2091 Brindisim¹⁰,
1503 2028 1536 2077 et

211 2112 344 2176 natalem
368 2110 472 2185 filiae,
504 2110 630 2173 etiam¹¹
653 2110 752 2191 ipsius
779 2112 946 2186 coloniae,
978 2112 1066 2195 quasi
1092 2111 1226 2172 conflata
1249 2132 1388 2175 omniurn
1420 2123 1533 2194 gratn-

209 2208 328 2270 latione
350 2207 524 2270 eommunis
546 2207 698 2290 qrraedam
724 2216 872 2267 votorum
896 2204 1030 2266 societas
1053 2205 1160 2267 luerit.

168 2345 200 2394 ²⁰
286 2328 322 2405 2.
349 2332 417 2405 Est
444 2335 537 2405 euim
565 2332 718 2404 verbum
747 2331 847 2424 eius,
875 2354 896 2402 a
923 2354 996 2427 quo
1024 2353 1097 2403 uno
1125 2331 1279 2401 manime
1307 2329 1352 2401 P.
1381 2327 1532 2404 Sestius

211 2469 251 2518 se
278 2447 484 2543 oppugnari
510 2444 623 2517 videt.

294 2563 359 2626 Hic
373 2575 439 2623 erat
453 2563 493 2625 P.
511 2561 679 2636 Vatinius,
697 2560 752 2646 qui
768 2560 946 2623 testimonio
963 2559 1098 2622 Sestium
1116 2561 1387 2640 persequebatur,
1414 2559 1533 2642 (piique

209 2656 322 2719 solitus
353 2667 435 2717 esset
469 2654 666 2735 optimatium
701 2655 805 2716 dicere
842 2657 1018 2727 nationem,
1064 2651 1173 2714 inl'ami
1199 2654 1335 2734 quodam
1370 2653 1531 2716 vocabulo

209 2751 374 2812 destruens
397 2747 658 2829 amplissimorum
681 2747 841 2809 hortiiuum
868 2746 1065 2829 dignitatem.

167 2903 200 2952 as
283 2866 320 2946 3.
349 2874 515 2945 Primum
541 2898 609 2970 per
635 2873 791 2944 indicem
820 2872 993 2944 Vettium.

201 3002 203 3007 ’
293 2992 337 3053 L.
368 2990 495 3053 Vettius
520 2993 615 3053 borno
644 2990 875 3070 perditissimae
905 2989 1088 3052 temeritatis
1121 3011 1179 3071 per
1210 2991 1285 3052 illud
1310 3003 1434 3072 tempus
1465 2991 1531 3053 in¹²

206 3084 355 3147 indicium
378 3085 533 3145 detulerat
556 3087 595 3144 ael
621 3096 779 3156 senatum,
815 3083 874 3146 sibi
904 3106 962 3164 per
985 3087 1136 3166 qrrosdam
1162 3097 1386 3164 praepotentes
1409 3098 1441 3147 et
1472 3108 1530 3147 no-

209 3179 266 3259 [P.
297 3178 366 3256 ts]
397 3178 475 3238 biles
505 3176 705 3238 coullsulares
733 3179 857 3238 eaedem
887 3181 1078 3251 mandatam,
1115 3189 1148 3238 ut
1178 3178 1390 3258 ingredientes
1420 3177 1528 3239 lorum

210 3270 273 3335 Cn.
298 3271 485 3349 Pompeium
518 3280 548 3331 et
579 3268 620 3331 C.
646 3269 815 3332 Caesarem
846 3269 1051 3334 interficeret.
1112 3272 1394 3353 complectebatur
1424 3285 1529 3333 erstem

165 3366 272 3433 aulico
294 3363 408 3425 indicto
432 3361 585 3443 plurimos
608 3376 789 3436 senatores,
821 3362 851 3423 in
875 3365 978 3445 quis.¹³
1009 3364 1068 3426 Init
1100 3378 1130 3427 et
1156 3365 1222 3446 ipse
1252 3366 1303 3427 M.
1336 3365 1462 3427 'l'ullius
1499 3377 1530 3427 et

870 3520 1106 3532 ἰι-η.-

279 3623 303 3667 1.
324 3623 358 3667 lta
377 3621 438 3666 coa.
487 3620 512 3669 2.
533 3622 593 3665 Cod.
614 3622 763 3664 lnetooroto.
808 3618 831 3664 3.
852 3622 912 3666 Cod.
935 3625 1047 3668 artiones
1073 3622 1159 3667 Romo.
1211 3622 1234 3667 1.
1255 3624 1327 3667 Deest
1347 3636 1394 3667 eno
1420 3626 1444 3667 in
1474 3626 1527 3667 edd.

350 3693 375 3738 5.
396 3694 456 3736 Cod.
479 3706 550 3751 queue.
589 3692 612 3736 6.
633 3691 693 3734 Cod.
713 3687 841 3750 beneficio.
879 3693 909 3735 Et
930 3696 1022 3750 quidem
1046 3697 1077 3736 ita
1097 3696 1183 3750 legitur
1202 3695 1261 3746 apnd
1282 3694 1429 3736 Frontonem
1449 3696 1476 3735 ad
1495 3694 1527 3738 Μ.

238 3756 241 3763 ’
345 3765 416 3808 Caes.
444 3763 464 3805 l.
486 3760 510 3806 6.
536 3762 642 3817 aliosque
668 3767 777 3803 auctores
799 3775 811 3802 a
839 3776 876 3805 rue
899 3763 930 3805 ibi
958 3765 982 3806 in
1008 3765 1243 3807 scholiislandatos.
1295 3760 1318 3806 I.
1343 3762 1404 3806 Cod.
1430 3761 1531 3807 Clodio.

348 3830 373 3876 8.
392 3833 452 3875 coa.
474 3832 533 3889 ἱροὶ.
572 3830 596 3874 9.
617 3830 676 3873 Cod.
696 3836 841 3886 oportunus.
879 3833 958 3875 Porro
977 3848 1030 3876 eum
1049 3836 1116 3876 urtica
1132 3847 1150 3890 p
1171 3833 1215 3875 hoc
1234 3831 1375 3875 vocabulum
1389 3839 1529 3876 constanter

345 3902 459 3946 scribitur
481 3904 503 3945 in
529 3901 581 3944 lulli
604 3900 707 3942 Vtetoris
729 3900 847 3943 rhetorica
874 3916 887 3944 a
911 3915 947 3945 ine
972 3905 1050 3953 editu
1083 3917 1125 3945 ner
1151 3916 1196 3944 nou
1224 3904 1247 3944 in
1275 3914 1326 3944 ear.
1350 3904 1406 3945 leet.
1431 3903 1525 3945 Conrrl.

345 3970 455 4015 chalced.
496 3967 536 4014 10.
558 3971 591 4012 lta
614 3969 691 4020 Cod.,
719 3972 750 4012 nti
771 3984 831 4012 notre
855 3971 905 4013 Itali
926 3974 1090 4025 pronunciant.
1133 3971 1172 4014 ll.
1193 3970 1255 4013 Puto
1280 3984 1321 4024 per
1345 3973 1453 4025 cresim,
1484 3985 1529 4027 pro

344 4047 368 4084 et
384 4042 468 4084 etiarn.
515 4038 554 4083 12.
574 4040 601 4082 in
622 4041 715 4083 videtor
736 4041 869 4083 delendum.
902 4039 949 4088 On.
997 4038 1036 4084 tt.
1057 4040 1119 4100 Quis
1139 4054 1182 4095 pro
1200 4041 1298 4099 quidue.

301 4167 327 4217 1.
349 4159 397 4211 Sto
416 4158 472 4212 lere
491 4159 613 4230 loquitur
633 4173 726 4210 noster
747 4162 881 4229 interpres
900 4166 985 4213 eriam
1002 4159 1034 4211 ad
1050 4162 1156 4214 Orat!
1148 4180 1178 4213 m
1192 4158 1320 4213 Clodium
1335 4174 1362 4211 et
1378 4158 1530 4212 Curionem

207 4236 274 4304 Illl
294 4235 511 4291 minutatione
533 4250 591 4285 men
614 4232 826 4287 Mediolanensi.

283 4314 327 4368 11
347 4311 417 4380 Lege
438 4311 600 4361 Ciceronem
620 4325 670 4380 pro
690 4308 784 4360 Caelio
807 4310 907 4362 xatv.
949 4314 1006 4364 lam
1027 4309 1152 4363 Clodiam
1176 4309 1250 4362 illam
1271 4325 1345 4371 esse,
1366 4324 1450 4378 quarn
1471 4309 1530 4361 Ca-

207 4385 290 4438 rullne
311 4401 389 4438 vocer
411 4385 536 4436 Lesbiam
583 4383 738 4434 obervatio
760 4384 864 4455 Apulell
885 4402 925 4437 est
947 4391 975 4438 ln
998 4386 1076 4475 Apol.
1097 4386 1140 4439 ed.
1163 4386 1262 4457 Detplr.
1283 4403 1308 4454 p.
1329 4385 1394 4441 lto.
1416 4382 1530 4457 dignam

205 4477 271 4514 eane
290 4465 462 4531 epnrctertmt
485 4463 581 4529 po'erae
601 4457 728 4510 laudibus
748 4474 776 4510 er
794 4461 993 4514 consuetudine
1014 4467 1041 4515 er
1063 4464 1197 4515 constetit
1224 4457 1365 4513 Iemtnam.

280 4540 325 4589 22.
347 4535 448 4587 Recole
469 4550 668 4606 argumentum.

281 4615 327 4670 23.
346 4608 518 4663 Vocabulum
537 4615 615 4659 natio
635 4613 665 4661 tn
684 4606 784 4660 malam
805 4608 967 4719 qnandoqne
987 4629 1092 4685 partem
1112 4613 1201 4684 acolpl
1223 4607 1328 4662 tamdiu
1340 4608 1529 4682 lextcograplat

205 4684 367 4739 docueruut.

280 4764 325 4818 26.
344 4760 424 4813 Ηιιιιο
442 4757 622 4812 loonrnottar
642 4773 673 4813 ru
692 4775 773 4812 enum
793 4774 887 4814 noster
907 4766 1042 4836 Interpree
1062 4763 1097 4817 ad
1115 4781 1158 4818 or.
1179 4764 1208 4814 tn
1231 4760 1292 4815 Vnt.
1314 4758 1411 4812 vtttt.
1430 4761 1460 4818 6·
1559 4800 1565 4813 ·
