3210 5280
228 193 289 260 tot
645 193 851 261 scnotut
875 192 1123 259 uoalssusut

179 402 191 416 ..
304 335 391 411 llll.
421 329 455 410 l.
486 336 534 412 Ut
557 338 628 412 iam
655 338 808 436 puerilis
835 347 897 412 tua
923 362 997 410 vox
1023 339 1142 435 possit
1162 335 1300 434 aliquid
1317 334 1544 435 significare.

315 454 590 537 Opportunissima
612 456 690 517 baec
712 457 927 538 apostrophe¹
957 457 996 517 ad
1018 454 1060 518 P.
1085 451 1178 516 Sestii
1201 451 1319 527 lilium,
1352 474 1420 536 quo
1444 452 1546 534 magis

227 569 352 612 causam
375 549 496 612 laceret
512 550 704 632 gratiosam,
729 552 895 621 accedente
910 547 1002 612 etiam
1018 544 1287 612 commendatione
1307 545 1441 627 puerili,
1466 565 1549 627 quae

226 640 257 705 in
279 664 319 706 eo
341 644 476 704 bonam²
497 664 585 724 spem
607 642 783 725 depietatis
806 636 918 705 officiis
934 640 1127 723 auspicetur.
1175 639 1241 704 Καὶ
1262 634 1344 723 μετὰ
1366 635 1551 715 dresdeiac³

200 735 386 798 ⁵denuntiat
405 735 507 799 inesse
526 735 571 800 illi
596 736 668 799 talia
685 734 812 799 virtutis
833 733 985 820 insignia,
1010 745 1044 797 ut
1065 730 1167 815 possit
1189 742 1295 795 reatus
1316 732 1445 815 paterni
1461 732 1548 796 ultor

225 827 376 891 existere.

210 1037 216 1044 ,
298 952 345 1027 V.
372 944 408 1026 1.
436 951 530 1053 Qui⁴
557 956 732 1028 extremis
760 953 889 1027 diebus
917 936 1130 1025 consulatus
1158 952 1317 1025 meires
1344 974 1430 1047 eas,
1458 973 1551 1049 quas
1586 927 1591 937 ’

225 1089 436 1164 gesseram,
463 1090 599 1141 vexare
626 1068 834 1164 cupiebant.

310 1181 474 1245 Tribunos
504 1183 551 1264 pl.
586 1185 629 1247 L.
664 1183 800 1248 Bestiam
832 1192 864 1245 et
895 1181 940 1261 Q.
976 1180 1143 1244 Metellum
1173 1179 1333 1260 Nepotem
1366 1173 1547 1262 significat,

182 1277 358 1340 ltcoutra⁶
380 1296 462 1358 qrroe
486 1277 529 1340 illi
550 1279 589 1341 de
615 1280 711 1339 rebus
732 1275 915 1340 consolatus
937 1272 986 1338 sui
1008 1274 1113 1336 habita
1137 1271 1313 1336 decertatio
1334 1281 1396 1334 est.

298 1394 335 1473 2.
376 1399 479 1500 Quos
518 1401 687 1476 stimulos
726 1400 932 1473 admoverit
967 1398 1108 1472 homiui
1146 1397 1314 1472 studioso
1352 1389 1544 1468 fortasse‘

225 1512 418 1585 victoriae.

309 1627 516 1707 Notissimum
547 1638 597 1692 est
624 1627 655 1692 in
686 1628 826 1693 historiis
853 1628 895 1694 C.
920 1626 1096 1692 Antonium
1125 1623 1278 1689 exercitui
1301 1623 1541 1706 praepositum,

225 1719 280 1801 qui
302 1733 413 1784 contra
436 1720 603 1785 Catilinam
625 1726 806 1787 duceretur.
849 1723 894 1786 Et
908 1722 1072 1804 eleganter
1085 1723 1148 1784 hoc
1164 1740 1256 1783 omne
1277 1717 1434 1783 victoriae
1449 1717 1544 1781 meri·

183 1813 282 1894 t'a[P.
300 1813 388 1894 lto]
404 1826 468 1876 tum
483 1816 607 1878 derivat
622 1816 651 1879 in
667 1816 708 1880 P.
725 1816 859 1880 Sestium
881 1825 1100 1900 quaestorem,
1124 1813 1212 1898 quasi
1234 1812 1301 1875 eius
1323 1813 1540 1892 incitalmento

226 1905 345 1969 lacuum
364 1907 427 1983 eit,
453 1919 486 1970 ut
504 1908 662 1973 Antonius
677 1911 702 1985 †
717 1908 895 1991 parceret⁷.
941 1908 1084 1970 subdidit
1097 1902 1180 1993 μετὰ
1193 1905 1370 1982 aolcxicc⁸
1393 1905 1443 1968 bo
1453 1900 1547 1966 mini

181 2031 185 2040 ·
225 2000 414 2064 studioso
435 2000 621 2065 sortasse
644 2002 884 2066 victoriae⁹.
928 2001 1010 2064 Nam
1032 2000 1222 2063 tortasse
1248 1996 1459 2059 dubitativum
1482 2005 1543 2060 est.

226 2092 276 2248 ¹lta
299 2106 331 2156 et
353 2093 495 2199 ‘dicendo
522 2095 697 2160 studiosum
728 2095 879 2161 victoriae
908 2094 1082 2159 Antonium
1108 2090 1273 2176 pepercit;
1308 2100 1340 2153 et
1368 2089 1544 2178 dubitando

239 2197 390 2251 aceramt.

183 2321 216 2372 ²⁰
268 2298 272 2304 ⁵
301 2304 339 2384 3.
367 2309 568 2386 Adiutor¹⁰
595 2315 641 2387 ei.

196 2451 201 2460 ·
311 2428 374 2491 Hic
402 2433 512 2493 eodem
552 2430 637 2495 bello
670 2428 803 2494 Antonii
839 2430 960 2514 legatus
995 2429 1073 2505 fuit,
1106 2450 1197 2514 quem
1231 2428 1438 2511 praemiserat
1471 2449 1540 2492 cum

227 2523 401 2585 exercitu¹¹
427 2527 464 2586 ad
487 2527 635 2587 edendam
652 2523 898 2597 dimicationem
922 2545 1016 2607 qurum
1038 2522 1107 2605 ipse
1124 2524 1234 2586 consul
1250 2523 1406 2586 retardari
1426 2524 1540 2606 pedum

229 2615 406 2680 valetudine
431 2617 611 2695 videretur,
640 2639 676 2681 re
701 2629 804 2679 autem
832 2638 906 2680 vera
928 2617 1073 2679 hostibus
1095 2616 1247 2701 congredi
1270 2616 1381 2680 nollet.

303 2734 340 2814 ll.
369 2740 482 2815 Cuius
509 2767 576 2839 ego
603 2767 720 2840 nuper
746 2743 783 2813 in
810 2741 1025 2814 Macedonia
1046 2741 1127 2813 vidi
1152 2742 1318 2839 vestigia.

185 2862 216 2912 2⁵
312 2857 364 2922 Eo
388 2871 529 2941 ternpore
551 2860 686 2934 scilicet,
711 2879 776 2944 quo
803 2860 877 2921 exul
905 2857 1151 2923 Thessalonicae
1173 2861 1352 2922 demoratus
1373 2870 1436 2923 est.

304 2981 369 3056 vl.
399 2976 434 3057 1.
461 2983 504 3057 Iu
532 3009 604 3083 quo
631 2983 837 3084 colligendo
865 3007 907 3056 ac
933 2982 1132 3056 reficienda
1158 2983 1287 3058 salute.

312 3101 504 3183 Aptissuruis
521 3103 626 3165 verbis
641 3114 673 3167 et
689 3100 953 3186 congruentibus,
975 3100 1122 3182 quoniam
1138 3099 1388 3186 „naufragium”
1405 3103 1540 3179 dixerat,

228 3193 402 3257 crastodivit
431 3194 641 3278 sequentiam
675 3197 760 3279 quod
790 3196 890 3278 ipsum
922 3192 1014 3257 nobis
1054 3194 1085 3257 in
1119 3193 1258 3258 omnia¹²
1302 3237 1312 3258 .
1358 3238 1367 3258 .
1415 3239 1425 3260 .
1470 3194 1543 3286 ρικὰ

230 3289 416 3351 servandum
439 3301 499 3351 est.

188 3424 219 3475 ³⁰
306 3412 390 3484 Vll.
421 3406 455 3485 l.
495 3412 584 3505 Vel,
624 3422 663 3484 ut
700 3436 768 3511 ego
802 3414 990 3508 arbitror,
1030 3423 1228 3509 exoratus;
1273 3413 1353 3510 vel,
1393 3423 1434 3487 ut
1470 3438 1541 3488 non

123 3526 126 3530 ’
230 3546 338 3594 uerno
364 3525 539 3619 putabat,
566 3527 697 3596 iratus.

315 3640 494 3703 Prudenter
516 3642 592 3683 -¹³
625 3662 688 3703 non
717 3641 785 3703 vult
815 3652 924 3703 exerte
957 3621 1110 3726 conqueri
1143 3645 1182 3705 de
1211 3639 1254 3706 C.
1282 3639 1476 3718 Caesarc¹⁴;
1510 3652 1540 3705 et

231 3744 330 3798 tamen
355 3735 563 3818 qurerellasn¹⁵
585 3734 665 3816 sapit
688 3736 754 3817 ipsa
777 3735 944 3800 dubitatio.

233 3878 592 3896 m

302 3973 325 4023 l.
345 3975 406 4020 Cod.
425 3971 547 4033 postesse.
585 3974 608 4020 2.
629 3975 690 4023 Cod.
716 3977 743 4021 r'n
767 3977 854 4022 boues.
891 3972 915 4021 3.
937 3976 971 4020 lta
993 3978 1113 4021 evidenter
1134 3975 1204 4020 babet
1224 3976 1312 4028 codes,
1345 3979 1368 4020 et
1388 3977 1484 4034 quidem
1502 3987 1540 4030 per

366 4051 523 4090 atramentum
535 4061 581 4089 uon
595 4060 637 4101 per
649 4048 765 4091 calcetum
777 4060 868 4090 aarum.
900 4047 1089 4090 tincturarum
1102 4047 1240 4091 rneudosunr
1253 4044 1403 4088 vocabalum.
1443 4043 1467 4088 i.
1483 4045 1540 4088 ΕΜ.

367 4115 487 4173 quitum.
524 4114 548 4160 3.
569 4116 740 4163 God.r‹mtro.
778 4113 802 4162 6.
822 4113 1026 4173 Eddsnrtesst's.
1064 4112 1087 4160 i.
1107 4117 1145 4159 Sic
1163 4112 1376 4171 (poi-reret)Cod.
1396 4113 1541 4158 blainssub·

367 4183 443 4228 stituit
460 4187 581 4241 sincerat,
611 4186 671 4231 falsa
693 4188 789 4230 omnino
817 4188 947 4239 renitentia,
976 4199 1035 4243 qnae
1059 4188 1159 4242 requirit
1181 4189 1301 4237 certaret,
1330 4182 1480 4236 dimicaret,
1508 4183 1541 4226 sel

367 4254 444 4299 simile
467 4257 561 4312 aliquod
589 4257 698 4300 verbnm.
744 4257 789 4300 Sed
810 4255 912 4299 tortasse
935 4257 1046 4299 nonnulla
1072 4255 1209 4298 exciderunt
1232 4253 1319 4298 reluti:
1349 4260 1395 4306 „ret
1423 4252 1541 4296 Antonius

368 4336 451 4369 arms
469 4329 604 4379 caperet.
643 4325 718 4372 itale
738 4330 767 4370 ut
784 4330 916 4382 parceret,
935 4323 1046 4369 subdidit
1063 4329 1109 4368 cet.
1129 4324 1176 4369 Οι.
1214 4321 1239 4367 d.
1259 4322 1381 4381 Leguutor
1401 4324 1458 4367 base
1477 4334 1542 4364 voes-

368 4391 423 4438 bola
445 4392 468 4436 in
495 4407 552 4438 suco
581 4396 726 4452 languidulo.
774 4392 797 4439 ⁹.
818 4393 879 4438 Cod.
904 4394 1044 4438 victoriam.
1097 4390 1137 4438 lt.
1162 4393 1222 4439 (lod.
1244 4405 1344 4449 seraper
1366 4406 1410 4447 pro
1434 4391 1539 4434 adiutor.

369 4460 410 4508 tl.
430 4462 490 4507 cot.
514 4465 663 4513 exercitum.
710 4461 752 4508 12.
777 4464 859 4506 Malim
883 4463 917 4507 cd
938 4464 1032 4527 omnin.
1077 4462 1218 4520 (Ροιιιιιιε
1250 4463 1274 4505 in
1298 4462 1366 4505 oraui
1384 4455 1541 4525 ἀλληγορῐᾳ

365 4531 516 4577 servendum
538 4539 584 4578 est.
616 4534 675 4587 Οι.)
710 4531 751 4579 lt.
771 4534 910 4578 Versiculos
933 4533 1040 4579 Graecus
1065 4538 1090 4576 at
1116 4546 1188 4588 supra
1215 4532 1376 4578 oblitteratas.
1417 4531 1456 4576 ll.
1482 4530 1537 4573 Cot·

369 4598 510 4646 Caesarem.
550 4601 590 4648 15.
610 4604 671 4648 coa.
691 4603 853 4663 qucrrellnm.

304 4723 350 4778 21.
372 4719 426 4775 ruo
444 4717 560 4778 refertor
579 4722 613 4778 sd
632 4729 674 4792 et,
694 4724 721 4779 id
742 4740 799 4796 est,
818 4719 852 4776 ad
872 4724 1010 4779 Petreium
1030 4722 1158 4795 legatum.
