3210 5280
119 162 181 227 224

119 308 281 402 tissima;
307 331 404 381 nunc
424 330 502 383 cam
522 307 710 407 plurimis,
735 308 845 382 immo
871 316 909 380 et
928 304 1146 405 quandoque
1171 304 1427 404 gravissimis,¹

118 419 351 517 inquinatam
369 419 531 514 mendis,
558 429 599 492 ut
623 430 789 518 ceteras,
816 443 898 493 esse
925 420 1191 517 cognoscimus.

196 525 416 627 [Ρναειίιίἰί4
431 529 668 627 palimpsesti
691 523 880 627 fructae]
931 529 1015 603 Vll.
1044 530 1119 601 lam
1145 537 1282 626 quanta
1305 551 1426 600 emen·

121 641 310 714 dationum
328 664 433 738 seges
454 664 500 712 ex
518 637 760 715 Verrinarum
782 641 1018 740 palimpsesto
1042 641 1257 737 proveniat,
1284 637 1426 711 scholia

119 776 200 827 mea
219 753 348 824 critica
367 753 509 849 paginis
526 752 615 825 libri
637 756 802 828 subiecta
831 754 1095 829 demonstrant.
1149 751 1264 824 Multa
1290 753 1427 848 qnippe

120 862 297 937 vocabula
317 865 355 936 in
379 864 599 936 editionibus
622 866 768 961 vitiata,
791 864 850 938 vel
868 887 1049 962 perverso
1069 861 1198 936 ordine
1221 862 1424 956 collocata,

120 975 180 1049 vel
203 976 338 1048 omissa
360 975 478 1047 codex
502 977 686 1072 restituit3
714 975 917 1075 etquidem
936 973 1043 1047 huius
1067 974 1245 1047 lectiones
1267 975 1427 1071 optimas

120 1088 159 1158 in
172 1084 253 1158 aliis
265 1086 448 1159 interdum
461 1086 648 1161 codicibus
661 1087 830 1160 viderant
841 1086 1061 1179 Lambinus,
1089 1084 1292 1179 Gruterus,
1312 1084 1427 1158 Grae·

120 1198 222 1292 vius,
245 1195 399 1295 aliique,
422 1199 512 1295 quin
531 1222 594 1271 eae
616 1207 738 1271 tamen
758 1200 794 1271 in
813 1208 952 1272 textum
973 1199 1019 1270 ab
1039 1198 1235 1269 incuriosis
1256 1205 1426 1294 typogra-

120 1306 202 1405 phis
223 1317 392 1405 receptae
412 1307 568 1391 luerinta
589 1310 699 1383 immo
718 1307 978 1383 Lambinianas
1002 1309 1219 1408 quandoque
1243 1307 1423 1382 lectiones

121 1428 302 1516 tamquam
327 1418 431 1491 fictas
456 1429 565 1517 atque
587 1424 797 1518 suppositas
821 1421 986 1495 nonnulli
1009 1420 1231 1494 calumniose
1252 1420 1429 1491 t1·aduxe·‹

120 1539 217 1602 rant.
270 1528 364 1602 lllud
388 1555 532 1628 quoque
551 1534 847 1629 percommodum
871 1543 946 1628 ast,
972 1532 1070 1631 quod
1092 1533 1307 1603 divisionem
1328 1531 1424 1629 capi·

1 1713 3 1724 ,
121 1639 280 1715 talorum
303 1643 348 1714 ab
367 1642 570 1716 editoribus
591 1645 699 1744 vulgo
724 1644 940 1739 exhibitam,
959 1668 1055 1716 nunc
1077 1644 1249 1748 imperite
1265 1665 1423 1740 prorsus

122 1754 355 1826 constitutam
369 1755 454 1826 olim
468 1755 581 1829 fuisse
595 1758 858 1855 cognoscimus.
893 1757 1036 1830 Etenim
1047 1755 1183 1849 codex,
1206 1778 1423 1852 quamquam

121 1863 468 1962 adeoimperfectus
489 1891 531 1939 ae
550 1866 717 1962 mutilus,
742 1868 977 1940 nihilominus
996 1868 1110 1940 vicies
1132 1868 1282 1938 circiter
1301 1868 1347 1938 ab
1361 1865 1425 1938 illa

120 1975 245 2072 inepta
266 1975 444 2050 divisione
463 1977 637 2051 disceditr
665 1979 767 2050 cuius
786 1978 1015 2052 differentiae
1033 1980 1150 2051 instas
1171 2002 1301 2051 causas
1320 1977 1424 2050 intel·

63 2148 66 2153 .
120 2086 235 2186 ligere
257 2085 401 2182 licebit,
434 2089 549 2186 siquis
572 2092 627 2162 rei
651 2100 854 2185 momenta,
885 2090 923 2163 id
946 2099 1005 2163 est
1028 2089 1215 2163 naturales
1239 2089 1423 2163 sermonis

120 2200 380 2293 transitiones,
401 2184 661 2274 considerabit.
711 2201 814 2275 Duae
827 2226 972 2301 quoque
984 2201 1133 2275 fictitiae
1148 2203 1187 2273 in
1200 2202 1423 2273 editionibus

120 2310 272 2384 lacunae
295 2335 317 2382 a
338 2311 463 2385 codice
481 2322 749 2412 coarguuntur,
767 2339 839 2385 una
858 2338 951 2411 qnae
970 2313 1078 2412 vulgo
1096 2312 1261 2385 creditur
1280 2313 1319 2383 in
1336 2310 1424 2382 libri

53 2430 60 2443 ’
121 2412 234 2520 primi
255 2425 506 2520 extremitate3
533 2425 650 2498 altera
672 2449 763 2498 vero
786 2449 807 2497 a
827 2424 1007 2498 Lambino
1025 2424 1088 2497 lib.
1115 2423 1181 2495 111.
1201 2417 1263 2495 72.
1289 2423 1424 2518 impor-

120 2543 211 2607 tuno
235 2535 414 2607 asterisco
438 2536 621 2609 denotata.
673 2536 876 2609 Praeterea
896 2536 1069 2608 notabilis
1095 2534 1286 2607 admodum
1307 2532 1424 2605 multi·

122 2670 213 2744 que,
232 2655 272 2718 ut
284 2648 448 2719 arbitror
467 2672 553 2721 usus
567 2672 634 2744 per
645 2635 772 2725 omnes
785 2646 853 2721 hos
866 2647 984 2722 libros
997 2649 1158 2720 varietas
1178 2655 1235 2718 cst
1253 2655 1422 2717 notarum

122 2756 454 2854 arithmeticarum,
475 2760 664 2858 inquibus
682 2759 800 2833 codex
819 2762 865 2833 ab
887 2762 1109 2835 editionibus
1126 2768 1305 2858 perpetuo
1320 2758 1424 2831 dissi·

121 2869 185 2943 det
193 2865 257 2968 (¹)=
294 2872 493 2969 etquidem
512 2873 620 2945 etiam
637 2880 778 2946 tractus
796 2871 858 2946 ille
875 2873 1010 2946 iamdiu
1028 2881 1292 2945 controversus
1314 2879 1423 2967 atque

120 2990 274 3056 vexatus
298 2982 344 3055 de
367 2981 517 3056 decimis
537 2983 810 3056 Herbitensium
832 2984 896 3058 lib.
924 2984 991 3056 111.
1011 2977 1073 3056 32.
1103 3008 1206 3081 sqq.,
1229 3006 1325 3054 nova
1349 2981 1424 3054 for·

122 3103 221 3168 tasse
244 3095 387 3165 ratione
413 3094 689 3167 constituendus
712 3094 907 3167 videbitur.
961 3092 1117 3170 Omnino
1140 3118 1229 3192 pars
1254 3092 1344 3165 haec
1364 3116 1425 3166 va·

121 3205 285 3298 rietatis,
313 3227 406 3300 quae
429 3204 475 3276 ad
494 3203 701 3278 numerales
724 3203 972 3279 Romanorum
992 3218 1099 3280 notas
1120 3208 1300 3305 pertinet,
1325 3205 1425 3277 criti·

122 3340 256 3393 eornm¹
276 3314 482 3387 futurorum
504 3316 745 3390 eruditionem
767 3326 875 3414 atque
896 3343 1048 3391 acumen
1070 3340 1201 3417 magno
1229 3339 1341 3413 opere
1366 3339 1426 3387 ex·

121 3435 245 3525 pectat
262 3450 305 3498 ac
321 3426 481 3522 prolicit.
534 3427 602 3499 Illa
620 3452 765 3525 qnoque
777 3431 999 3528 perinsignis
1013 3429 1123 3504 lectio
1142 3439 1199 3502 est
1215 3427 1278 3499 lib.
1299 3420 1437 3535 11.5t}.,

126 3534 322 3611 RESSET
340 3561 410 3635 pro
433 3554 536 3612 esset.
567 3537 730 3612 Verbum
754 3541 849 3613 enim
872 3539 1074 3630 RESUM,
1098 3539 1159 3612 ES
1179 3564 1200 3611 a
1218 3563 1274 3612 me
1294 3541 1365 3611 iam
1387 3540 1427 3612 in

123 3645 325 3723 Scauriana
348 3672 427 3746 cap.
454 3646 557 3722 v111.
575 3659 783 3747 repertum,
809 3650 1107 3740 seddubitanter
1129 3653 1382 3749 propositum,
1405 3675 1427 3723 a

123 3761 263 3835 criticis
289 3784 380 3835 vero
403 3760 592 3835 hodiernis
611 3763 793 3836 immerito
817 3763 1065 3860 repudiatum,
1096 3787 1193 3836 nunc
1213 3765 1431 3837 testimonio·

61 3948 63 3952 ⁴
121 3895 219 3947 novo
237 3882 275 3946 et
290 3874 484 3946 verissimo
507 3872 650 3947 Tullius
669 3872 871 3947 confirmat.
924 3872 1065 3946 Contra
1083 3897 1174 3946 vero
1194 3873 1258 3947 lib.
1278 3872 1348 3948 ΙΙΙ.
1361 3867 1425 3950 37.

122 3986 185 4058 ubi
205 3983 384 4059 editiones
406 3985 544 4059 habent
564 3984 764 4058 inauditum
783 3995 892 4085 atque
912 3986 1064 4058 insuave
1085 3985 1301 4059 vocabulum
1327 3986 1435 4061 insu«

122 4095 222 4186 lule,
235 4094 435 4170 Vaticanus
450 4096 566 4171 codex
579 4095 727 4170 exhibet
741 4096 877 4168 insuia.
912 4095 1035 4195 Quare
1056 4091 1127 4170 iam
1146 4095 1238 4171 illud
1258 4096 1429 4171 insulula

121 4231 229 4280 nemo
251 4206 531 4307 lexicographus
550 4209 743 4281 adamabit.
793 4205 1034 4281 Adnotabunt
1058 4210 1146 4281 item
1168 4208 1428 4300 Grammatici‚

122 4315 339 4393 Ciceronem
358 4319 422 4394 lib.
442 4320 491 4394 11.
506 4313 566 4393 63.
584 4335 752 4394 soterum
765 4321 1007 4416 pronuntiare
1024 4320 1177 4414 Latine,
1195 4343 1269 4393 non
1284 4320 1428 4394 Graece

193 4574 231 4650 (¹)
249 4577 315 4650 Pap.
334 4579 399 4636 Md·
419 4580 448 4630 ln
467 4576 581 4630 scholiis
600 4581 670 4631 meir
689 4593 748 4634 not.
768 4576 821 4651 (m)
844 4594 895 4652 pro
914 4576 1070 4633 harenata
1090 4598 1106 4638 ο
1124 4597 1180 4633 non
1199 4579 1349 4634 obscurata
1368 4588 1427 4649 ert,

121 4646 179 4725 lege
198 4651 347 4705 obscurata
367 4666 424 4723 aar,
442 4656 544 4707 omlm
563 4656 718 4726 ceptione.
