3210 5280
228 240 269 301 to
765 238 990 306 asconius

311 383 354 457 (§.
378 379 446 457 23.)
466 382 508 445 la
531 389 646 443 autem
665 382 826 462 templum
847 381 982 442 sublato
1002 381 1118 459 adita,
1144 384 1282 448 revulsis
1305 384 1488 467 grauitas,
1509 409 1532 450 a

228 474 485 534 coniuratorum
519 471 672 553 reliquiis
706 478 809 552 atque
840 471 1004 534 Catilinae
1030 475 1306 551 praevarieatore
1338 476 1533 560 qnondam,

227 571 299 625 tum
319 563 448 638 altore,
468 564 570 622 armis
592 570 765 624 teneretur.

311 650 477 715 Catilinam
491 651 562 736 lege
584 652 825 733 repetundarum
853 651 1029 714 absolutum
1053 673 1122 715 esse
1146 663 1310 714 accusante
1332 654 1372 717 P.
1401 651 1532 730 Clodio,

201 743 287 807 tiam
309 744 427 807 dietum
448 755 509 809 est.

782 905 973 968 STATIM.

305 1024 388 1085 Cum
415 1027 541 1108 equites
571 1027 713 1089 Romani
734 1026 983 1107 relegarentur,
1017 1028 1081 1088 viri
1105 1026 1186 1090 boni
1205 1028 1377 1110 lapidibus
1405 1027 1531 1108 eforo

225 1113 513 1266 pellzffnffmiam
536 1225 552 1265 a
576 1201 715 1267 Gabinio
737 1204 867 1266 eonsnle
889 1204 994 1268 edicto
1012 1205 1190 1290 relegatum
1212 1229 1281 1271 esse
1299 1207 1360 1271 iam
1383 1207 1531 1271 diximus.

184 1357 235 1426 ω’
530 1359 675 1425 (ΙΙΒΟΑ
697 1361 829 1423 VERS.
854 1363 884 1425 A
906 1362 1060 1427 PRIMO
1082 1362 1228 1428 Dcxx.

290 1470 353 1558 '(§.
378 1481 445 1557 21.)
467 1479 624 1561 Seplasia
643 1481 851 1557 mehercule,
882 1492 920 1543 at
940 1483 1012 1546 diei
1030 1484 1232 1563 audiebam,
1251 1496 1284 1550 te
1305 1490 1357 1550 uti
1378 1491 1532 1569 primum

225 1576 358 1656 aspexit
370 1575 576 1654 Canrpanum
596 1573 767 1634 consulem
785 1570 985 1650 repudiavit.

308 1663 433 1726 Dictum
455 1675 501 1726 ast
524 1663 553 1724 in
583 1661 775 1724 dissuasione
806 1658 885 1742 legis
915 1660 1057 1745 agrariae
1080 1664 1161 1744 apud
1185 1665 1357 1746 populum,
1395 1667 1531 1747 plateam

225 1777 293 1819 esse
310 1754 458 1837 Capuae,
496 1776 575 1838 quae
603 1755 742 1837 Seplasia
769 1754 962 1835 appellatur,
1000 1754 1029 1816 in
1060 1777 1121 1838 qua
1150 1757 1346 1840 unguentarii
1373 1759 1532 1844 negotiari

182 1847 285 1910 assint
305 1847 403 1912 soliti.
453 1851 545 1933 Engo
568 1870 623 1913 eos
650 1871 794 1935 quoque,
824 1847 934 1932 quiin
962 1869 997 1910 ea
1026 1848 1137 1930 platea.
1156 1850 1414 1934 negotiaeeotsu,
1451 1851 1527 1914 dicit

223 1939 339 2004 invitos
361 1939 509 2005 Pisonem
535 1942 671 2019 vidisse,
693 1964 762 2006 eum
789 1941 930 2024 Capuam
951 1944 1063 2006 consul
1085 1942 1187 2021 venit,
1210 1948 1298 2029 quod
1319 1966 1394 2021 eos,
1417 1968 1436 2009 a
1458 1945 1530 2031 qui·

222 2034 282 2097 bus
304 2034 356 2098 ille
377 2036 525 2118 expulsus
547 2048 635 2114 enat,
659 2037 840 2100 adiuvisset.

526 2192 668 2260 CIRCA
691 2195 827 2258 Vnus,
851 2195 881 2257 A
904 2195 1057 2259 PRIMO
1079 2194 1221 2259 DCXL.

306 2317 350 2392 (§.
375 2315 442 2388 26.)
465 2314 609 2399 Eequod
626 2317 739 2380 initae
759 2314 837 2378 urbe
853 2317 961 2376 maius
983 2336 1132 2396 anquam
1154 2317 1343 2379 incendium
1350 2317 1446 2396 fuit,
1467 2322 1531 2381 eni

98 2466 102 2481 ,
178 2412 288 2470 2⁰noa
311 2408 432 2469 consul
450 2406 661 2470 subvenerit?
680 2401 719 2469 At
743 2416 779 2468 tu
801 2405 864 2467 illo
882 2408 956 2485 ipso
976 2415 1123 2486 tempore
1140 2407 1237 2487 apud
1252 2427 1390 2470 socrum
1412 2418 1527 2488 taam,

223 2499 321 2560 euius
336 2495 470 2560 domum
495 2497 543 2558 aa
560 2517 670 2559 meam
689 2494 951 2559 exhauriendam
970 2495 1206 2575 patefeceras,
1226 2496 1371 2560 sedebas.

304 2586 386 2648 Post
403 2585 631 2667 profectionem
650 2608 689 2647 ex
713 2589 788 2649 urbe
813 2585 995 2660 Ciceronis,
1021 2588 1101 2649 bona
1121 2587 1187 2649 eius
1206 2589 1246 2650 P.
1268 2586 1400 2652 Clodius
1419 2585 1526 2668 publi-

221 2677 322 2752 cavit3
356 2691 519 2763 postquam
550 2678 670 2759 direpta
696 2691 766 2740 suunt
792 2678 918 2752 omnia,
956 2699 1035 2762 quae
1065 2691 1118 2741 aut
1143 2681 1172 2742 in
1195 2682 1290 2744 domo
1316 2691 1370 2741 aut
1391 2678 1422 2741 in
1444 2679 1526 2743 villis

221 2770 367 2848 inierunt,
392 2784 478 2834 etex
500 2771 545 2833 eis
568 2774 605 2833 ad
626 2773 712 2853 ipsos
728 2773 872 2836 eonsules
894 2772 956 2833 lata
978 2774 1160 2854 complura,
1185 2775 1295 2836 domus
1319 2772 1440 2855 direpta
1456 2772 1525 2853 pri·

177 2875 322 2942 timum,
360 2864 469 2928 deinde
494 2864 680 2927 inflammata
707 2885 743 2927 ae
773 2865 872 2927 dissita
905 2876 964 2929 est.
1014 2868 1134 2931 Socrus
1156 2866 1284 2930 Pisonis
1305 2887 1385 2951 quae
1407 2866 1520 2940 inserit,

1266 3007 1516 3023 ..uu-n———nq

313 3091 339 3139 1.
358 3083 487 3153 revulsis]
509 3083 628 3135 revolsis
647 3082 738 3134 Prioc.
902 3089 928 3138 2.
949 3084 1084 3155 reliquiis]
1105 3084 1217 3153 reliquis
1237 3087 1328 3139 Princ.

311 3163 338 3214 2.
358 3166 439 3228 atque
459 3160 533 3227 θαι]
554 3166 636 3228 atque
656 3175 674 3208 a
694 3158 755 3210 Cat.
777 3156 836 3211 att.
856 3156 943 3231 Lugd.
965 3161 1029 3213 Hos.
1050 3160 1127 3212 Man.
1146 3159 1227 3212 Cnen.

310 3240 337 3294 3.
357 3240 415 3284 tum
434 3234 539 3297 teliore,
559 3237 647 3285 armis
665 3235 819 3299 teneretur]
839 3234 1039 3284 tumultuatum
1060 3239 1084 3283 is
1103 3242 1213 3284 tenetur
1234 3235 1321 3288 Ptine.

308 3309 337 3365 11.
357 3307 522 3376 absoliaum]
543 3307 691 3359 absolitam
713 3310 801 3360 Ptine.
882 3310 910 3367 6.
929 3325 984 3362 om.
1006 3306 1072 3360 Lod.
1092 3306 1176 3380 Lugd.
1195 3309 1273 3362 Man.

312 3391 337 3444 7.
358 3383 563 3450 relegarentur]
585 3399 641 3435 ont.
661 3384 752 3436 Ptine.

309 3460 337 3516 9.
355 3457 387 3510 I..
407 3456 545 3527 Lamiam]
566 3455 631 3512 Lod.
653 3473 679 3510 et
699 3473 773 3527 seqq.
793 3486 830 3499 —
849 3456 882 3512 T.
903 3457 1038 3510 ctamtam
1058 3459 1148 3511 Prlno.
1168 3457 1276 3512 Berald.
1296 3460 1359 3515 Ald.

308 3536 336 3590 9.
356 3531 522 3600 relegatum]
544 3532 694 3600 religatum
715 3534 794 3585 l‘rinn
887 3542 929 3590 10.
949 3549 1004 3585 out.
1027 3532 1094 3589 Lod.
1117 3531 1201 3605 Lugd.
1222 3537 1286 3587 ilot-
1309 3538 1384 3590 Man.

291 3616 336 3666 11.
356 3606 496 3678 Seplasia]
515 3608 641 3678 Selapsia
661 3608 755 3663 Prinn.
776 3603 836 3661 ΔΜ.
883 3618 929 3665 11.
946 3607 1102 3676 audiebam]
1124 3608 1273 3663 mediabant
1291 3614 1384 3666 Ptine.

292 3691 337 3741 11.
356 3689 383 3733 te
402 3684 459 3754 uti]
479 3683 571 3736 Prion.
590 3711 628 3724 -
647 3682 693 3733 ubi
711 3691 738 3733 te
757 3680 864 3736 Bersld.
885 3690 967 3734 -te
986 3692 1017 3734 ut
1037 3686 1098 3736 ΔΜ.
1118 3699 1144 3736 et
1164 3700 1239 3756 seqq.

292 3763 338 3818 15.
359 3757 442 3826 apud]
465 3758 555 3810 Ptine.
575 3756 682 3812 Bernld.
703 3756 763 3811 tta.
783 3787 819 3800 -
839 3756 879 3808 ad
895 3756 963 3810 Lod.
983 3772 1010 3812 et
1031 3776 1106 3831 seqq.

291 3834 336 3888 11.
357 3832 494 3902 Seplasia]
516 3833 641 3904 Selapsia
660 3833 752 3886 Ptine.
774 3831 834 3886 tlt.

292 3905 362 3961 lbid.
382 3910 535 3974 negotiare]
569 3912 715 3974 negociari
739 3909 831 3961 Prlnc.
856 3906 946 3959 Semel
971 3924 1047 3962 noto.

291 3984 336 4038 16.
355 3981 440 4051 quaed]
459 3981 566 4052 quidem
586 3984 667 4036 Ptine
698 4010 734 4022 -
753 4002 815 4053 qum
836 3988 899 4051 (sic)
919 3983 1027 4038 Beratt.

290 4062 337 4113 17.
358 4055 527 4126 adiuvisset]
548 4057 723 4108 adiuvissent
744 4055 809 4109 Lod.

291 4137 334 4190 ts.
356 4130 468 4184 CIRCA
486 4131 593 4187 VERS.
614 4135 643 4182 A
661 4131 783 4185 PutMo
803 4131 931 4200 DCXL]
952 4131 1013 4186 ΔΜ.
1033 4162 1070 4175 -
1095 4134 1208 4186 CIRCA
1227 4134 1333 4188 Vnus.
1356 4138 1381 4186 A
1400 4135 1525 4190 PRIMO

215 4205 331 4260 1>ch
349 4207 439 4258 Ptine.
458 4205 565 4260 Berald.
586 4236 621 4250 -
641 4224 697 4261 om.
720 4205 786 4260 Lod.
807 4205 891 4280 Lugd.
911 4208 975 4259 llos.
996 4208 1073 4261 Man.
1095 4239 1126 4250 -
1148 4209 1335 4278 SEQUITUR
1354 4214 1435 4264 Cren.

291 4283 335 4338 19.
354 4279 477 4350 Ecquod]
501 4281 570 4337 Lod.
592 4299 619 4336 et
638 4300 713 4353 seqq.
734 4311 765 4324 -
788 4282 826 4336 Et
844 4282 917 4353 quod
935 4284 1025 4335 Ptine.
1048 4283 1236 4340 nantuato.
1466 4278 1475 4295 ⁶

288 4360 332 4410 20.
352 4356 522 4424 subverterit]
547 4355 603 4412 ald.
624 4374 651 4412 et
671 4373 745 4428 seqq.
769 4387 799 4400 -
820 4358 980 4409 siebveairet
1000 4360 1092 4412 Ptine.
1111 4358 1222 4412 Berald.

292 4428 363 4484 lbtd.
382 4440 474 4497 tutam,
493 4437 571 4484 euius
589 4432 697 4486 domnam
718 4433 757 4484 ad
774 4435 876 4502 meam]
898 4441 974 4483 traam
1000 4439 1045 4484 cui
1070 4432 1178 4486 donnum
1198 4452 1285 4485 meam
1306 4435 1396 4486 Ptine.
1416 4436 1527 4490 Berald.

216 4504 277 4564 Ald.
299 4502 364 4558 Lod.
384 4505 469 4578 Lugd.
489 4509 567 4562 Man.
594 4535 631 4552 -
663 4517 741 4560 tuam
756 4526 843 4579 prope
862 4528 881 4559 a
900 4513 968 4559 meis
992 4508 1123 4574 aedibus,
1151 4514 1226 4561 enim
1247 4509 1355 4560 domum
1374 4510 1414 4560 ad
1437 4529 1528 4563 meam

215 4583 281 4636 ilus.
302 4583 382 4634 Cren.

292 4661 335 4715 25.
352 4659 509 4725 postquam]
531 4658 621 4709 Ptine.
641 4654 749 4710 Beralsl.
769 4665 923 4727 -postea
942 4662 1036 4710 ceseii.

286 4729 329 4786 21.
349 4729 389 4780 ad
406 4736 480 4801 ipsos
498 4733 622 4782 eonsules
640 4732 713 4799 lata]
737 4730 819 4803 lugd.
841 4735 903 4785 Hos.
920 4734 994 4785 Man.
1009 4733 1090 4783 Creo.
1109 4760 1147 4775 -·
1166 4732 1205 4783 ad
1222 4737 1296 4800 ipsos
1315 4733 1419 4784 collata
1435 4734 1529 4787 Prino.

215 4801 324 4863 Berald.
335 4803 397 4861 Ald.
409 4835 443 4851 -
453 4806 493 4860 ad
502 4807 627 4859 consules
638 4807 742 4860 collata
755 4806 825 4861 Lod.
837 4835 872 4851 -
884 4807 1007 4862 Praestat
1017 4803 1132 4860 fortasse
1141 4806 1181 4859 ad
1191 4812 1267 4878 ipsos
1279 4809 1405 4863 comata
1414 4810 1530 4864 caliate.
