3210 5280
579 253 627 316 IN
646 253 970 320 MlLOIlIANAM.
1387 257 1425 319 tt

123 416 155 458 te
174 370 333 475 petfflone
354 393 553 468 consulatus,
590 392 688 456 si'ita
717 392 746 456 ei
776 393 952 470 videretur3
990 395 1175 478 Pompeium
1203 397 1426 478 respondisse,

123 485 234 549 remini
258 507 293 547 ae
315 507 418 569 nequae
438 485 565 567 petendi
587 507 690 568 neque
711 486 879 549 desistendi
900 499 1062 551 auctorem
1085 511 1171 564 esse,
1195 512 1297 573 noque
1319 491 1427 570 populi

125 579 260 644 llomani
275 589 466 660 potestatem
481 591 533 642 aut
553 579 717 642 consilium
733 592 785 641 atat
799 580 978 642 sententiam
994 582 1275 665 interpellaturum.
1304 583 1432 657 Deinde-

123 696 178 756 per
203 671 250 736 C.
275 673 450 745 Lucilium,
473 672 526 756 qui
546 683 682 753 propior
704 674 756 735 M.
773 672 939 737 Ciceronis
961 675 1199 738 familiaritatem
1223 676 1339 740 amicus
1361 688 1428 737 erat

124 764 260 840 Miloni,
294 764 400 850 egisse
422 787 550 851 quoqne
571 765 751 840 dicebatur,
785 786 824 828 ne
845 787 879 829 se
901 770 938 830 de
960 769 1018 829 hac
1038 789 1075 831 re
1097 769 1290 832 consulendo
1310 766 1426 831 invidia
1439 798 1454 846 5

123 872 283 926 mermi.

154 975 162 983 ·
203 955 296 1018 luter
316 954 398 1016 baec
416 973 486 1015 cum
508 952 726 1014 crebresceret
746 972 872 1027 elamor,
906 950 969 1016 Ca.
994 952 1180 1034 Pompeium
1208 953 1310 1016 creari
1330 952 1500 1014 dicta-[¹⁴⁶1

122 1059 222 1111 torem
252 1057 428 1128 oportere,
464 1065 564 1128 neque
594 1042 684 1104 aliter
712 1044 790 1106 mala
815 1044 950 1107 civitatis
973 1046 1078 1109 sedari
1106 1068 1217 1128 posse,
1253 1047 1351 1110 risum
1381 1036 1429 1107 est

123 1139 329 1223 optimatibus
350 1139 447 1202 tutius
472 1159 559 1213 esse,
598 1157 667 1198 eum
693 1139 854 1200 consulem
882 1139 948 1201 sine
976 1140 1097 1223 collega
1121 1140 1236 1213 creari,
1272 1150 1321 1214 et,
1357 1158 1428 1199 cunr

122 1242 256 1296 tractata
278 1254 316 1294 ea
338 1253 389 1294 res
410 1242 492 1294 esset
513 1229 547 1292 iu
572 1239 699 1302 senatu,
730 1230 815 1291 lacto
837 1230 869 1292 in
894 1232 945 1293 M.
969 1232 1076 1294 Bibuli
1097 1231 1279 1294 senteutiam
1303 1242 1471 1293 eenatnsit

121 1327 289 1399 masnilio,
313 1324 488 1405 Pompeius
510 1326 550 1385 ab
576 1322 734 1404 interrege
760 1323 831 1386 Ser.
856 1323 996 1405 Sulpicio
1025 1327 1071 1386 V.
1097 1325 1171 1386 Kal.
1196 1326 1295 1386 Mart.
1319 1344 1425 1385 meuse

121 1417 323 1482 intercalario
337 1416 448 1480 consul
464 1428 588 1479 creatus
611 1423 676 1487 est,
700 1415 864 1498 statimque
879 1420 1071 1479 consulatum
1093 1417 1173 1480 iniit.
1218 1417 1338 1481 Deinde
1352 1428 1429 1497 post

118 1513 196 1575 diem
218 1509 349 1574 tertium
366 1513 404 1571 de
419 1511 541 1593 legibus
564 1506 657 1571 noris
677 1507 815 1571 ferendis
836 1510 960 1582 retulit3
983 1514 1058 1572 diras
1074 1532 1113 1572 ex
1137 1522 1259 1572 senatus
1282 1509 1427 1571 consulto

117 1602 356 1690 promulgavit,
380 1603 508 1664 alteram
524 1605 563 1665 de
586 1601 636 1679 vi,
660 1627 720 1691 qua
737 1603 914 1665 nominatim
931 1605 1054 1664 caedem
1074 1604 1105 1664 in
1128 1602 1233 1684 Appia
1250 1601 1298 1664 via
1313 1601 1426 1663 saetam

118 1713 147 1762 et
167 1696 349 1761 incendium
373 1695 478 1758 catriae
502 1707 533 1757 et
557 1699 681 1760 douvum
704 1699 756 1760 M.
784 1694 896 1776 Lepidi
919 1696 1084 1780 interregis
1108 1707 1320 1779 oppugnatam
1339 1716 1426 1757 corn·
1441 1714 1470 1761 is

116 1789 304 1874 prehendit,
327 1790 457 1852 alteram
478 1791 516 1850 de
538 1790 671 1864 ambitu3
693 1811 825 1873 poenam
849 1789 1028 1872 graviorem
1044 1803 1073 1851 et
1096 1790 1228 1852 formam
1243 1788 1427 1851 iudiciorum

117 1885 325 1948 breviorem:
359 1895 494 1965 utraque
519 1882 598 1944 enim
625 1885 677 1945 lex
706 1882 793 1963 prim
818 1892 914 1944 testes
937 1882 1003 1944 dari
1032 1886 1105 1964 [per
1128 1881 1294 1960 triduum]‚
1317 1882 1428 1944 deinde

118 1999 183 2041 uuo
205 1976 258 2038 die
280 1987 375 2058 atque
399 1977 507 2038 eodem
530 1987 560 2036 et
584 1979 623 2038 ab
647 1988 829 2038 accusatore
856 1988 886 2038 et
909 1978 948 2037 ab
970 1997 1029 2039 reo
1052 1977 1195 2058 perorari
1216 1975 1361 2050 iubebat,
1386 1975 1427 2036 ita

119 2082 152 2131 nt
174 2073 257 2132 dnae
286 2069 385 2130 borae
408 2067 601 2141 accusatori,
636 2079 700 2132 tres
729 2091 785 2132 reo
816 2072 975 2131 darentur.
1034 2070 1093 2131 llis
1124 2070 1243 2152 legibus
1273 2068 1428 2131 obsistere

122 2164 175 2226 M.
191 2160 344 2234 Caelius,
365 2162 509 2222 tribunus
525 2161 642 2241 plcbis,
666 2160 911 2224 studiosissimus
928 2162 1077 2235 Milonis,
1101 2175 1232 2224 conatus
1253 2174 1317 2234 cst,
1342 2162 1470 2244 quodto

121 2267 151 2317 et
173 2252 378 2336 privilegiam
400 2251 516 2314 diceret
537 2253 567 2313 in
589 2254 741 2316 Milonem
764 2252 842 2315 scrri
864 2264 895 2316 ct
917 2253 1027 2316 iudicia
1044 2254 1256 2336 praecipitari.
1300 2256 1427 2317 Etcum

121 2346 317 2431 pertinacius
338 2347 440 2429 legem
467 2343 592 2408 Caelius
615 2348 824 2426 vituperaret,
855 2366 895 2407 eo
916 2347 1072 2427 processit
1093 2347 1157 2409 irae
1180 2346 1370 2428 Pompeius,
1396 2356 1428 2406 ut

123 2440 261 2513 diceret,
286 2439 312 2501 si
337 2451 466 2502 coactus
487 2452 586 2511 esset,
611 2439 704 2502 araris
718 2461 752 2500 se
774 2461 839 2501 reru
857 2439 1011 2520 publicam
1028 2441 1237 2502 defensurum.
1283 2439 1429 2500 'l'imebat

123 2547 226 2596 atatem
249 2536 422 2614 Pompeius
450 2534 624 2605 Milonem,
658 2555 712 2594 seu
739 2533 849 2595 timere
878 2554 912 2594 sc
935 2532 1118 2607 simulabat3
1150 2528 1336 2617 plerumque
1367 2552 1427 2593 non

124 2627 210 2690 domi
232 2647 326 2701 suae,
350 2628 404 2688 sed
426 2625 457 2686 in
479 2624 580 2688 hortis
605 2626 765 2697 manebat,
789 2623 882 2706 idque
908 2624 1006 2706 ipsum
1029 2625 1061 2688 iu
1088 2624 1321 2708 superioribus,
1346 2620 1471 2687 'circaai

124 2740 207 2803 qvvos
229 2720 321 2781 etiam
345 2739 456 2803 tuagna
486 2739 593 2780 manns
616 2718 743 2779 militum
766 2720 952 2781 excubabat.
1011 2722 1156 2783 Senatum
1182 2741 1309 2803 quoque
1331 2717 1426 2779 semel

125 2815 150 2886 †
165 2814 359 2894 repetundus
374 2822 441 2873 erat
456 2810 645 2892 Pompeius,
671 2813 757 2893 quod
771 2813 907 2885 diecret,
932 2813 1039 2875 timere
1054 2836 1086 2875 sc
1103 2816 1266 2875 adventum
1283 2809 1427 2874 Milonis.

125 2904 208 2968 Dein
238 2903 388 2986 proximo
414 2915 522 2966 senatu
551 2904 593 2967 P.
623 2903 814 2967 Cornificius
847 2906 964 2967 serrum
997 2906 1151 2969 Milonem
1183 2894 1267 2968 intra
1297 2905 1429 2967 tunicam

220 3088 249 3143 Ιι.
267 3086 334 3157 per]
354 3085 429 3138 abest
450 3101 465 3136 a
486 3089 576 3140 Princ.
597 3083 703 3138 Berald.
723 3084 784 3138 ald.
806 3084 871 3139 bod.

200 3161 275 3215 lbid.
294 3162 439 3227 Letellt'um]
461 3161 593 3214 buitim
613 3162 704 3212 Prino.
724 3186 758 3201 -
777 3160 917 3213 Lrtcrtllum
936 3159 1043 3213 Berald.

221 3242 249 3294 7.
267 3236 464 3302 crebresceret]
485 3235 653 3286 creberunt
673 3236 764 3288 Ptine.
783 3251 846 3286 cnm
868 3236 976 3288 Graevii
996 3233 1099 3288 codice.
1135 3237 1248 3299 (licere,
1268 3249 1345 3305 poto.
1364 3234 1431 3298 On.)

220 3318 248 3371 8.
267 3310 433 3361 dictatorem
452 3319 597 3378 oportere,
615 3328 699 3379 neptae
717 3310 812 3375 aliter]
834 3309 997 3378 Madvigius.
1015 3339 1044 3350 -
1060 3309 1225 3360 dictatorem
1244 3327 1328 3380 rteqrte
1346 3325 1431 3377 opor-

127 3396 187 3439 tere
204 3387 292 3437 aliter
312 3388 403 3438 Priuo.
422 3413 458 3427 -
477 3384 641 3437 dictatorem
660 3402 744 3453 neque
761 3386 847 3435 aliter
866 3383 971 3439 Berald.
990 3413 1026 3426 -
1046 3383 1211 3434 dictatorem
1229 3401 1313 3455 neque
1333 3401 1432 3454 oppor-

127 3471 193 3515 tuae
210 3461 298 3512 aliter
316 3462 411 3512 ceteri.

221 3538 250 3592 9.
269 3536 373 3600 creari]
394 3550 489 3584 creare
502 3533 584 3586 Creo.
605 3533 772 3585 Infinitivnm
792 3537 928 3605 passivum
947 3548 1010 3585 cnm
1031 3534 1130 3584 ceteris
1150 3530 1229 3585 editt.
1247 3530 1329 3584 babet
1348 3536 1433 3584 etiam

128 3610 241 3664 Graevii
263 3607 360 3661 codex.

205 3688 250 3743 15.
270 3683 399 3751 tertirtm]
419 3687 532 3732 tertiam
551 3680 618 3733 Lovl.
793 3684 838 3738 16.
854 3684 984 3750 poenam]
1004 3698 1057 3750 qua
1072 3698 1191 3750 poenam
1210 3678 1277 3732 iod.

205 3763 252 3818 17.
270 3757 350 3829 dart]
370 3754 454 3829 bugd.
474 3758 538 3810 llot.
559 3757 636 3809 Man.
649 3755 730 3809 Creo.
753 3784 784 3796 -
805 3755 873 3808 dare
893 3758 983 3810 Princ.
1000 3755 1103 3808 Berald.
1117 3753 1177 3808 eid.
1191 3754 1258 3808 Lod.
1282 3784 1311 3796 -
1336 3755 1432 3807 Malim

128 3832 233 3885 fidili.
694 3858 705 3879 e

204 3903 278 3961 lbid.
294 3923 348 3976 per
367 3903 504 3974 triduum]
539 3905 613 3956 llaec
632 3907 803 3957 inseruerunt
824 3907 888 3958 lior.
907 3908 981 3958 Man.
1003 3907 1081 3960 eren.
1100 3923 1134 3956 ex
1153 3919 1211 3976 pag.
1234 3903 1296 3961 1117.
1315 3920 1376 3974 sqq.

204 3989 250 4038 22.
263 3983 345 4051 ¹irae]
364 3984 406 4031 ire
427 3981 517 4033 Priuc.

201 4059 248 4112 211.
265 4054 437 4125 plerumque]
454 4053 613 4122 plenumque
631 4056 703 4105 euim
722 4051 788 4106 Lod.
808 4081 844 4095 -
864 4053 962 4107 Malim
981 4061 1009 4104 et
1025 4053 1193 4124 pleramque.

206 4135 251 4187 25.
271 4128 373 4196 hortis]
392 4134 463 4178 ortis
482 4129 573 4182 princ.

204 4202 275 4258 lbid.
294 4202 375 4273 idque
393 4204 492 4272 ipsum]
512 4200 580 4253 Lod.
600 4217 626 4255 et
647 4218 721 4273 seqq.
741 4231 778 4243 -
796 4201 875 4271 idque
894 4207 951 4272 ipse
969 4205 1057 4272 ipsum
1077 4204 1167 4255 Ptine.
1187 4199 1294 4255 Berald.
1316 4200 1377 4254 ttd.

206 4280 251 4336 26.
270 4295 376 4345 magua
395 4292 493 4327 manue
511 4277 640 4346 militum]
671 4275 756 4347 Lugd.
769 4277 833 4328 llot.
847 4276 923 4328 Man.
936 4276 1016 4329 Creo.
1030 4303 1065 4317 ·-
1079 4292 1177 4326 manete
1189 4278 1305 4327 militam
1320 4275 1435 4348 (omisso

130 4374 155 4407 r.
174 4350 294 4425 magna)
315 4350 382 4404 Lod.
411 4379 447 4392 -
471 4356 667 4418 magnanimus
680 4352 800 4419 ¹teratrum
819 4351 910 4404 Ptine.
929 4348 1037 4403 Bereld.
1065 4348 1122 4403 tid.
1154 4379 1197 4421 -,
1215 4351 1313 4423 2580,
1332 4368 1436 4417 magna

131 4445 230 4480 nanus
248 4427 366 4478 militum
384 4425 558 4486 recreatam·
577 4443 641 4478 com
661 4423 731 4477 iufra
752 4429 791 4497 [p.
811 4427 886 4491 lid]
907 4429 946 4477 ite
965 4429 1098 4497 scriptum
1118 4423 1253 4486 viderem,
1277 4427 1435 4495 l'ompeinur

130 4508 161 4555 t'rt
178 4501 271 4554 laertia
289 4499 478 4571 superioribus
495 4509 560 4551 ante
588 4500 719 4553 iudicium
743 4505 895 4563 mansisse,
926 4504 968 4550 ita
992 4508 1023 4550 ut
1048 4499 1145 4550 villam
1171 4517 1272 4568 petoque
1295 4499 1437 4569 praesidio

132 4579 249 4629 militum
268 4573 482 4627 circumdaret.'
507 4574 651 4628 MANUT.
799 4577 842 4632 26.
862 4573 1030 4643 excubabat]
1056 4574 1208 4625 excruciat
1230 4573 1290 4627 aid.

207 4655 253 4704 27.
272 4649 438 4720 repetendae
455 4653 530 4716 erat]
560 4649 648 4715 Locus
668 4664 821 4721 corruptos.
842 4677 877 4691 -
895 4652 926 4699 in
946 4653 1059 4720 porticu
1084 4666 1135 4700 erto
1163 4655 1225 4713 (area
1246 4663 1320 4700 recte
1339 4649 1437 4713 Creu.)

133 4724 269 4776 dalmat
291 4728 355 4778 tior.
376 4724 456 4777 Creu.
499 4723 570 4794 ,Sic
596 4727 704 4795 reposui
728 4741 761 4777 ox
786 4727 842 4791 iit,¹
868 4738 936 4796 qnae
966 4723 1034 4778 dicit
1059 4738 1179 4778 extremo
1207 4723 1437 4777 cominentario.''

133 4799 222 4855 BO'l'.
242 4827 277 4843 ··
297 4799 410 4877 Malim:
436 4805 546 4869 reperite
565 4797 718 4852 munerat.
