3210 5280
170 291 398 358 ascottlus
421 293 468 358 IN
494 295 776 360 ORATIONEM
797 292 849 359 ΙΝ
871 294 999 360 totta
1021 291 1248 359 CANDIDA.
1323 287 1365 353 83

54 433 224 516 improbus
246 430 429 506 videretur,
451 443 526 514 post
547 452 666 515 paitcos
693 454 813 498 menses
833 432 864 497 in
885 431 1103 497 coniuratione
1126 431 1278 497 Catilinae
1298 453 1367 494 csse

58 525 224 608 sisparttit,
248 546 287 588 nc
311 525 595 589 crstentissimarnm
617 526 839 589 sententiarum
861 526 958 588 fnisse
984 537 1159 589 auctorem.
1202 525 1314 608 Itaque
1335 522 1368 586 bi

57 631 196 703 quatuor
217 639 279 700 pro
300 640 337 681 re
358 619 513 681 iacebant.
557 617 692 684 Catilina
715 629 816 681 autem
840 629 871 681 et
891 617 1068 687 Antonius.
1092 639 1277 702 qtiamquam
1299 638 1366 679 otu·

57 713 152 777 nibus
174 711 310 774 maxime
324 710 449 792 infamis
464 733 572 774 eornm
591 710 654 774 vita
672 723 771 786 essct,
797 722 896 774 tamen
914 712 1040 774 multum
1063 722 1222 793 poterant.
1269 709 1367 774 Coie·

57 816 129 869 rant
154 804 237 868 enim
267 805 383 878 ambo,
415 817 450 866 ut
475 802 662 869 Ciceronem
693 804 856 867 consulatu
880 801 1066 877 deiicerent,
1097 801 1293 864 adiutoribus
1320 801 1392 863 usis

54 896 262 973 firmissimis,
296 897 349 961 Μ.
376 896 496 962 Crasso
527 907 558 959 et
590 896 631 961 C.
663 894 814 960 Caesare.
872 896 984 978 Itaque
1012 896 1089 956 hace
1120 894 1223 957 oratio
1257 913 1368 956 contra

56 992 146 1054 solos
168 989 336 1054 Catilinam
359 1001 390 1053 et
415 988 585 1054 Antonium
608 1000 670 1051 est.
716 986 819 1052 Causa
843 987 996 1052 orationis
1016 987 1191 1050 huiusmodi
1212 986 1241 1048 in
1257 997 1366 1049 senatu

55 1084 219 1147 habendae
243 1082 395 1148 Ciceroni
419 1082 496 1157 fuit,
529 1085 614 1167 quod
640 1103 710 1142 cum
739 1081 769 1143 in
799 1081 865 1144 dies
891 1081 1012 1155 licentia
1036 1081 1170 1143 ambitus
1198 1083 1439 1164 erigereturlsstl

55 1189 195 1258 propter
215 1177 413 1259 praecipuam
437 1175 594 1241 Catilinae
621 1184 653 1235 et
676 1173 810 1237 Antonii
834 1173 1011 1250 audaciam,
1035 1186 1199 1257 censuerat
1222 1180 1365 1247 senatus,

58 1279 94 1329 nt
119 1268 172 1330 lex
199 1267 333 1330 ambitus
354 1279 444 1331 ancta
470 1267 559 1330 etiam
586 1288 655 1329 cnm
681 1287 784 1348 poena
805 1266 964 1340 ferretum
988 1267 1078 1350 eique
1107 1266 1152 1331 rei
1175 1269 1216 1348 Q.
1240 1259 1410 1331 Mttcittslt

57 1358 227 1424 Orestinus
252 1361 396 1423 tribunus
426 1359 527 1441 plebis
551 1360 787 1422 intercesserat.
832 1362 913 1424 Tum
937 1359 1073 1436 Cicero,
1098 1360 1238 1443 graviter
1259 1371 1370 1425 senato

59 1451 320 1518 intercessionem
337 1453 480 1527 fcrente,
503 1453 641 1515 surrexit
666 1464 758 1536 atquc
782 1452 812 1514 in
838 1453 1009 1518 coitionem
1024 1451 1178 1518 Catilinae
1192 1465 1223 1519 et
1237 1449 1370 1517 Antonii

60 1542 205 1610 invectus
227 1557 275 1610 est
296 1558 367 1610 ante
389 1545 454 1610 dies
476 1546 675 1609 comitiorum
696 1565 830 1628 pancos.
913 1547 917 1559 '

502 1782 930 1892 ENARRATIO.

138 2118 244 2198 Dico,
274 2119 387 2185 Patres
409 2120 614 2203 Conseripti,
633 2124 805 2203 snper-iore
825 2129 925 2185 nocte
946 2121 1126 2185 eninstlom
1145 2121 1288 2186 hominis
1306 2126 1412 2185 nn-li

57 2207 135 2272 bilis
156 2218 189 2272 et
210 2207 307 2272 valde
328 2211 361 2271 in
380 2209 447 2273 troc
469 2210 662 2292 largitionis
683 2219 826 2294 quaesto
846 2213 922 2274 noti
938 2221 971 2274 ct
1001 2214 1134 2293 cogniti
1152 2209 1288 2275 domum
1310 2211 1372 2275 oa·

53 2299 193 2361 tribuum
212 2307 243 2360 ct
263 2294 442 2367 Antonium
462 2318 541 2361 cum
560 2299 780 2384 sequestribus
800 2302 869 2363 sois
890 2302 1089 2363 convenisse.

145 2388 214 2451 Aut
238 2385 280 2452 C.
304 2385 469 2463 Caesaris,
493 2400 547 2449 aut
564 2389 615 2451 M.
635 2387 745 2454 Crassi
760 2390 913 2470 [domum]
929 2387 1098 2473 significat.
1141 2382 1265 2452 Etenim
1280 2407 1369 2448 acer·

55 2478 131 2544 rimi
155 2489 189 2542 et
215 2477 424 2561 potentissimi
451 2480 579 2543 fttcrttnt
602 2480 767 2547 Ciceronis
789 2481 1022 2565 refragatores,
1046 2502 1117 2544 cum
1143 2480 1233 2563 petiit
1254 2500 1369 2543 consu·

55 2571 177 2648 horn,
201 2574 287 2655 quod
309 2571 375 2634 eius
402 2572 433 2635 in
455 2572 522 2636 dies
543 2573 666 2636 civilem
690 2595 834 2638 crescere
857 2574 1038 2660 dignitatern
1060 2573 1366 2638 animadvertebants
1379 2574 1411 2626 2⁰

56 2675 89 2726 et
110 2664 177 2725 boc
196 2661 266 2746 ipae
287 2661 407 2728 Cicero
428 2663 458 2727 in
480 2664 680 2746 expositione
701 2667 905 2732 consiliosum
928 2689 1057 2733 suorum
1079 2668 1246 2751 significat.
1289 2667 1368 2730 Eius

57 2775 189 2840 quoquc
210 2754 453 2832 coniurationis,
480 2778 559 2840 quac
581 2754 678 2821 Cotta
700 2772 731 2822 et
753 2761 920 2845 'l'orquato
942 2760 1124 2825 consulibus
1146 2772 1219 2823 ante
1241 2780 1366 2836 annttm,

59 2869 153 2931 quaro
176 2848 256 2911 baec
277 2846 474 2925 dicerentur,
498 2849 580 2913 lacta
602 2861 648 2913 est
669 2873 687 2915 a
710 2852 847 2918 Catilina
868 2864 900 2917 et
913 2853 1051 2931 Pisone,
1075 2851 1182 2937 arguit
1199 2852 1251 2916 M.
1269 2850 1368 2916 Cras-

59 2959 130 3003 sum
151 2953 313 3004 erectorem
334 2941 443 3006 irrisae.

152 3183 180 3234 1.
197 3176 358 3245 videretur,
383 3187 451 3252 post
472 3196 577 3250 pancos
603 3199 639 3234 nr.
664 3187 694 3233 tn
718 3187 789 3236 conl.
814 3184 878 3238 Cst.
903 3185 973 3251 essa]
1014 3181 1100 3254 bugd.
1119 3178 1198 3235 Man.
1218 3179 1312 3254 Sigon.
1331 3209 1368 3226 -

58 3251 215 3306 matur.
233 3253 284 3304 ssd
296 3272 403 3325 paucos
421 3273 458 3307 m.
477 3260 506 3305 in
524 3261 596 3307 coni.
611 3257 673 3310 cas.
686 3275 747 3308 eum
759 3274 818 3309 esse
831 3260 923 3311 Prino.
937 3285 972 3300 ι·-
985 3256 1147 3322 videretur,
1166 3255 1217 3308 ssd
1227 3267 1255 3307 et
1264 3271 1369 3326 paitcos

58 3346 95 3381 ι.
113 3332 145 3378 in
162 3333 236 3382 coni.
257 3327 320 3381 Cot.
339 3347 399 3379 eum
418 3347 477 3379 csse
494 3329 602 3382 Bertlcl.
621 3359 658 3373 -
676 3331 835 3399 videretur,
851 3340 916 3403 post
933 3349 1038 3401 paitcos
1055 3350 1091 3384 m.
1104 3337 1133 3383 in
1145 3337 1217 3383 coni.
1231 3332 1294 3386 Cat.
1306 3348 1367 3383 essm

60 3421 118 3454 esse
138 3400 202 3456 ΔΜ.
222 3401 289 3455 Lod.
309 3432 343 3445 -
361 3403 521 3468 videretur,
541 3404 591 3455 sed
604 3413 672 3474 post
686 3423 791 3476 paitcos
809 3425 845 3459 m.
864 3412 893 3458 in
912 3411 984 3459 cont.
1002 3407 1066 3461 ees.
1086 3423 1145 3457 esse
1159 3407 1223 3458 Hor.
1237 3408 1315 3457 Creu.
1328 3433 1368 3448 -

59 3475 173 3532 ttattem
194 3491 282 3530 toturn
303 3477 377 3530 bone
397 3480 486 3530 locum
505 3482 546 3532 sic
563 3479 632 3550 legi:
660 3481 775 3533 Cassius
792 3498 894 3551 qnoque
913 3486 990 3532 iners
1007 3499 1041 3531 sc
1059 3480 1178 3533 stolidus
1197 3489 1255 3531 tnm
1274 3487 1366 3547 magis

57 3569 139 3623 Μ
157 3551 298 3620 improbus
315 3551 478 3615 videbatur,
496 3553 547 3604 ssd
561 3562 627 3625 post
641 3573 748 3626 paucos
766 3573 872 3607 menses
889 3561 920 3608 in
937 3562 1128 3608 coniurations
1147 3556 1286 3608 Catilius
1304 3571 1366 3606 ensa
1422 3612 1428 3625 ,

60 3644 119 3679 ssss
136 3632 269 3698 apparuit
288 3643 339 3679 ret.

153 3703 181 3758 5.
198 3719 251 3768 pro
271 3703 315 3771 rc]
344 3705 406 3771 ,An
423 3701 585 3772 ωομεν-ον’
605 3701 658 3757 Oa.
743 3710 769 3761 7.
787 3704 872 3772 solos]
891 3704 978 3757 solum
998 3705 1079 3757 Creo.
1099 3705 1198 3759 Graes.

136 3780 182 3831 to.
201 3778 288 3844 eiqse]
321 3774 406 3846 Lngd.
426 3776 502 3828 Man.
523 3775 617 3848 Sigon.
636 3805 673 3819 -
691 3782 719 3827 ei
735 3793 838 3850 quoqne
858 3786 953 3832 essert.
973 3807 1007 3822 —·
1032 3780 1217 3850 ,Necessario
1240 3779 1366 3831 scriben-

62 3845 127 3902 tum
147 3864 188 3902 est
208 3856 299 3920 eique,-
317 3851 384 3902 nnllt
405 3850 452 3902 slti
473 3854 510 3903 rel
531 3855 710 3904 intercessum
730 3870 788 3906 esse
809 3857 943 3908 Asconius
964 3853 1048 3914 dtxtr;
1066 3868 1094 3906 er
1113 3869 1155 3907 est
1174 3854 1222 3907 bic
1240 3870 1316 3906 error
1335 3857 1364 3908 in

61 3921 138 3976 libris
159 3928 270 3997 seriptis
289 3922 556 3994 frequentissimus.”
584 3926 702 3982 MADV.
743 3924 823 3982 Cani.
844 3927 876 3980 sd
896 3947 924 4001 p.
944 3928 1026 3991 521.
1048 3935 1092 3985 to

135 3997 208 4052 lbld.
227 3999 354 4069 Mucius]
385 3999 495 4051 Mutius
521 4001 614 4055 Prtne.
641 4001 749 4073 ubique.

133 4082 179 4130 ss.
197 4072 279 4142 Tum]
307 4091 367 4125 cum
388 4074 473 4147 Lngd.
494 4073 559 4128 Hot.
579 4074 659 4128 Creo.
1028 4140 1029 4144 Ἰ

135 4152 180 4204 12.
199 4150 356 4214 coitionem]
390 4148 476 4220 bugd.
495 4149 560 4203 llot.
581 4150 655 4201 Man.
680 4150 762 4202 Creo.
789 4177 827 4192 -
850 4153 1006 4203 contIonsm
1024 4149 1116 4203 Princ.
1137 4147 1204 4205 Lod.
1231 4177 1270 4192 -
1293 4168 1364 4203 eon-

61 4226 164 4273 cionsm
185 4221 289 4275 beselel.
312 4223 370 4276 ald.
390 4251 424 4264 -
445 4225 537 4292 „Cum
558 4223 647 4296 paullo
668 4241 730 4277 ante
750 4224 864 4281 dixerit:
895 4231 1019 4276 coierant
1037 4227 1135 4291 ambo,
1155 4234 1187 4277 ast
1207 4226 1364 4278 Ciceronem

60 4297 204 4349 somniatis
223 4295 389 4361 detinerent,
410 4302 517 4368 reposui
537 4303 683 4350 coitionem
703 4317 754 4371 pro
773 4299 958 4352 concionem.”
986 4298 1130 4354 MANUT.

135 4369 206 4423 lbid.
226 4375 356 4442 Antonii]
389 4376 542 4423 Antonium
560 4371 628 4427 Lod.

133 4448 178 4502 sb.
197 4444 434 4513 ENARRATIO]
456 4447 521 4500 llot.
544 4472 580 4489 -
599 4464 654 4501 orn.
670 4447 761 4501 Prlnc.
774 4445 880 4501 Berald.
895 4445 979 4518 bugd.
992 4473 1030 4490 -
1048 4447 1162 4500 Initium
1180 4453 1365 4520 expositionis

60 4517 121 4574 ild.
139 4519 221 4572 Creo.
241 4549 278 4562 -
296 4520 489 4591 &positionis
507 4526 616 4573 initium
637 4522 702 4576 Lod.
722 4551 758 4566 -
778 4523 890 4574 lanitium
908 4526 1093 4593 expositionis
1111 4524 1190 4576 Man.

134 4601 177 4654 18.
200 4599 260 4646 Aut
279 4596 308 4648 C.
330 4596 461 4648 Caesaris
480 4605 530 4648 aus
547 4597 592 4650 M.
611 4596 721 4664 Crassi]
748 4597 843 4649 Crassi
861 4601 983 4663 (omissis
1003 4602 1115 4664 esteris)
1134 4600 1228 4671 Sigon.

132 4667 205 4725 Ibtd.
225 4669 345 4737 domum]
374 4687 426 4722 om.
446 4671 538 4724 Princ.

132 4747 178 4802 19.
195 4753 225 4795 et
241 4747 439 4813 potentissimi]
460 4746 551 4799 Prlnc.
569 4773 607 4789 -
624 4763 658 4798 sc
673 4750 860 4817 potentissimi
877 4750 971 4800 ceteri.

130 4822 177 4878 21.
197 4819 374 4872 consiliorum
391 4821 520 4891 ssorum]
547 4821 642 4876 Prlno.
664 4849 695 4863 -
715 4823 1023 4874 sssornmconsiliornm
1043 4824 1138 4874 ceteri.
