3210 5280
167 139 229 208 scr
256 170 259 177 -
491 143 788 217 senoniasns
811 132 1151 218 anonomsnns

253 283 411 350 laesores
432 284 627 351 οἱιιίταίἰὸιιε
647 288 772 356 Siculis
799 301 862 354 ortt
885 291 921 356 d.
944 301 1006 354 aut
1030 290 1269 374 reddiderunt]
1312 293 1487 358 Marcellus

166 377 297 451 subacta
327 377 527 458 Syracnuana
555 380 683 446 civitate
712 385 787 451 nihii
814 385 965 460 absttslit,
990 383 1101 468 Scipio
1127 385 1265 449 reddidit
1290 387 1486 470 Africanus,

166 468 258 553 quia,
282 492 364 555 quae
387 471 462 536 Afri
484 485 659 554 rapuerunt
680 479 719 541 (le
742 471 869 548 Sicilia,
891 488 967 560 post
988 477 1156 543 victoriam
1179 482 1362 546 revocarit.

249 567 322 630 Aut
341 564 522 646 dederant]
552 567 677 647 idest,
707 572 920 649 donaverant,
944 592 1025 658 quae
1048 594 1206 657 nunquam
1228 576 1428 642 habuerunt.

139 681 155 731 s
249 655 409 745 Affabre]
436 660 633 744 Eleganter.

248 751 406 834 Liberos]
436 754 505 818 Pro
527 754 666 821 filiabus.

246 845 455 926 Petulantia]
487 848 694 915 Temeritate.

248 942 301 1005 15.
323 943 466 1007 Mecum
493 943 751 1027 recognoscere]
787 945 1037 1028 Cognoscimus
1069 966 1171 1021 nora,
1206 950 1487 1032 recognoscimus

162 1045 288 1100 vetera.
324 1091 327 1095 .

119 1143 152 1193 tt
172 1154 185 1179 ν
246 1127 330 1211 Cap.
346 1127 410 1192 vt.
434 1132 503 1195 Iste
516 1132 619 1195 horno
632 1151 750 1195 amens
763 1152 805 1194 ac
814 1131 986 1216 perditus]
1008 1134 1034 1208 †
1047 1130 1111 1214 Qui
1125 1131 1266 1216 prodidit
1281 1145 1333 1200 tot
1341 1157 1352 1211 3
1367 1157 1484 1202 arnens

162 1222 216 1307 qui
239 1223 401 1286 occttltare
427 1223 540 1287 nescit.
856 1239 858 1242 ’

246 1320 387 1381 Mecum
408 1317 543 1381 ratione
560 1316 634 1379 alia
641 1316 792 1401 pugnat]
817 1315 989 1400 Temporis
1004 1318 1342 1402 comperendinatione
1357 1323 1399 1385 ad
1412 1343 1485 1387 cor-

160 1411 366 1492 rumpendum
389 1408 549 1472 iudicium.

248 1503 503 1587 Arrogantium
523 1503 678 1585 nomina]
707 1502 938 1581 Hortensium,
969 1502 1167 1587 Scipionem,
1196 1503 1366 1569 Sisennam
1388 1506 1486 1592 signi·

120 1614 151 1663 ιε
162 1595 260 1673 licat,
276 1596 392 1661 Verris
414 1596 615 1662 defensores.

244 1693 359 1772 Qsmnr
384 1690 566 1766 adiuvant,
590 1688 684 1776 quod
702 1687 777 1752 noti
790 1688 886 1770 sunt]
919 1690 971 1754 Ac
985 1711 1045 1772 per
1058 1690 1122 1754 hoc
1138 1688 1257 1754 invidia
1271 1690 1481 1770 laborabunt,

162 1783 189 1845 si
211 1783 288 1868 quid
308 1781 374 1846 artai
399 1782 518 1845 fuerint
539 1788 651 1848 eontra
673 1781 862 1848 insincere.

245 1876 333 1942 Noti
353 1877 448 1957 sunt]
481 1875 519 1939 ld
541 1889 608 1952 est,
640 1878 681 1939 ab
704 1875 852 1939 omnibus
875 1878 1102 1940 observantur.

242 1970 388 2052 ⁴Nobiles
409 1967 504 2050 sunt]
527 1971 662 2036 Nobiles
681 1989 809 2050 semper
833 1971 872 2031 ad
894 1972 1009 2034 bonam
1036 1990 1136 2050 paene
1160 1980 1285 2052 partem
1310 1971 1483 2054 pertinent.

118 2066 279 2139 anotus
302 2074 404 2125 autern
429 2063 562 2126 maxime
584 2064 714 2131 inclinat
743 2065 783 2124 ad
810 2062 942 2136 malum,
966 2066 1228 2146 quemadmodum
1255 2065 1289 2128 in
1312 2064 1483 2131 Caeliana:

160 2156 285 2222 mulier
306 2177 385 2219 non·
399 2158 512 2220 solum
533 2157 674 2234 nobilis,
698 2160 760 2228 sed
779 2157 884 2221 etiam
906 2169 1001 2221 nota.
1038 2223 1040 2225 ,

245 2249 404 2316 Iamdiu
429 2251 659 2333 machinetur]
689 2254 729 2319 ld
755 2260 822 2324 est,
847 2268 1055 2331 corrumpere
1076 2248 1210 2313 indices.

248 2347 300 2407 io.
324 2344 526 2427 Redemptio
551 2357 602 2408 est
626 2347 730 2410 hstias
753 2340 1006 2433 iudiciisacta]
1037 2343 1166 2417 idest,
1190 2346 1261 2407 data
1285 2355 1334 2407 est
1355 2346 1486 2432 quibus·

162 2439 232 2499 dam
255 2435 408 2520 pecunia,
433 2436 488 2520 qui
515 2459 549 2500 se
571 2453 782 2522 correpturos
809 2458 879 2500 esse
905 2435 1024 2499 iudices
1050 2435 1293 2518 promittebant.

119 2556 152 2606 2⁵
245 2534 301 2596 Ea
326 2530 451 2593 mansit
475 2530 511 2592 in
536 2531 746 2614 condicione]
776 2532 821 2596 Ut
846 2528 873 2593 si
899 2550 962 2592 non
989 2529 1246 2612 corruperimus,
1271 2543 1326 2595 aut
1353 2536 1484 2605 eandem

161 2623 327 2707 pecuniam
351 2635 404 2687 aut
423 2624 608 2706 ampliorem
630 2626 780 2709 recipias.

245 2717 382 2784 ludices
402 2718 521 2781 reiecti
541 2720 635 2801 sunt]
665 2720 704 2783 ln
731 2717 845 2803 quibus
868 2736 940 2797 spes
966 2726 1035 2778 erat
1056 2715 1161 2779 iudicii
1182 2720 1423 2800 corrumpendi.

247 2811 351 2894 Quod
369 2822 403 2874 et
425 2811 461 2874 in
483 2811 665 2876 sortitione
686 2811 788 2877 istius
815 2807 925 2891 spem]
959 2810 1040 2870 Nam
1066 2809 1185 2872 indices
1210 2831 1339 2892 semper
1369 2815 1484 2880 sortie-

161 2905 299 2979 bantur,
327 2917 358 2968 et
381 2903 553 2969 sortitione
567 2905 649 2980 iacta
667 2926 730 2970 non
759 2921 867 2986 opines
892 2899 1090 2978 iudicabant,
1115 2906 1172 2966 sed
1194 2905 1309 2969 electio
1334 2908 1433 2973 tiebat
1454 2921 1485 2973 et

119 3005 151 3058 ³⁰
162 2997 368 3063 eliciebantur
393 3001 433 3062 ab
448 3009 583 3082 utraque
606 3011 811 3082 pariensque
830 2997 869 3057 ad
883 3006 1003 3059 certum
1020 3018 1183 3060 numerum
1197 2997 1366 3079 imparem.
1409 3003 1484 3066 Hoc

161 3092 365 3176 ergo‘dinitc
404 3093 509 3175 quod,
545 3103 578 3156 ut
607 3114 648 3157 cx
679 3104 767 3158 sorte
796 3088 866 3153 veri
896 3087 1017 3154 indices
1045 3093 1208 3165 venirent,
1245 3092 1378 3171 iorqrna
1407 3095 1484 3158 iecit

159 3187 273 3269 populi
295 3186 450 3259 Romani3
486 3185 516 3248 in
543 3180 716 3251 reiectione
743 3204 841 3258 vero,
874 3191 909 3243 nt
937 3183 1044 3248 severi
1069 3208 1132 3250 non
1155 3184 1384 3262 reiicerentur,
1416 3210 1483 3252 mea

159 3279 326 3344 industria.
371 3283 438 3344 Per
452 3278 597 3343 decurias
612 3292 680 3343 erat
695 3290 821 3342 senatus
838 3272 976 3348 divisus3
993 3298 1087 3343 tinam
1104 3279 1263 3342 decuriam
1280 3281 1357 3344 PR.
1375 3282 1479 3356 dabat,

161 3384 196 3435 nt
218 3394 258 3434 ex
282 3375 341 3438 hac
367 3373 487 3440 iudices
511 3373 734 3440 reiicerentur.
778 3373 872 3454 Ergo
898 3367 1029 3433 fortuna
1057 3371 1182 3456 quidem
1205 3374 1319 3454 populi
1346 3373 1481 3439 Romani

118 3466 256 3541 reiecit,
290 3479 325 3530 ut
347 3488 383 3530 ea
407 3466 531 3530 decuria
555 3469 686 3530 daretur
709 3488 727 3529 a
750 3464 842 3537 Pit„
878 3481 956 3545 quae
982 3485 1102 3545 paucos
1127 3467 1236 3530 habirit
1259 3469 1379 3544 malos;
1414 3488 1480 3531 mea

161 3570 264 3623 autern
287 3559 447 3644 diligentia
470 3559 565 3634 iecit,
590 3572 623 3622 ut
645 3559 793 3623 meliores
816 3553 1026 3638 eligerentur.

244 3654 457 3720 denuntiata
477 3666 528 3717 est
555 3665 630 3716 tota
651 3649 849 3734 conductio]
883 3647 1074 3735 Redemptio
1105 3654 1327 3737 corruptelae,
1359 3654 1477 3732 idest,

160 3759 340 3831 sequestres
362 3746 511 3829 pernicies
534 3747 749 3811 reddiderunt.

245 3843 297 3909 ll.
320 3843 502 3906 Praeclare
525 3863 562 3903 se
583 3841 654 3921 res]
686 3841 796 3916 Bene,
820 3842 1000 3905 commode.

117 3943 149 3994 tt
244 3934 366 4002 Liberti
379 3934 557 3999 nominum
571 3932 617 4015 υ.]
642 3931 777 3998 Nomina
791 3931 926 3995 indicum
942 3932 1023 4015 apud
1039 3941 1242 4016 quaestorem
1265 3933 1477 4014 ponebantur,

159 4038 190 4090 ct
212 4027 380 4111 aliqnando
404 4027 568 4111 quaesitor
589 4039 760 4109 corruptus
784 4027 910 4091 nomina
926 4047 988 4109 pro
1009 4024 1190 4090 nominibus
1211 4024 1395 4105 inserebat,
1418 4028 1478 4088 hoc

157 4126 501 4147 -w—-u—-u

233 4169 261 4223 5.
282 4178 319 4219 ω
338 4167 498 4230 reportavit
519 4162 584 4217 Scin.
631 4161 873 4226 dilaniaverunt,
901 4179 927 4230 q.
956 4176 985 4215 n.
1011 4158 1164 4213 debuerant
1188 4157 1255 4212 Sch.
1295 4168 1340 4219 ιο.
1361 4159 1427 4214 Scia.
1445 4157 1477 4213 ds

158 4238 270 4292 Graevii
291 4242 382 4297 coni:
402 4235 541 4311 perditus]
558 4236 702 4307 perditur,
722 4242 769 4307 qni
782 4242 869 4308 periit
890 4244 985 4296 tornac
1026 4236 1166 4286 ccersltars
1186 4233 1256 4288 eod.
1278 4249 1294 4287 a
1314 4252 1370 4291 see.
1391 4253 1429 4292 m.
1455 4240 1477 4289 d

158 4319 247 4387 prima
267 4310 385 4385 actare).
426 4319 471 4370 20.
492 4313 521 4368 F.
541 4312 581 4364 ad
596 4313 701 4366 malam
721 4329 760 4365 sc.
781 4327 895 4384 partem.
915 4312 970 4364 Oa.
1027 4307 1475 4365 bid.Sicde1ac.Gronoriiet

158 4393 252 4442 (iasar.
281 4392 356 4444 coni.
384 4385 457 4441 dedi.
484 4391 574 4441 (lateri
602 4388 772 4440 Caeciliana.
823 4387 950 4456 „Contra
977 4384 1103 4443 Donatus
1129 4389 1158 4438 io
1178 4383 1243 4440 Ter.
1265 4381 1382 4456 Adelph.
1405 4389 1424 4441 Ι.
1443 4391 1474 4452 9,

157 4469 202 4522 21.
242 4463 364 4516 Caelium
385 4461 467 4516 habet
488 4480 537 4535 pro
557 4461 689 4518 Caecilio.
728 4462 820 4531 Turpe
841 4466 895 4514 iam
916 4475 957 4514 eat
979 4460 1045 4513 talla
1065 4459 1237 4535 σφάλματα
1249 4458 1429 4514 librariorum
1447 4465 1475 4514 in

159 4555 233 4595 tento
253 4537 416 4608 relinquere.
445 4536 558 4594 Gerar.
596 4542 642 4596 50.
663 4539 735 4593 Fort.
755 4538 962 4591 reiieiebantnr.
982 4536 1036 4590 Oa.
1078 4539 1122 4594 51.
1143 4537 1341 4600 larameri,
1363 4552 1474 4590 armos.

157 4615 210 4672 Oa·
249 4617 296 4677 58.
317 4616 484 4682 sequestres]
506 4629 556 4686 pro
576 4622 717 4684 equestres
736 4610 798 4675 dedi
818 4611 852 4668 de
865 4614 1000 4668 Gronovii
1014 4627 1042 4665 ct
1056 4609 1205 4666 Garatonii
1218 4617 1405 4667 cormaricus.
1424 4611 1475 4666 Oa.

156 4689 202 4748 lo.
222 4688 292 4764 Lege
312 4692 507 4759 praeteritorem.
534 4686 588 4743 Oa.
