3210 5280
207 215 270 285 ddi)
628 219 835 286 SCHOLIA
856 218 1108 284 BOBIENSIA

292 363 368 425 Hoc
381 359 413 424 in
436 360 617 433 narratione
637 360 834 425 Milonianae
848 359 1040 424 defensionis
1057 358 1181 443 plenius
1196 358 1352 432 ostendit,
1378 355 1536 424 Clodium

207 455 379 539 petitorem
407 456 506 520 tuisse
531 468 719 538 praeturae:
750 477 909 540 quatumque
935 455 1204 517 animadverteret
1230 452 1357 516 comitia
1390 473 1456 514 non
1489 451 1537 515 sic

207 553 404 632 procedere,
427 561 462 612 ut
485 549 549 612 kal.
566 548 722 612 Ianuariis
739 559 848 630 posset
870 547 948 610 inire
970 558 1170 630 praeturam,
1196 547 1341 609 maluisse
1364 544 1535 608 desinere¹

208 664 225 704 a
249 642 415 724 petitione.
459 643 535 706 Hoc
559 663 639 724 ergo
663 641 787 704 Tattius
813 641 962 722 arripuit,
988 642 1134 705 omnibus
1155 662 1223 703 esse
1247 640 1420 714 miraculo,
1446 642 1539 723 quod

181 742 270 798 ⁵noa
293 735 420 798 differat
440 735 531 810 etiam
554 732 712 818 praesenti
734 757 817 799 auno
839 734 1044 819 petitionem,
1077 738 1165 818 quod
1193 735 1253 797 iam
1281 734 1377 797 semel
1402 731 1537 805 fecerit.

208 827 363 915 Solebant
385 839 486 890 autern
513 827 657 909 impediri
687 828 813 892 comitia
836 851 895 911 per
917 827 1144 893 dissensionem
1169 829 1426 913 magistratuum.

284 952 350 1025 lv.
378 945 414 1025 1.
440 951 520 1026 Neo
548 954 723 1052 suffragia
752 954 877 1048 dabis,
905 956 1038 1052 quibus
1066 963 1245 1028 ostentas.

291 1068 512 1138 Comminatur
535 1072 586 1133 et²
609 1071 771 1134 denuntiat
792 1093 826 1134 se
852 1072 1028 1134 actionibus
1054 1071 1120 1134 eius
1143 1071 1358 1133 adversarium
1384 1070 1538 1134 initiarum

206 1184 266 1227 nec
281 1163 312 1225 in
329 1163 518 1246 legationem
534 1186 604 1226 cum
622 1166 779 1246 Pompeio
795 1167 1018 1229 discessurum.
1044 1168 1184 1228 Laturus
1200 1179 1302 1228 atatem
1316 1170 1354 1228 de
1370 1167 1539 1248 suffragio

165 1250 425 1321 astinenum-um
450 1261 492 1324 P.
516 1257 651 1323 Clodius
673 1262 774 1344 legem
796 1258 982 1335 videbatur,
1007 1271 1042 1321 ut
1062 1261 1087 1334 †
1110 1269 1141 1322 et
1167 1260 1299 1322 istorum
1324 1259 1356 1322 in
1376 1262 1538 1344 censum³

205 1351 379 1435 aequaliter
404 1351 601 1433 perveniret.

281 1471 318 1549 2.
345 1475 425 1550 Nec
451 1501 542 1550 vero
568 1476 667 1549 illam
695 1476 874 1549 nefariam
901 1478 1123 1551 libertatem.

290 1590 465 1681 Saffingii
485 1592 610 1656 scilicet
632 1593 887 1671 libertinorum,
911 1596 1009 1657 cuites
1032 1595 1110 1679 tegis
1133 1593 1250 1656 mentio
1269 1593 1304 1654 tit
1324 1593 1356 1655 iu
1379 1593 1538 1658 oratioue

201 1707 287 1771 quac
318 1687 424 1749 habita
450 1699 498 1751 est
528 1709 587 1768 pro
622 1687 768 1750 Milone:
806 1698 924 1772 „atquc
957 1689 1124 1769 perniciei
1149 1698 1334 1751 nostrorum
1369 1687 1534 1750 omnium.

163 1781 308 1860 miton
328 1782 430 1844 audeo
450 1792 552 1844 totum
576 1778 694 1856 dicere.
737 1778 875 1856 Videte,
899 1781 974 1864 qiud
996 1802 1030 1844 ea
1056 1780 1142 1843 vitii⁵
1165 1781 1218 1842 icx
1240 1781 1385 1842 habitura
1410 1778 1537 1856 scierit,

205 1872 318 1947 „cuius
338 1873 518 1957 periculosa
539 1874 632 1936 enan
655 1874 865 1955 reprehensio
887 1876 970 1938 est.”
1015 1874 1138 1957 Opinio
1153 1885 1222 1936 erat
1237 1874 1338 1957 legem
1366 1916 1375 1935 .
1402 1917 1413 1935 .
1438 1895 1540 1956 prae-

204 1976 275 2030 tura
300 2008 309 2030 .
334 2009 345 2029 .
367 1987 441 2029 seru
466 2009 476 2031 .
501 2011 512 2031 .
533 1979 566 2031 te
590 2011 599 2031 .
624 2011 634 2032 .
658 1968 672 2008 ⁶
693 1967 819 2031 tiaran.

280 2085 318 2166 3.
346 2090 439 2192 Quis
465 2117 541 2166 nou
567 2094 777 2167 meminerit
802 2094 999 2191 pueritiam
1025 2087 1155 2166 tuam?

289 2210 526 2293 iuterrogatio
548 2210 726 2293 asperitatis
752 2210 951 2296 invidiaeque
980 2211 1177 2292 plenissima,
1213 2231 1283 2273 cum
1311 2207 1537 2292 descriptione

162 2300 381 2386 nopersonae',
412 2327 473 2389 qua
498 2325 604 2367 mores
628 2303 694 2368 eius
717 2304 888 2377 illuminat,
919 2326 1013 2387 quem
1036 2303 1220 2387 nonmagis
1244 2303 1347 2365 timeri
1378 2317 1539 2385 oporteat

204 2417 298 2479 quam
320 2396 440 2477 despici
463 2409 512 2462 tot
535 2397 684 2461 vitiorum
706 2397 911 2461 foeditatibus
934 2396 1142 2481 inquinatum.
1188 2395 1305 2461 Cetera
1335 2397 1388 2458 hic
1417 2399 1536 2481 expla-

204 2493 307 2554 nanda
329 2511 393 2554 non
414 2503 506 2570 sunt,
542 2512 623 2578 quae
644 2491 719 2555 satis
740 2491 773 2554 in
796 2491 1058 2572 praecedentibus
1081 2490 1230 2554 diximus.

281 2609 318 2689 lt.
346 2616 487 2689 Iterum
514 2641 535 2689 a
560 2619 693 2715 piratis
719 2615 961 2714 redemptum.
1015 2616 1097 2715 Quo
1124 2618 1219 2689 euim
1239 2618 1386 2689 nomine
1406 2617 1537 2715 appel·

204 2720 277 2800 lem
305 2749 389 2821 eos,
417 2729 481 2825 qui
507 2737 542 2801 te
568 2732 691 2826 pretio
718 2738 872 2826 accepto
898 2723 1185 2802 liberaverunt?

161 2870 193 2921 25
291 2844 456 2928 Significat
477 2844 596 2909 iudices
619 2866 695 2921 eos,
719 2845 773 2930 qui
794 2857 922 2928 accepta
944 2846 1076 2929 pecunia
1099 2868 1186 2908 reum
1211 2847 1249 2908 dc
1271 2846 1392 2910 incesto
1419 2849 1534 2912 absoi·

205 2945 323 3002 verant‘
340 2937 507 3015 Clodium,
532 2951 566 3002 ut
588 2951 621 3003 et
639 2934 702 3023 ipsi
723 2940 849 3021 piratae
873 2984 882 3004 .
908 2983 917 3004 .
942 2982 952 3003 .

463 3040 765 3144 [Desiderantar
782 3046 956 3153 paginae
980 3046 1115 3119 saliem
1141 3040 1266 3144 duae]

208 3183 1521 3200 *Μὴ-Φ...

259 3248 300 3295 ,1.
318 3250 433 3295 Fortasse
461 3246 594 3292 desistere.
631 3246 679 3292 Oa.
725 3244 751 3292 2.
769 3246 852 3292 Codex
875 3247 1040 3291 cacuminatur
1064 3261 1091 3291 ae
1114 3253 1138 3292 et
1160 3245 1290 3294 denuntiat
1312 3251 1454 3296 actionibus
1473 3254 1532 3299 siaa

341 3323 389 3363 eet.
436 3313 461 3362 3.
481 3317 598 3374 Quoniam
617 3317 689 3368 rerba
708 3316 814 3362 istorum
835 3317 863 3361 ira
887 3330 989 3361 censam
1014 3318 1097 3371 (immo
1116 3318 1188 3362 etiarn
1204 3321 1356 3375 perveniret)
1380 3322 1468 3366 dubiae
1492 3324 1532 3368 ie-

343 3377 430 3432 ctiaiiis
443 3392 510 3441 aunt,
532 3388 568 3432 itt.
582 3385 613 3435 tt.
633 3385 737 3431 malebat
750 3380 859 3431 scribere
871 3386 919 3431 iate
931 3384 1008 3440 ordo;
1027 3390 1055 3431 de
1071 3389 1171 3445 reliquis
1190 3389 1312 3433 haerebat.
1351 3387 1375 3434 i.
1396 3392 1422 3435 lu
1437 3395 1529 3437 Codice

342 3455 449 3516 tegebarn
463 3470 513 3514 per
531 3485 539 3500 .
561 3485 568 3501 .
590 3489 597 3503 .
618 3485 625 3501 .
644 3455 675 3500 de
691 3461 834 3501 nostrorum
853 3461 898 3501 ret.
918 3457 1002 3500 reticio
1021 3458 1100 3511 spatio
1119 3459 1219 3501 duorum
1240 3459 1314 3502 terme
1336 3461 1529 3510 vocabulorum:

270 3546 273 3551 ·
344 3527 406 3583 qnod
434 3526 469 3570 aie
496 3527 651 3594 expiandum,
681 3530 706 3569 et
735 3526 770 3570 aie
797 3527 875 3569 iocum
908 3526 1120 3583 interpungendum
1148 3529 1342 3572 coniecturaliter
1369 3532 1468 3585 putabat
1497 3533 1529 3577 Ν.

344 3594 369 3643 i·
389 3596 449 3641 eoa.
469 3595 520 3640 itii.
558 3592 583 3641 6.
603 3594 721 3653 Quattuor
739 3595 872 3641 rersieuioa
890 3595 935 3640 bae
953 3596 1050 3640 iacnaae
1070 3598 1093 3641 iu
1112 3596 1200 3642 Codice
1219 3604 1343 3654 occupant.

299 3715 485 3775 1.c=.tx.
590 3711 596 3726 '

211 3826 218 3842 .
281 3794 326 3850 tt.
346 3734 495 3862 Seduentia
516 3788 661 3843 Ciceronis
682 3788 767 3856 'vernn
795 3804 904 3864 sumpta
924 3806 983 3846 ease
1003 3808 1036 3842 ex
1057 3806 1134 3864 parte
1154 3790 1295 3865 deperdita
1316 3797 1453 3848 orationis
1477 3813 1530 3868 pro

204 3864 313 3920 Miioue
339 3871 471 3919 connisos
499 3879 541 3920 est
571 3864 758 3920 demonstrare
784 3883 872 3937 nuper
897 3871 939 3920 vir
968 3864 1003 3921 cl.
1033 3874 1065 3923 d.
1096 3869 1246 3940 i’eyronioa
1272 3873 1300 3922 in
1326 3867 1451 3923 editione
1478 3888 1529 3926 ena

203 3939 362 4014 praedictae
382 3945 518 3995 orationis
537 3940 709 3995 Miloniaaae
730 3959 757 4014 p.
778 3947 841 4002 227.
860 3958 901 4015 aq.
1095 3979 1103 3992 .
1535 3989 1537 3993 ,

277 4019 324 4074 23.
344 4016 444 4071 Narrat
463 4019 518 4072 Dio
543 4015 593 4070 lib.
620 4016 738 4072 XXXV.
766 4020 811 4073 27.
836 4016 871 4069 ad
897 4014 973 4069 urbis
1001 4032 1103 4068 annom
1130 4017 1350 4071 Dctxxxvtt.
1378 4017 1529 4088 Clodium,

203 4107 288 4161 qnam
314 4089 469 4164 praefectus
497 4106 569 4145 esset
594 4089 676 4144 clarat
703 4095 730 4143 in
759 4091 858 4145 Cilicia
884 4107 899 4144 a
925 4091 1034 4144 Marcio
1060 4095 1118 4142 eina
1139 4097 1243 4145 sorotis
1264 4097 1341 4154 viro,
1374 4109 1489 4166 captum
1512 4115 1528 4148 a

203 4170 301 4239 piratis
321 4165 416 4221 inisse.
455 4166 522 4220 Vide
541 4166 660 4219 eundem
681 4169 800 4221 Dionem
820 4165 870 4222 lib.
892 4185 999 4240 quoque
1019 4167 1184 4220 xxxviii.
1206 4171 1252 4225 30.
1275 4170 1309 4236 Q.
1331 4183 1425 4221 autem
1448 4173 1528 4224 Mar.

202 4245 263 4294 cios
283 4243 338 4295 ties
357 4242 404 4296 ille
423 4258 482 4308 eet,
513 4247 590 4296 cotos
618 4246 789 4295 mensionem
814 4241 883 4296 iecit
910 4244 1010 4296 Cicero
1030 4245 1057 4293 io
1085 4247 1211 4295 oratione
1230 4242 1358 4295 adversus
1385 4244 1528 4301 Clodium.

202 4316 272 4370 Eam
291 4322 484 4389 captivitatem
499 4318 599 4373 clodio
614 4315 713 4370 obticis
726 4317 832 4372 'l’ntliue
851 4322 935 4371 esiam
949 4319 983 4370 de
1003 4319 1111 4388 barusp.
1127 4334 1198 4390 resp.
1220 4320 1300 4382 ΧΧ..
1321 4337 1375 4390 quo
1396 4324 1426 4372 in
1447 4323 1529 4390 ioco,

203 4407 317 4464 prorsus
336 4408 366 4445 nt
386 4397 463 4458 heic,
490 4391 524 4444 ab
544 4399 601 4446 eiua
622 4398 757 4465 pueritiae
777 4397 853 4447 viriis
873 4392 907 4447 ad
928 4395 999 4446 banc
1021 4393 1181 4465 probrosam
1202 4399 1390 4465 captivitatem
1413 4415 1530 4469 progre-

202 4465 294 4519 ditur:
327 4473 374 4539 qai
396 4478 463 4539 port
485 4475 581 4538 patris
606 4477 723 4521 mortem
745 4469 972 4538 primam-iilam
1000 4469 1155 4520 aetatulam
1182 4488 1263 4520 sitam
1291 4469 1331 4520 ad
1360 4489 1528 4526 screrraram

201 4543 368 4612 locupletum
393 4544 522 4596 libidines
546 4545 662 4596 detratit:
690 4561 805 4614 qraorram
833 4551 1050 4616 intemperantia
1078 4546 1205 4613 expleta,
1237 4550 1266 4596 iu
1293 4544 1455 4598 domesticis
1482 4559 1528 4602 est

201 4623 404 4687 germanitatis
421 4625 529 4687 stupris
547 4621 709 4673 votneans:
727 4617 825 4670 deinde
843 4626 901 4673 iana
920 4619 1051 4672 robustus
1066 4625 1230 4689 provinciae
1249 4638 1279 4671 se
1297 4639 1332 4672 ac
1351 4627 1394 4672 rei
1406 4625 1528 4676 militari

202 4691 296 4757 dedit,
325 4700 408 4762 atque
436 4695 475 4747 idi
491 4701 653 4763 piratarum
672 4694 852 4751 mmmdcc
868 4713 1033 4770 perperam,
1065 4700 1149 4748 etiam
1169 4697 1285 4751 Ciiicurn
1303 4696 1435 4752 libidines
1451 4701 1527 4752 bar·

202 4767 385 4840 berarmaque
404 4775 535 4826 smiavit.
