3210 5280
433 248 482 315 lu
504 247 612 318 Aen.
635 247 666 312 t.
688 248 736 312 tu
762 253 801 315 o.
824 200 1064 310 veneunt·
1304 243 1363 306 sos

141 390 187 466 (§.
212 389 279 463 ts.)
301 386 467 471 Proponit
491 391 607 453 iunnin
634 389 718 466 milri
742 383 941 466 nobilitatis]
984 382 1028 449 Ut
1055 380 1204 447 Curionis
1230 392 1261 444 et
1290 383 1365 445 Mc·

56 483 206 546 tellorum
229 485 341 559 trium,
366 483 534 546 Hortensii
559 492 591 546 ct
614 477 788 561 Scipionis:
822 477 854 540 bi
888 477 970 540 enim
991 475 1091 540 Verri
1121 476 1224 559 palam
1249 477 1365 538 striira·
1395 509 1403 525 x

57 582 234 661 gabantur.
1017 628 1020 633 .
1051 634 1057 647 ,

135 665 242 732 Aliud
259 668 345 752 quid
362 672 432 732 inm
453 669 512 733 diu
533 664 756 748 machinetur]
800 665 992 730 Ditstionem
1015 663 1221 729 accusationis
1243 674 1273 726 et
1291 683 1366 727 cor·

54 756 235 841 ruptionem
258 759 376 823 iudicii.
1376 777 1390 827 ⁵

140 856 185 929 (§.
211 843 278 932 tt.)
300 851 488 936 Redemptio
510 863 557 919 est
569 853 671 916 buius
691 848 944 933 iudiciisnctn]
988 847 1042 912 Sic
1056 847 1179 932 quidum
1196 847 1363 931 occipiunt,

55 943 148 1028 quasi
173 947 236 1009 boc
260 946 343 1009 dicat
368 945 503 1010 Cicero:
541 942 695 1024 Corrupti
727 953 798 1004 sunt
828 942 880 1006 isti
909 941 1038 1006 iudices.
1082 944 1155 1005 Non
1182 943 1244 1006 boc
1271 941 1379 1017 dicit,¹

56 1038 112 1098 sed
141 1035 186 1100 ait
211 1040 346 1101 artifices
376 1039 528 1122 quosdam
561 1038 862 1118 corrumpendorusu
891 1035 1025 1098 issdicum
1056 1046 1169 1117 pactos
1194 1055 1262 1098 esse
1295 1055 1365 1097 cum

56 1130 164 1193 Verre
197 1142 229 1193 et
256 1132 425 1195 redemisse
457 1129 554 1193 semel
579 1151 702 1194 omnem
727 1127 984 1211 procurationem
1012 1129 1117 1192 indicii
1144 1125 1366 1210 corrumpendi

57 1242 117 1285 suo
140 1224 283 1303 ocriculo
306 1225 575 1307 absolutionisque
599 1223 815 1305 praestandae.
1377 1235 1408 1286 tt

140 1317 193 1380 Eu
216 1321 340 1380 mansit
363 1321 397 1380 iu
410 1315 601 1380 conditione
614 1324 717 1398 utque
737 1312 871 1396 pnctol.
900 1312 965 1387 Hic
979 1325 1028 1377 est
1040 1334 1168 1377 sensus:
1191 1311 1241 1376 De
1256 1326 1363 1395 pacto,

56 1408 176 1493 inquit,
202 1420 233 1472 et
256 1407 464 1490 promissione
487 1409 511 1480 †
533 1426 597 1467 non
621 1405 774 1468 iudicum:
797 1409 853 1469 sed
875 1419 1041 1492 postquam
1064 1407 1172 1471 reiecti
1195 1419 1266 1469 stunt
1287 1407 1366 1469 iudi·

58 1523 131 1579 ces,
156 1500 315 1583 displicuit
336 1513 437 1564 totum
460 1499 621 1584 negotium
643 1500 891 1582 redemptoribus
907 1512 938 1563 et
952 1500 1141 1564 resiluerunt
1154 1521 1173 1562 a
1186 1501 1366 1564 conditione

58 1617 96 1658 ac
117 1605 226 1678 pacto.
439 1651 440 1655 ,

142 1687 356 1751 lienuuciutn
377 1694 424 1750 est
444 1693 519 1749 totu
538 1682 702 1766 conditio]
745 1682 957 1749 Renunciatio
985 1684 1101 1750 dicitur
1121 1685 1277 1752 recusatio
1300 1684 1366 1751 eius
1378 1703 1407 1752 st

56 1780 122 1855 rei,
148 1796 229 1862 quae
252 1775 282 1836 in
305 1788 399 1857 pacto
426 1786 458 1838 et
480 1774 690 1857 prositissioue
712 1792 916 1842 convenerat.

145 1876 189 1950 (§.
215 1871 253 1933 17
259 1871 282 1947 .)
305 1868 428 1933 bibetis·
445 1871 619 1931 nominum
640 1869 836 1952 vestrorum]
881 1870 987 1935 Moris
1002 1883 1086 1949 erat,
1110 1873 1267 1936 celebrate
1286 1871 1367 1960 iudi·

57 1987 128 2028 essm
157 1962 331 2026 reiectione
357 1972 387 2023 et
416 1958 527 2023 baberi
552 1958 582 2020 in
606 1959 710 2024 officio
735 1965 891 2044 prsetoris
915 1977 945 2027 et
965 1965 996 2028 in
1018 1986 1093 2029 arca
1112 1968 1227 2048 reponi
1242 1966 1366 2030 nomina

57 2058 193 2122 iudicum
217 2055 424 2118 delectorum.
468 2050 615 2115 Reiectio
641 2065 741 2116 austeus
763 2054 882 2119 idcirco
908 2057 1041 2135 dicitur,
1076 2058 1165 2144 quia,
1189 2081 1259 2121 cum
1280 2057 1367 2121 multi

58 2150 178 2215 iudices
209 2150 238 2211 in
265 2147 427 2219 consilium
454 2165 471 2206 n
496 2155 645 2226 praetore
674 2166 733 2209 suo
765 2149 939 2211 advocandi
973 2160 1095 2226 essent,
1130 2149 1184 2234 qui
1216 2163 1366 2233 quaestor
1377 2159 1408 2207 to

57 2241 171 2306 inisset
197 2243 226 2304 in
250 2241 376 2323 publica
399 2259 512 2312 caussa,
536 2236 627 2300 verbi
648 2237 746 2322 gretia
762 2244 1022 2321 repetundarum,
1047 2243 1198 2318 ambitus,
1223 2242 1366 2305 maiesta-

59 2336 118 2411 tis,
153 2354 280 2397 necessc
308 2333 413 2396 iuerat
438 2351 494 2395 eos
518 2328 652 2412 primum
681 2333 719 2393 de
749 2333 872 2395 decttria
901 2334 1058 2399 senatoria
1080 2336 1261 2410 conscribi,
1295 2356 1365 2397 cum

155 2556 182 2603 ι.
204 2545 249 2613 ut]
277 2561 310 2594 ns
331 2543 421 2594 Ptine.
501 2544 528 2595 2.
547 2540 740 2611 Metellorum]
762 2539 827 2595 Lod.
841 2555 868 2594 et
882 2559 955 2613 seqq.
975 2571 1012 2588 --
1031 2542 1232 2596 Marcellorum
1251 2548 1365 2616 priores.
1401 2538 1407 2543 ’

153 2621 181 2677 b.
198 2618 265 2690 quid
281 2622 337 2667 iam
356 2616 415 2683 diss]
443 2617 536 2667 Ptine.
554 2614 661 2668 Beseld.
686 2614 749 2668 ΔΜ.
774 2632 837 2671 cum
863 2616 972 2670 Graevii
998 2618 1061 2671 MS.
1091 2646 1127 2661 -
1153 2619 1282 2689 qssisldnm
1307 2623 1366 2670 inm

58 2697 106 2748 tiu
126 2693 192 2747 Lod.
216 2722 247 2734 -
269 2690 400 2762 quiddam
419 2690 467 2741 diu
486 2687 572 2759 Luqd.
597 2690 663 2743 Hos.
693 2692 768 2742 biso.
795 2692 876 2744 Cren.
907 2719 945 2734 —-
977 2692 1024 2746 Sic
1051 2708 1081 2746 ot
1105 2709 1156 2746 nos
1183 2697 1212 2746 iu
1243 2693 1366 2746 Pseudo-

58 2773 180 2826 ttseonio
199 2766 335 2819 edidimus
355 2771 459 2837 optima
479 2767 642 2817 suctosissse
662 2762 755 2830 duret,
775 2768 802 2818 in
818 2766 953 2821 Cicerone
971 2766 1116 2840 legendum
1134 2786 1193 2822 esse
1206 2771 1365 2822 coniectura

58 2860 199 2900 emensus
219 2857 259 2895 est
279 2842 436 2893 Ernestius:
458 2842 502 2892 cut
523 2855 605 2891 nemo
624 2839 713 2891 adhuc
732 2840 937 2913 obtemperavit.

150 2922 178 2976 9.
197 2917 344 2968 redemisse
362 2915 460 2982 semel]
481 2913 626 2964 redemisse
644 2931 672 2964 se
691 2915 776 2965 semel
792 2915 899 2969 Beseld.
919 2917 985 2973 Lod.
1166 2968 1170 2974 ,

134 3003 179 3051 11.
197 2991 367 3056 conditione]
389 2988 449 3044 utd.
470 3005 497 3041 es
516 3005 592 3058 seqq.
612 3016 646 3030 ·-
666 2994 794 3040 contione
814 2991 905 3043 Petne.
927 3020 961 3034 -
979 2996 1107 3044 cenetens
1126 2988 1235 3046 Bemld.

134 3066 207 3123 ibid.
225 3065 258 3116 de
274 3069 371 3136 pacto]
391 3062 457 3116 ted.
477 3079 503 3114 et
523 3080 597 3134 seqq.
617 3086 653 3101 -
671 3061 705 3113 de
720 3064 828 3133 pnicito
847 3067 938 3118 Ptine.
957 3093 992 3109 ·-
1013 3066 1047 3118 eie
1062 3068 1168 3137 placito
1181 3061 1289 3118 Berstd.
1305 3061 1365 3121 ild.

135 3149 179 3201 12.
196 3145 379 3212 promissione
397 3156 452 3188 non
471 3136 606 3188 indicum:
631 3136 696 3206 sed]
726 3136 772 3190 sie
792 3153 919 3212 corrupte
941 3142 1028 3194 Prisc.
1047 3140 1157 3196 Bessld,
1188 3168 1218 3181 ·—
1237 3143 1364 3207 promis·

58 3225 136 3273 sione
154 3216 293 3268 indicum:
311 3213 361 3265 sed
377 3211 439 3268 Δία.
459 3211 526 3264 Lod.
545 3211 631 3279 Lugd.
644 3212 721 3264 Mun.
733 3239 770 3254 -
779 3219 962 3284 promissione
974 3215 1234 3286 corrumpendorum
1246 3213 1364 3264 trulieum

58 3300 177 3348 nonest
196 3305 349 3342 recessum:
367 3286 418 3340 sed
436 3289 500 3340 iios.
521 3286 602 3339 Creo.
627 3315 661 3330 ·-
686 3293 887 3356 ,promissione
906 3291 1035 3358 tritticum]
1063 3290 1140 3344 Nihil
1159 3306 1296 3342 mutatum
1315 3306 1365 3344 est.

59 3370 173 3422 Videtur
193 3380 239 3417 tut
257 3364 308 3416 lsoe
328 3363 437 3426 deesse,
456 3376 502 3412 tut
522 3359 678 3414 huiusmodl
698 3363 865 3434 quippitrn.‘'
899 3364 1041 3419 MANUT.

132 3446 177 3500 15.
198 3437 378 3509 resiluerunt]
397 3437 489 3490 Ptine.
507 3435 570 3489 Ber.
589 3434 651 3490 Ald.
672 3433 736 3488 ted.
758 3463 793 3481 -ο
812 3439 973 3489 resilierunt
993 3437 1078 3512 and.
1097 3440 1162 3494 ssot.
1183 3440 1261 3492 Mun.
1282 3438 1364 3493 cren.

133 3520 178 3572 ss.
197 3533 231 3566 cc
246 3515 344 3584 pacto]
366 3514 432 3563 lod.
453 3526 480 3563 es
500 3527 574 3580 seqq.
597 3541 627 3552 -
649 3528 683 3561 ac
698 3510 806 3580 placito
826 3517 941 3584 priores.

133 3594 178 3647 15.
196 3589 331 3654 conditio]
362 3586 452 3640 Petne.
469 3585 578 3638 Berald.
598 3583 656 3640 tid.
676 3585 743 3640 Lod.
767 3615 803 3629 -
823 3588 969 3640 condustio
988 3587 1076 3658 Logd.
1095 3589 1161 3643 llos.
1183 3588 1261 3642 Mun.
1281 3588 1363 3640 Creo.

54 3682 121 3720 cnm
142 3663 305 3735 quibusdam
325 3661 401 3714 edlu.
422 3661 573 3713 Ciceronis.

137 3743 180 3797 16.
199 3750 229 3790 tn
245 3746 332 3806 pacto
351 3743 378 3787 et
392 3739 589 3806 promissione]
612 3732 679 3787 Lod.
691 3763 727 3777 -
740 3740 770 3787 in
786 3737 892 3806 placito
910 3745 938 3789 et
955 3741 1138 3807 promissione
1152 3738 1243 3791 Ptine.
1258 3736 1363 3792 Bersld.

56 3814 119 3872 ΔΜ.
138 3843 174 3857 -
192 3819 351 3883 inpactum
371 3819 399 3860 et
413 3815 625 3881 promissionem
644 3808 730 3881 Lugd.
749 3812 813 3865 llos.
833 3813 910 3865 Man.
929 3812 1011 3867 Creu.

133 3887 405 3956 istimaverunt]
435 3884 481 3937 Sic
501 3888 609 3956 scripsi.
646 3884 796 3955 legebatur
814 3896 940 3941 venerat.

134 3970 178 4021 18.
196 3967 225 4013 tu
243 3960 358 4035 officio]
388 3964 429 4027 „i.
448 3977 472 4014 e.
491 3964 522 4011 in
542 3962 637 4024 Actis,
658 3974 726 4030 quae
745 3961 911 4034 significatio
930 3977 990 4018 sno.
1008 3959 1104 4033 officit
1121 3963 1224 4034 psssim
1242 3964 1362 4015 occurrit

58 4043 88 4094 ln
107 4037 254 4110 Digestis.n
275 4034 451 4089 scutum.

136 4117 179 4169 19.
198 4111 378 4179 delectorum]
409 4111 500 4162 Ptine.
519 4106 627 4165 Bersld.
646 4107 707 4162 tid.
730 4135 761 4150 -·
782 4110 945 4161 selectorum
964 4107 1030 4162 Lod.
1051 4124 1077 4162 et
1096 4125 1170 4181 seqq.

133 4191 226 4244 20.ιά
245 4186 388 4240 sensilium
407 4204 425 4235 a
440 4194 573 4255 praetore
591 4201 641 4235 suo
659 4183 833 4254 advocandi]
864 4184 930 4237 tot.
958 4210 995 4224 —
1022 4188 1052 4234 in
1071 4185 1214 4236 eonsilium
1230 4190 1362 4254 praetore

58 4282 109 4317 ssso
129 4261 271 4313 iudicandi
291 4261 382 4312 Ptine.
403 4258 508 4313 ser-tt.
536 4286 572 4301 -
600 4263 628 4309 in
647 4258 789 4311 consilium
804 4269 938 4328 praetore
957 4277 1006 4310 suo
1025 4259 1176 4311 itsdicatnri
1195 4257 1253 4312 tid.
1281 4289 1311 4300 -
1332 4263 1362 4309 in

56 4339 173 4392 comitio
192 4354 252 4388 cum
267 4342 400 4405 praetore
418 4352 468 4387 suo
486 4332 638 4386 indicaturi
658 4335 742 4405 lugd.
765 4335 827 4386 llos.
851 4335 926 4387 Man.
947 4334 1028 4386 Creo.

132 4416 176 4466 21.
197 4419 327 4482 quaestor
338 4409 460 4479 Jisisset]
494 4408 584 4461 Psioc.
609 4408 715 4461 Berald.
746 4436 782 4470 η
814 4414 954 4476 quaesitor
965 4406 1077 4477 suisset
1104 4406 1165 4464 tlt.
1185 4425 1211 4462 es
1231 4424 1305 4480 seqq.
1328 4436 1363 4452 -

59 4489 150 4559 ,Peto
171 4490 271 4538 rectius
291 4490 466 4556 quaesiturus
483 4483 585 4536 esset.'’
614 4481 758 4536 blANU‘l'.
779 4487 807 4534 in
827 4482 868 4535 ed.
888 4499 973 4556 poste.

130 4558 201 4614 lbid.
220 4563 260 4627 in]
281 4559 343 4612 add.
364 4558 430 4611 tot.
451 4573 476 4613 et
497 4576 573 4628 seqq.

132 4642 178 4693 22.
199 4635 370 4703 maiestatis]
394 4633 459 4686 Lod.
478 4650 506 4687 es
526 4650 599 4702 seqq.
622 4658 652 4671 ··
673 4638 850 4683 nsniestutum
872 4637 984 4704 priores.

134 4709 203 4762 tbtd.
225 4709 258 4760 de
277 4708 401 4776 electuris]
434 4712 495 4762 llos.
517 4708 598 4760 Creo.
618 4733 653 4745 -
671 4708 706 4756 'sle
724 4713 801 4757 cssriu
824 4710 936 4773 priores.
958 4736 991 4752 ·-
1018 4706 1081 4778 ,ste
1102 4711 1209 4762 restitui
1223 4725 1254 4759 cx
1268 4705 1360 4764 multis

60 4784 144 4850 locis,
166 4783 213 4838 sed
235 4789 395 4857 praesertim
415 4801 447 4835 ex
467 4800 535 4837 oras.
556 4802 606 4856 pro
626 4781 752 4837 Clusus.''
782 4781 868 4837 liO'l'.
