3210 5280
557 229 606 293 IN
631 228 988 296 CORNELIANAM.
1386 238 1425 302 75

116 393 237 436 nomen
260 392 327 435 esse
348 372 543 443 Philerotis,
565 373 734 436 Cornelios
748 392 824 435 vero
838 373 887 434 ita
907 373 1055 454 multos,
1077 383 1115 437 ut
1138 375 1208 436 iam
1226 377 1330 439 etiam
1352 377 1427 439 col·

116 462 250 542 legium
270 464 492 524 constitutum
514 463 584 524 siti

203 551 403 634 Frequenter
438 564 501 613 tum
534 551 623 614 etism
653 563 763 616 coctus
798 550 1002 615 factiosorum
1033 549 1190 614 hominum
1213 554 1279 615 siue
1301 554 1425 635 publicu

118 643 305 706 suuorisare
328 645 408 708 malo
431 645 558 725 prsblico
582 645 718 708 fiebant:
754 657 889 726 propter
912 648 998 729 quod
1026 658 1136 726 postea
1162 645 1295 729 collegia
1320 644 1353 709 S.
1383 647 1425 714 C.

118 751 150 800 et
172 737 314 819 pluribus
336 737 460 815 legibus
484 749 557 801 sunt
577 738 719 811 sublata,
754 751 882 820 praeter
903 760 1000 819 parrae
1020 751 1116 823 atque
1135 751 1239 813 certa,
1269 762 1348 825 quae
1366 740 1451 803 uti-s

110 829 189 894 litas
212 829 346 891 civitatis
368 830 573 894 desiderasset
593 832 701 914 quiesi,
724 841 759 893 ut
780 830 945 894 labrorum
969 833 1188 916 fictorumque.

196 919 236 986 dt
262 925 349 985 enirn
371 928 513 990 extremi
533 945 577 988 ac
602 923 808 1004 difficillimi
827 928 986 1005 temporis
1007 947 1121 989 vocem
1147 927 1265 1000 illam,
1298 928 1330 990 0.
1352 927 1429 990 cor-
1539 964 1543 1003 ÷

118 1014 204 1093 neli,
236 1015 407 1078 consulem
430 1016 556 1079 mittere
589 1015 751 1095 coegisti:
784 1016 846 1096 qui
877 1035 945 1078 reru
973 1011 1183 1098 [publicans]
1206 1016 1337 1077 salvam
1360 1035 1427 1079 esse
1537 1016 1543 1061 l

120 1102 263 1175 veilent,
290 1112 327 1166 ut
351 1103 399 1165 od
420 1104 529 1185 legem
553 1105 788 1183 accipiendam
813 1104 970 1167 adessent.

203 1191 306 1266 Piso,
331 1193 386 1276 qui
405 1195 515 1257 conssul
539 1197 649 1256 eodem
668 1216 750 1259 anuo
772 1194 850 1268 suit,
880 1217 945 1279 qim
967 1192 1135 1259 Cornelius
1160 1192 1304 1257 tribunus
1326 1190 1426 1274 plebis
1439 1204 1470 1252 1ο

118 1297 207 1360 erat,
231 1308 302 1348 cum
323 1289 423 1370 legem
440 1290 477 1349 de
492 1287 608 1350 ambitu
628 1308 668 1349 ex
690 1299 815 1350 senatus
833 1289 978 1351 consulto
994 1287 1192 1370 graviorem,
1216 1309 1307 1368 quam
1325 1287 1429 1350 isserat

119 1390 230 1452 autea,
253 1380 370 1453 ferret,
396 1393 427 1444 et
448 1392 582 1461 propter
607 1380 831 1443 multitudinem
851 1381 1040 1454 divisorum,
1073 1381 1125 1460 quii
1146 1401 1205 1460 per
1227 1380 1288 1442 vim
1315 1382 1428 1442 adver·

120 1473 287 1547 saliantur,
313 1495 330 1535 e
352 1473 427 1537 soro
449 1475 565 1537 eiectus
586 1487 688 1549 esset,
718 1474 858 1537 edixerat
879 1475 930 1547 id,
953 1478 1038 1557 quod
1062 1472 1179 1539 Cicero
1200 1473 1374 1558 significat,
1397 1482 1441 1542 et⁴

121 1565 240 1627 urniorc
265 1589 355 1629 ussmi
377 1567 508 1647 stipatus
531 1569 570 1631 sd
591 1568 691 1647 legem
714 1569 933 1648 perferendam
955 1570 1170 1631 descenderat.

204 1660 335 1723 Plebem
358 1681 398 1722 ex
421 1659 593 1723 utaniiisna
615 1661 790 1724 offensione
814 1661 926 1724 victum
948 1674 978 1724 et
999 1663 1146 1725 domitam
1169 1682 1238 1725 esse
1260 1657 1352 1723 dicit:
1440 1669 1472 1719 tt

199 1757 280 1817 dnte
311 1762 432 1816 vestros
468 1773 573 1815 anuos
606 1763 745 1834 propter
781 1755 875 1817 illius
908 1755 1035 1818 tribuni
1068 1753 1176 1836 plebis
1210 1756 1429 1818 temeritatem

120 1863 217 1926 posse
243 1840 392 1917 adduci,
425 1851 461 1904 ut
483 1843 617 1904 omniuo
639 1885 977 1909 ...............
997 1866 1037 1908 ne
1065 1845 1161 1906 illins
1187 1852 1350 1930 potestate
1371 1843 1428 1906 ab·

122 1936 312 1996 alienemur
342 1933 403 2013 qui
438 1933 651 1994 restituerunt
680 1954 754 1996 earn
786 1943 1002 2014 potestatem,
1037 1935 1182 1996 alterurn
1208 1935 1293 1995 niliil
1326 1956 1430 1996 uuum

121 2043 220 2105 posse
244 2030 363 2083 contra
388 2022 530 2095 multos,
554 2022 699 2083 alterurn
721 2023 822 2104 longe
843 2022 965 2086 adesse.

207 2109 411 2174 ll'lanilestum
433 2122 510 2190 puto
533 2130 601 2172 esse
617 2104 726 2187 robis,
752 2113 803 2176 M.
821 2111 970 2176 Crassum
995 2122 1026 2174 et
1049 2109 1111 2176 Cu.
1129 2109 1313 2192 Pompeium
1333 2107 1428 2190 sigui·
1441 2117 1473 2167 2⁰

123 2205 230 2279 liceri,
255 2226 273 2266 e
299 2203 412 2286 uiribus
440 2203 575 2267 Crassus
605 2203 697 2266 iudex
727 2217 791 2267 tum
817 2208 946 2269 sedebat
975 2207 1004 2269 in
1032 2205 1233 2280 Cornelium,
1257 2201 1502 2284 Pompeiusue

123 2297 153 2361 iu
178 2298 255 2360 Asis
277 2297 393 2360 bellum
416 2296 663 2361 Mithridaticum
686 2301 829 2380 gerebat.

205 2391 316 2453 Tanta
337 2392 445 2468 igitur
465 2392 497 2451 in
526 2390 595 2450 illis
620 2391 722 2450 virius
743 2388 841 2466 fuit,
872 2400 909 2453 ut
930 2411 1019 2454 anno
1043 2389 1134 2452 XVI.
1156 2400 1232 2470 post
1256 2410 1350 2470 reges
1376 2411 1432 2453 ex-

125 2491 223 2545 actos
261 2489 400 2560 propter
430 2481 569 2540 nimiam
600 2480 863 2542 dominationem
892 2483 1079 2560 potentium
1109 2479 1311 2558 secederent,
1342 2481 1432 2561 leges

125 2579 280 2633 sacratas
299 2572 366 2650 ipsi
383 2568 448 2631 sibi
467 2572 692 2644 restituerent,
712 2567 797 2630 duos
812 2567 962 2632 tribunos
977 2578 1147 2647 crearent,
1167 2578 1310 2631 montem
1332 2569 1432 2630 illurn
1444 2580 1475 2629 25

219 2772 246 2821 1.
266 2763 421 2830 Cornelios]
443 2762 587 2815 Cornelius
605 2764 688 2816 Priuc
716 2763 825 2819 Besald.

58 2895 63 2903 .
219 2843 245 2898 5.
265 2838 447 2908 Frequenter]
461 2836 600 2907 frequens
618 2837 757 2911 (iunctum
775 2855 840 2893 cam
860 2836 985 2912 praeced.
1004 2856 1063 2892 voc.
1082 2844 1123 2890 sit
1141 2854 1168 2893 et
1188 2838 1303 2893 relatum
1323 2839 1357 2893 sd
1376 2858 1433 2893 uo-

126 2930 190 2966 mcn
208 2912 370 2982 collegium)
389 2911 497 2966 Berald.

219 2991 246 3047 6.
266 2986 454 3040 desiderasset
471 2992 551 3058 quasi
560 3025 568 3050 ,
588 2990 630 3054 ut]
651 2987 851 3052 desiderasset,
871 2994 954 3060 quasi
967 2997 998 3040 ut
1012 2989 1101 3041 Ptine.
1117 2986 1179 3042 ald.
1191 3017 1226 3032 -
1238 2989 1434 3058 desiderasset,

127 3073 158 3117 nt
176 3069 244 3131 (om.
265 3068 355 3132 qnasi)
376 3067 470 3115 ceteri.
508 3063 595 3123 (Fore.
614 3062 800 3114 desiderasset
814 3069 893 3133 pati,
913 3073 954 3118 at.
975 3064 1040 3128 On.)

202 3135 274 3192 ibid.
285 3136 442 3208 fabrorum
453 3135 656 3209 fictoremque]
688 3141 761 3191 Mau.
782 3139 873 3209 Sigon.
889 3164 927 3180 ..
932 3136 1086 3205 fabrorum
1104 3138 1281 3206 littorumque
1295 3137 1386 3189 Priuc.
1400 3159 1435 3176 -

119 3211 275 3284 fabrorum
294 3213 473 3280 lictorumque
491 3216 586 3265 cereri.
612 3240 645 3253 -
671 3212 824 3264 Fabrorum
849 3212 995 3283 collegium
1021 3228 1186 3265 memoratur
1212 3217 1241 3262 in
1267 3212 1337 3264 Plio.
1364 3210 1435 3261 ilias.

127 3288 193 3342 Nes.
211 3288 343 3342 xxxiv.
365 3294 390 3341 1.
410 3285 484 3340 coni.
507 3287 576 3341 Plio.
595 3290 685 3359 Epist.
711 3289 748 3342 X.
773 3292 820 3346 12.
842 3286 980 3359 fictorum
1006 3293 1061 3341 sive
1078 3286 1238 3361 figulariam
1267 3287 1338 3340 Pliu.
1364 3285 1436 3338 Hist.

125 3361 193 3417 Nat.
213 3363 329 3418 XXXV.
350 3365 395 3418 12.

221 3446 248 3496 8.
269 3437 298 3489 C.
319 3436 447 3500 Corneli,
467 3437 613 3504 consulem]
637 3433 732 3509 Lugtl.¹
742 3437 806 3489 Hos.
821 3439 897 3490 Man.
912 3438 991 3492 Creu.
1014 3469 1044 3480 -
1067 3439 1098 3493 C.
1111 3438 1239 3491 Cornelio
1251 3453 1307 3490 cos.
1320 3440 1435 3510 priores.

204 3510 276 3564 lbid.
297 3529 354 3563 rern
372 3511 509 3572 pesbtieam
527 3513 652 3581 1111111]
681 3529 740 3562 rem
758 3511 868 3564 salvam
889 3515 982 3568 runc.
1001 3512 1110 3566 Berald.
1129 3511 1195 3566 Lod.

204 3596 250 3643 10.
270 3585 345 3654 Piso]
380 3586 410 3638 C.
431 3585 496 3638 Piso
516 3584 602 3657 Lugd.
620 3587 685 3639 Hor.
706 3587 783 3640 Mun.
802 3587 885 3642 Creu.

203 3666 249 3719 12.
268 3661 433 3729 divisorum]
463 3661 637 3712 diuersorum
656 3660 766 3716 Berald.
783 3662 868 3733 Lugd.

206 3741 249 3794 15.
270 3736 376 3788 Ptetem
396 3766 415 3778 -
434 3770 450 3779 -
477 3737 559 3804 dicit]
599 3737 710 3804 „Mirus
736 3753 812 3788 error
836 3740 1002 3790 commissus
1027 3750 1068 3789 est
1088 3740 1116 3788 in
1136 3735 1191 3789 hoc
1215 3734 1295 3800 loco,
1325 3733 1371 3788 ubi
1396 3739 1438 3789 sic

129 3809 229 3865 edunn
267 3809 375 3862 Plebem
403 3829 440 3860 ese
463 3811 627 3862 Maniliana
652 3807 802 3880 effusione
825 3817 931 3864 vietam
956 3820 985 3862 et
1009 3812 1142 3864 domitam
1167 3828 1226 3861 esse
1256 3811 1340 3875 dicit,
1371 3819 1439 3862 ante

127 3895 241 3938 vestros
259 3902 349 3937 annos
366 3900 436 3950 cen,
469 3890 546 3955 qussi
565 3886 745 3938 haecomnia
764 3887 906 3941 Ciceronis
933 3891 1005 3951 siut,
1036 3904 1119 3957 quum
1145 3886 1216 3938 nibil
1241 3890 1360 3957 apertius
1385 3891 1438 3950 sis,

129 3977 211 4033 qoam
231 3963 395 4026 Ascanium,
416 3976 445 4012 ur
465 3960 550 4026 soler,
569 3958 688 4014 breuiter
707 3978 782 4027 rem,
802 3960 835 4015 de
855 3978 906 4029 qua
927 3966 955 4015 in
976 3962 1037 4014 loco
1057 3962 1197 4014 Ciceronis
1217 3976 1329 4030 agatur,
1353 3976 1439 4014 com-

129 4035 242 4110 plecti.’¹
271 4036 387 4089 Msuv.
426 4036 550 4098 Error-is,
571 4053 651 4104 quem
671 4041 776 4093 notavit
795 4036 965 4111 Madvigius,
984 4053 1078 4110 expers
1098 4053 1139 4090 ess
1159 4038 1298 4108 Sigonius.

207 4108 279 4162 ibid.
300 4110 471 4176 Maniliana]
504 4110 655 4162 Manliana
675 4110 740 4164 Lod.

210 4187 254 4243 16.
278 4187 352 4236 Ante
369 4193 482 4237 vestros
499 4203 620 4237 annos-
633 4216 651 4228 ·
664 4185 862 4253 abalknenrur]
896 4187 952 4255 ,lu
971 4185 1113 4239 Ciceronis
1133 4184 1221 4239 verbis
1241 4189 1364 4248 animos,
1383 4201 1440 4240 non

129 4279 240 4325 anuos,
269 4256 412 4330 legendam
441 4277 515 4322 esse,
545 4279 606 4314 uere
631 4265 788 4330 suspicatus
813 4275 854 4315 est
875 4263 1024 4317 Patricium
1053 4265 1081 4313 iu
1103 4259 1151 4314 illo
1170 4269 1237 4312 ante
1256 4262 1320 4331 quid
1340 4259 1440 4325 lateat,

131 4341 241 4392 nescio:
271 4335 407 4407 [Patricio
427 4339 455 4386 io
476 4351 595 4387 mentem
615 4350 723 4389 veneror
742 4334 830 4402 legere
849 4352 922 4387 anne
942 4352 990 4405 pro
1010 4339 1086 4403 anre]
1115 4351 1221 4389 caerem
1241 4340 1282 4387 sic
1302 4339 1404 4405 scripse
1424 4349 1440 4386 1

130 4412 266 4465 Cicerone
293 4426 372 4480 puro:
404 4417 516 4462 vestros
545 4417 653 4464 animos
671 4408 726 4454 -‘-
745 4418 777 4462 ut
795 4416 906 4464 omnino
933 4410 961 4482 [1
982 4413 1169 4478 restitusi0]ne
1193 4411 1269 4462 illius
1291 4413 1441 4479 potestatis

130 4487 341 4546 abalienentur,
361 4484 433 4536 ce1.''
461 4485 575 4538 Manu.
604 4504 609 4516 ·

210 4568 254 4620 17.
273 4567 306 4611 ut
323 4565 434 4609 omnino
452 4561 467 4594 *
488 4577 521 4608 ne
540 4559 625 4628 illius]
662 4561 755 4613 Princ.
775 4558 835 4613 uid.
864 4589 901 4604 -
929 4568 961 4612 at
985 4566 1096 4612 omnino
1120 4578 1154 4611 ne
1178 4560 1252 4611 illius
1272 4556 1358 4630 Lugd.
1376 4559 1441 4614 Ηοι.

132 4635 212 4692 Hau.
232 4636 315 4687 Creu.
334 4663 369 4676 -
390 4653 423 4684 ne
442 4639 552 4685 ornerino
572 4637 650 4685 il'ius
668 4634 774 4688 Bernld.
794 4633 861 4689 tad.
1437 4657 1441 4664 ·

211 4720 256 4768 18.
276 4707 460 4759 elralienernur
480 4712 536 4776 arsa]
558 4710 744 4761 abalienamus·
762 4711 778 4745 *
797 4715 843 4778 qui
863 4709 923 4764 aid.
943 4710 1030 4782 Lugd.
1050 4711 1115 4766 Ηοι.
1135 4709 1214 4762 Mau.
1232 4709 1313 4762 Creu.

208 4791 256 4845 25.
274 4789 328 4854 ipsi
347 4783 400 4836 sili
419 4785 612 4858 restituerant]
650 4782 737 4856 Lugd.
756 4785 822 4839 iios.
844 4785 922 4842 tam.
950 4788 1031 4840 Creu.
1056 4814 1093 4829 -
1118 4791 1187 4856 ipsis
1210 4784 1264 4837 sibi
1287 4791 1444 4838 rastuerent
