3210 5280
205 220 267 284 na
516 202 522 215 “
638 214 1067 283 canuno-asconms
1144 220 1147 225 ·

204 359 301 424 leriae
323 361 361 422 de
389 356 548 443 suffragiis
579 355 681 419 libere
711 354 850 419 ferendis
882 376 946 418 non
976 377 1075 431 voce,
1110 360 1166 420 sed
1192 358 1313 422 tabula.
1356 359 1434 424 lodo
1456 362 1507 427 ille

205 452 351 526 Cassius,
377 453 430 535 qui
452 453 481 515 in
504 451 733 535 cognoscendis
754 448 964 513 criminalibus
985 449 1087 512 causis
1108 449 1140 515 in
1162 450 1271 532 primis
1294 458 1506 534 quaerendum

206 568 277 612 esse
299 546 439 611 dicebat:
468 549 531 613 Cni
548 544 660 608 bonoi’

290 642 453 705 Homines
474 636 607 715 veteres]
651 637 775 701 Graves
796 648 828 699 et
848 635 971 710 sereri3
994 647 1026 699 et
1051 636 1122 700 ride
1148 637 1282 721 figurate
1303 639 1433 720 singulis
1454 643 1507 702 ad·

180 734 298 797 editam
324 734 445 795 inridens
471 752 513 793 ex
538 751 595 794 ore
620 730 790 792 adversarii
814 727 912 791 veluti
933 730 1146 804 ostendentis,
1170 750 1227 792 cnr
1247 730 1306 793 sibi
1330 731 1380 794 isti
1400 753 1508 796 ornnes

205 827 398 909 displiceant.

287 915 626 994 Tribuni‘militares]
671 912 886 978 Tribunatum
913 912 1087 976 militarium
1113 913 1177 975 duo
1203 935 1338 997 genera:
1370 918 1503 997 primurn

203 1032 334 1084 eorum,
372 1008 426 1092 qui
447 1008 568 1089 liufuli
588 1009 751 1070 dicuntur:
785 1008 818 1069 hi
845 1007 877 1069 in
905 1008 1046 1069 exercitu
1075 1006 1177 1068 creari
1202 1009 1324 1072 solente
1361 1010 1413 1072 alii
1436 1022 1507 1073 sistit

208 1105 400 1176 comitiali,
425 1102 478 1185 qui
500 1102 621 1164 Romae
643 1099 777 1164 comitiis
799 1101 1016 1184 designantur.
1089 1132 1094 1144 ·
1132 1158 1137 1172 ,

163 1195 194 1245 ¹⁰
287 1193 534 1257 Subsortiernnr
560 1194 676 1274 etium]
733 1193 820 1256 Mire
851 1193 988 1258 ostendit
1019 1193 1217 1256 secsrritatem
1250 1195 1314 1270 rei,
1352 1207 1506 1282 tamqnam

204 1287 273 1371 ipse
294 1288 333 1349 sit
355 1286 457 1349 oinnia
479 1285 633 1347 lactiirns.

288 1382 333 1456 (§.
357 1379 425 1458 31.)
445 1375 566 1441 Nonne
584 1377 741 1457 Sextiles]
781 1379 946 1453 Sextiles,
976 1378 1157 1460 Atigustae;
1183 1381 1364 1462 Quintiles,
1396 1382 1506 1448 lidiae.

86 1528 90 1541 .
204 1473 352 1537 Nondum
387 1471 466 1535 enini
500 1467 623 1531 nomina
658 1471 696 1532 de
730 1470 970 1552 imperatoribus
998 1483 1212 1554 sumpserant:
1248 1487 1382 1554 propter
1414 1498 1506 1560 quani

205 1564 406 1628 aestuationem
429 1562 585 1626 nominum
610 1561 763 1645 Virgilius
786 1564 847 1625 ait:

163 1661 194 1708 ¹⁵
219 1654 226 1669 ‘
396 1656 438 1719 lit
460 1655 620 1733 incipient
640 1659 760 1736 magni
776 1654 956 1736 procedere
980 1674 1114 1718 menses.

204 1746 274 1809 Hac
299 1756 365 1808 tota
392 1744 661 1830 argumentatione
685 1745 837 1827 significat
863 1743 996 1817 Cicero,
1019 1743 1066 1806 bis
1088 1765 1235 1808 accusare
1254 1767 1288 1808 se
1308 1767 1371 1810 non
1393 1769 1504 1830 possc;

206 1838 234 1902 si
256 1841 421 1902 accusandi
446 1837 698 1900 consuetudinem
724 1858 852 1900 servare
872 1834 1026 1909 voluerit,
1051 1858 1113 1899 non
1136 1839 1258 1901 servire
1278 1842 1436 1904 brevitati.

287 1931 397 1994 Ludos
418 1932 557 2011 votivos]
600 1932 671 1993 Hos
694 1930 865 2010 Pompeios
886 1940 1037 2003 voverat,
1068 1930 1094 1992 si
1117 1933 1292 1994 Sertorium
1314 1947 1506 2015 superasset.

286 2021 410 2088 Deinde
439 2024 599 2084 continuo
624 2022 767 2085 llonruni
791 2019 983 2104 sequentur]
1042 2023 1178 2086 Romani
1205 2025 1272 2086 ludi
1296 2030 1355 2089 sub
1373 2030 1506 2112 regibus

160 2113 336 2176 stinatittiti
364 2122 436 2173 sunt
467 2111 634 2195 magnique
666 2112 831 2192 appellati,
867 2118 952 2196 quod
981 2119 1103 2198 magnis
1131 2115 1277 2199 impensis
1311 2119 1393 2181 dati:
1433 2132 1507 2182 tunc

205 2206 338 2289 priunum
360 2204 438 2267 ludis
460 2203 598 2287 impensa
619 2216 690 2266 saint
714 2205 846 2266 ducenta
868 2207 961 2268 millia
981 2213 1151 2272 nummdm.
1195 2211 1260 2273 Alii
1283 2211 1355 2275 ideo
1374 2235 1505 2296 magnos

203 2299 294 2364 ludos
321 2310 451 2362 vocatos
473 2308 601 2381 putant,
624 2298 711 2382 quod
732 2295 891 2377 [Conso],
916 2299 1117 2363 consiliorum
1142 2315 1335 2368 secretorum
1363 2307 1443 2382 deo,
1475 2306 1505 2369 id

208 2410 1494 2471 ——.--——-————-⁴———

202 2507 296 2574 datio‚
324 2525 405 2582 qnam
435 2521 525 2561 tamen
553 2525 646 2562 omnes
675 2485 764 2562 lacere
789 2511 981 2581 neglexerunt,
1007 2494 1406 2590 Sigon.l.ssu1eud.21.[p.
1428 2520 1503 2585 1930]

202 2586 387 2658 nequidquam
407 2583 565 2638 monente.''
590 2584 723 2639 canat.

294 2757 319 2809 1.
339 2751 514 2820 tabellariae]
532 2750 619 2803 beliae
638 2757 749 2804 ereriee
767 2754 860 2806 Ptine.

293 2835 320 2883 2.
340 2827 407 2880 Inde
424 2827 471 2879 ills
490 2828 615 2894 Cassum]
650 2830 723 2880 Man.
767 2825 847 2881 Conl
868 2825 1074 2898 praecedentem
1094 2830 1237 2885 Garatonii
1263 2846 1367 2886 nomin.
1395 2861 1431 2876 -
1458 2833 1504 2887 itia

201 2903 315 2958 Cassius
334 2900 440 2957 Bersld.
461 2900 546 2973 Lugd.
566 2929 604 2942 -
621 2900 667 2952 tite
686 2902 733 2952 itte
751 2903 864 2954 Caesius
882 2907 977 2959 ceteri.

276 2979 346 3033 ibid.
366 2982 460 3047 quiin
478 2975 686 3045 cognoscendis]
708 2979 807 3030 Deerat
827 2982 1004 3050 praepositio.

292 3052 414 3120 boin]
436 3051 502 3105 Lod.
521 3067 548 3105 et
568 3068 642 3123 seqq.
662 3076 695 3093 -·
713 3051 776 3103 inde
796 3057 909 3125 priores.

292 3133 320 3189 5.
338 3129 401 3198 issi]
423 3127 507 3199 bugd.
526 3127 590 3180 lior.
612 3127 688 3179 Man.
708 3127 788 3179 Creu.
810 3157 844 3168 -
863 3131 932 3178 insti
949 3131 1063 3198 priores.

292 3210 320 3262 7.
339 3201 393 3254 eino
411 3205 528 3270 genera]
547 3200 600 3252 duo
617 3207 682 3251 sunt
700 3218 807 3270 genera
826 3201 890 3256 llos.
910 3201 992 3256 Creu.

291 3283 320 3336 9.
338 3276 453 3348 nomae]
463 3273 567 3346 fornae
586 3277 678 3328 Princ.

274 3361 319 3412 12.
340 3355 506 3422 Augesstae;
524 3350 674 3421 Quintiles]
696 3350 859 3416 ,tergeretur
885 3357 916 3401 rst
936 3347 1074 3419 Quintiles
1093 3352 1169 3406 blan.

274 3431 318 3486 il.
338 3427 369 3480 V
368 3429 491 3494 irgils'ns]
518 3426 612 3496 Eclog.
635 3425 678 3477 tv.
701 3429 743 3479 12·
1028 3428 1031 3433 ’

274 3509 318 3563 16.
338 3500 379 3552 bis
397 3502 539 3567 accusare]
571 3497 665 3570 ,inira
686 3499 718 3550 ad
739 3512 798 3569 cap.
820 3503 862 3553 tt.
884 3497 926 3569 [p.
946 3504 990 3557 37.
1011 3500 1089 3568 lion]
1110 3499 1208 3551 addis
1227 3501 1411 3553 accersendum
1424 3503 1500 3555 Ver-

199 3599 266 3635 resn.
286 3582 384 3632 Cicero
405 3577 428 3629 l.
447 3590 537 3628 accus.
556 3578 584 3633 9.
602 3575 644 3625 dis
662 3572 770 3639 dicere,
791 3571 837 3624 ubi
858 3576 917 3624 viae
938 3575 1129 3627 ilotomanmn.
1150 3576 1296 3629 liettardus
1318 3580 1343 3628 b.
1363 3577 1381 3630 l.
1401 3578 1444 3627 bis
1462 3582 1500 3629 ais

198 3655 373 3730 superfluere.
421 3651 500 3703 Forte
526 3667 578 3702 vox
603 3653 665 3701 ioco
690 3662 780 3711 mota,
812 3662 838 3698 er
864 3644 916 3699 init
941 3654 966 3699 ei
984 3650 1026 3700 bis
1045 3649 1204 3703 accusandi.
1241 3651 1347 3705 Tamen
1367 3652 1499 3705 claritatis

197 3745 280 3786 caasa
299 3745 354 3782 non
374 3725 443 3778 malo
464 3725 501 3778 ibi
521 3723 589 3778 est.”
619 3722 753 3778 Gnissi.
775 3749 811 3764 -
829 3739 961 3774 accusare
980 3733 1049 3786 (orn.
1069 3725 1123 3798 bis)
1144 3725 1256 3778 Scbttta.

274 3810 317 3864 17.
336 3802 466 3867 vodoerit]
488 3799 551 3868 ,lta
571 3801 698 3870 rescripsi
718 3813 812 3849 sensus
832 3812 922 3851 causa.
943 3799 1021 3871 Vulg.
1041 3803 1072 3868 [i.
1090 3820 1114 3853 e.
1133 3805 1162 3852 in
1182 3816 1235 3853 nna
1250 3801 1360 3855 Graevii
1380 3801 1500 3854 editione

197 3898 289 3936 errore
308 3873 518 3950 typographico]
542 3872 691 3925 noluerit.”
711 3870 886 3924 sottum

272 3961 315 4014 18.
334 3957 469 4013 voverat,
489 3949 526 4020 si]
545 3957 665 4001 noverat
683 3964 717 3997 oc
735 3952 761 3998 si
780 3945 872 4001 Ptine.
895 3975 924 3986 -
945 3955 1066 3999 venerat
1084 3966 1117 3999 ae
1135 3952 1161 3999 si
1181 3945 1240 4001 Ald.

273 4033 316 4086 19.
335 4025 495 4095 sequentur]
526 4033 676 4095 separentur
693 4021 770 4074 Mau.
798 4049 837 4062 -
862 4031 1060 4092 consequenter
1085 4024 1149 4077 Hor.
1175 4025 1255 4076 eren.
1280 4037 1307 4077 et
1333 4040 1408 4095 seqq.
1435 4039 1497 4076 eum

197 4105 274 4160 aditi.
295 4103 449 4155 Ciceronis.

274 4177 341 4234 ibid.
360 4174 431 4245 insi]
450 4177 513 4242 regi
532 4174 624 4226 Ptine.

271 4260 315 4311 20.
335 4249 411 4320 dati]
433 4252 522 4302 Ptine.
542 4246 647 4301 iterati.
668 4243 725 4301 ild.
748 4244 814 4299 Lod.
833 4273 868 4286 -
887 4243 948 4297 dare·
965 4254 1031 4298 ssent
1051 4245 1134 4318 Lugd.
1156 4248 1219 4300 llot.
1234 4246 1310 4299 Man.
1324 4246 1406 4299 Creu.

270 4335 316 4385 21.
335 4335 400 4378 tiene
414 4321 550 4395 primurn]
570 4326 661 4378 Priuc.
681 4320 788 4375 Berald.
810 4320 870 4376 aid.
883 4321 949 4374 Lod.
967 4350 996 4361 -
1018 4330 1083 4373 tnnc
1102 4327 1174 4373 enim
1189 4327 1309 4390 primunr
1329 4322 1413 4393 bugd.
1435 4321 1497 4373 lior.

195 4407 421 4532 mallieidlnltiii
439 4472 501 4525 ideo
520 4473 653 4541 magnos]
694 4468 780 4544 bugd.
800 4471 865 4524 lior.
883 4470 961 4524 Man.
982 4470 1063 4524 Cren.
1092 4498 1126 4513 -
1155 4470 1215 4521 Atu·
1233 4487 1352 4538 magnos
1371 4468 1438 4525 Lod.
1463 4492 1498 4510 «-

194 4554 265 4608 odeo
283 4569 401 4621 magnos
420 4553 598 4619 antiquiores.

271 4635 304 4684 22
332 4626 464 4694 vocatos]
486 4628 531 4676 Sic
552 4625 656 4693 scripsi,
677 4651 701 4662 -
714 4620 921 4690 jactorl'rinc.
943 4618 1048 4676 Bernld.
1066 4619 1126 4675 utu.
1144 4619 1211 4675 Lod.
1237 4647 1273 4660 -
1292 4619 1383 4671 dictos
1403 4623 1496 4673 cerati,

268 4702 340 4756 lbid.
360 4702 460 4766 Conso]
491 4696 549 4750 add.
579 4698 663 4768 Lngd.
688 4697 751 4751 blot.
771 4695 848 4748 Man.
868 4700 947 4750 Creu.

267 4776 422 4843 tiridates]
448 4773 510 4827 uteo
528 4770 620 4829 l'rlut'.
634 4782 644 4797 '
