3210 5280
159 206 222 272 sss
485 207 782 277 senonum
811 158 1150 275 enouovssu'us

243 350 451 434 Populator,
467 350 628 431 numae]
650 350 828 415 Secundum
851 347 1050 433 superiorem
1070 345 1257 412 sententiam
1275 346 1483 430 populatae.

161 456 308 508 veerame
329 441 464 524 αὔξησιν
485 442 574 508 iecit.

245 537 464 613 Provinciae,
480 536 581 620 socie]
604 536 714 614 Socii,
732 534 843 612 amici.
860 534 915 620 qni
928 547 1001 601 ante
1022 537 1139 600 bellurn
1153 532 1341 600 societatem
1358 543 1483 618 petunt,

161 640 215 693 aut
237 630 291 714 qui
313 633 386 693 dant
407 641 439 693 et
465 631 635 712 accipiunt.

134 751 148 799 ς
243 723 483 806 stipendiaris]
516 724 640 804 Quibus
661 723 754 788 vietis
776 723 916 808 vectigal
936 721 1125 805 imponitur.

245 817 362 883 Exitii
382 819 544 882 solatium
564 823 749 903 quaerunt]
775 817 857 900 Quia
879 817 1005 901 penitus
1026 816 1204 900 perierunt.

245 913 278 975 8.
300 910 369 1000 Qui
391 910 521 974 iudicia
541 933 680 976 manere
699 911 795 995 apud
814 912 972 978 ordinem
991 910 1218 990 senatorium]
1241 911 1367 987 idest,
1392 931 1485 974 sens·

160 1017 264 1071 tores.
308 1005 474 1089 Significat
496 1017 598 1068 autern
623 1003 798 1069 Staienum.

243 1102 443 1181 Queruntur
470 1099 702 1180 accusatores]
738 1099 857 1164 Victor
880 1098 967 1162 Sulla
990 1097 1088 1161 murita
1113 1098 1281 1162 commoda
1309 1117 1328 1160 s
1358 1099 1484 1181 populo

118 1196 199 1258 iisd
221 1192 415 1257 senatorium
439 1192 580 1256 ordinem
604 1190 822 1266 transtulerat3
853 1191 956 1255 iubis
978 1190 1072 1254 etiam
1094 1190 1255 1277 iudicandi
1272 1178 1493 1272 potestatem.⁸

161 1290 237 1352 Non
251 1286 333 1349 enim
349 1285 490 1369 equites,
504 1284 586 1349 sieut
598 1286 793 1349 consuetudo
805 1295 892 1360 erat,
907 1286 962 1349 sed
973 1294 1137 1349 senatores
1148 1283 1289 1348 iudicare
1302 1285 1483 1369 praecepit.

243 1379 313 1463 Qui
332 1401 495 1444 accusare
513 1376 675 1463 possunt]
704 1376 803 1442 Aiunt
831 1378 912 1440 enim
935 1389 1155 1443 accusatorum
1178 1376 1393 1463 negligentia,
1415 1399 1484 1449 ¹niu

160 1470 295 1539 iudicum
319 1472 423 1558 gratia
445 1492 522 1537 reos
543 1470 682 1537 absolvi.

244 1567 416 1649 iudicum]
440 1567 480 1630 Id
501 1577 567 1642 est,
590 1564 806 1650 antiquorum.

118 1661 166 1723 ii'
244 1663 397 1744 Populus
417 1663 594 1726 Romanus
614 1657 760 1738 interea]
794 1659 879 1722 Dum
910 1659 1013 1721 adbuc
1037 1668 1182 1740 tempora
1205 1659 1334 1723 Sullana
1356 1670 1445 1725 sunt.

245 1753 401 1820 Tametsi
426 1753 543 1817 mediis
564 1753 803 1834 incommodis]
827 1752 918 1834 Quae
941 1753 1088 1836 inrogats
1112 1763 1186 1815 ssent
1207 1773 1225 1815 a
1247 1753 1356 1817 Lucio
1380 1754 1497 1823 Sulla.

245 1847 346 1914 Nibii
366 1846 485 1932 aeque]
520 1848 648 1921 idest,
671 1847 836 1924 similiter,
865 1846 943 1910 nibil
965 1846 1020 1911 its.

245 1941 458 2007 Gravitatem
479 1940 625 2026 requirit
646 1940 735 2021 iuri]
767 1941 891 2017 idest,
917 1950 950 2002 ut
971 1936 1092 2021 equites
1114 1936 1269 2003 iudicandi
1291 1951 1483 2023 potestaten

161 2031 226 2100 reci
251 2033 328 2097 iant.

90 2139 151 2189 »tt
228 2056 446 2192 stibunitia
464 2138 621 2211 potestas
643 2124 855 2217 efflagitata]
886 2125 1014 2191 Scilicet
1042 2135 1078 2189 ut
1110 2146 1170 2209 per
1201 2125 1352 2192 tribunos
1380 2126 1494 2212 plebis-

159 2220 274 2286 iudicia
297 2219 455 2303 equitibus
476 2223 698 2283 redderentur.
979 2253 983 2259 ·

244 2313 457 2380 iudiciorum
477 2311 627 2394 levitate]
663 2314 723 2378 Aa
738 2311 991 2395 corruptionem.

244 2404 341 2472 onio
362 2427 494 2491 quoque
514 2404 620 2485 alius]
654 2407 692 2470 Id
714 2418 779 2483 est,
810 2406 941 2483 tertius,
966 2406 1021 2491 qui
1045 2418 1091 2470 est
1112 2406 1312 2472 tribunorum
1339 2412 1492 2478 anana.

161 2521 245 2564 rum.
289 2500 370 2562 Nasu
393 2519 434 2562 ex
456 2501 580 2563 duobus
601 2502 748 2563 aitersnn
770 2499 918 2574 dicimus,
943 2521 984 2562 ex
1009 2501 1110 2565 tribus
1133 2513 1185 2564 aut
1211 2504 1346 2586 amplius
1361 2507 1483 2571 diuers.

118 2602 150 2653 tt
245 2593 403 2678 Indicum
423 2596 524 2676 eulpa
546 2605 647 2678 atque
669 2592 846 2674 dedecore]
870 2591 1006 2675 Culpam
1029 2594 1110 2657 euim
1134 2597 1272 2659 dedecus
1294 2603 1457 2681 seqssitur.

245 2685 449 2752 Censorium
469 2687 606 2767 nomen]
641 2687 759 2750 Decem
789 2686 909 2748 tribuni
931 2687 1132 2772 eligebantur
1161 2699 1271 2764 antes,
1305 2692 1363 2775 qui
1393 2693 1483 2777 qssssi

160 2790 325 2844 tuerentur
340 2779 452 2861 populi
471 2778 607 2844 Rotnani
627 2780 840 2852 maiestatem
864 2791 895 2842 et
910 2801 1079 2855 censores,
1102 2781 1158 2866 qui
1174 2803 1278 2846 mores
1297 2798 1482 2850 senatorum

161 2874 333 2937 censebant
366 2883 398 2936 et
438 2874 589 2956 quosdam
620 2892 636 2934 a
668 2885 777 2936 senatu
805 2885 941 2955 propter
970 2895 1093 2937 morsum
1121 2875 1196 2938 vitia
1225 2878 1389 2959 pellebant
1420 2901 1482 2946 nnn

159 2964 191 3030 in
220 2977 431 3049 perpetuum,
466 2967 521 3028 sed
554 2968 592 3028 ad
624 2977 744 3028 certium
783 2978 919 3048 tempus.
975 2968 1047 3031 Hos
1079 2989 1187 3032 omnes
1219 2991 1282 3052 prn
1314 2972 1483 3036 nobilitate

117 3059 281 3123 tolerinus
304 3058 429 3123 sustulit
452 3059 557 3134 Sulla,
581 3060 636 3144 qiu
662 3059 757 3124 bodie
781 3082 798 3123 a
824 3061 946 3143 populo
971 3072 1105 3143 propter
1134 3060 1296 3126 infamiam
1324 3066 1480 3144 iudicum,

160 3152 214 3237 qni
243 3163 317 3216 suut
341 3154 378 3215 de
406 3152 519 3217 ordine
544 3153 728 3229 senatorio,
751 3154 971 3238 requiruntur.
1016 3153 1151 3217 Fiebant
1179 3168 1282 3220 erstem
1315 3171 1350 3222 et
1379 3161 1481 3246 piebis

161 3265 260 3310 censo
283 3245 300 3280 ‘³
325 3246 342 3282 ‘¹
365 3245 382 3280 ‘⁸

686 3348 950 3386 naonis

244 3453 329 3534 Cap.
352 3452 470 3516 XXII.
494 3451 546 3514 il.
576 3453 618 3516 In
647 3451 830 3516 discrimen
851 3450 1136 3535 existimationis]
1169 3453 1430 3525 Existisusiionis
1449 3460 1479 3526 in

117 3539 349 3626 tiperienlunr.
406 3542 584 3607 Discrisueu
613 3557 716 3607 autem
746 3555 794 3609 est
821 3545 972 3629 proprie,
1007 3552 1095 3632 quod
1123 3564 1250 3633 separat
1277 3554 1401 3637 aliquas
1430 3575 1480 3619 res

159 3656 229 3700 ssse
251 3635 280 3698 in
305 3635 409 3701 suedie
431 3639 549 3720 posita.

242 3730 470 3837 Exspectatio
479 3726 618 3820 filiurn
646 3730 706 3813 sit]
739 3731 911 3797 Hominum
941 3734 1158 3817 exspectatio,
1193 3741 1361 3821 quomodo
1386 3761 1479 3807 scen·

158 3834 283 3889 saturus
306 3835 360 3887 sii.
1472 3846 1476 3859 '

244 3920 344 3982 Hanc
356 3941 429 3982 rem
439 3918 566 4001 seuere]
589 3920 665 3983 Non
679 3939 771 3995 rere,
789 3921 862 4005 quia
875 3923 970 3986 multa
982 3922 1109 3988 crimina
1123 3925 1408 4007 praetermissurus
1419 3941 1477 3994 est·

231 4154 260 4206 2.
279 4148 408 4220 „Nempe
428 4150 492 4217 quit
512 4144 622 4200 additur
633 4143 773 4214 frsnds'ius
790 4148 933 4201 eversae.’¹
954 4148 1091 4205 Scunsns.
1129 4158 1155 4210 8.
1176 4154 1289 4207 Rectam
1309 4159 1477 4226 seriptum

155 4241 205 4302 pes
223 4227 235 4276 i
252 4240 309 4275 nnn
328 4240 377 4296 per
395 4222 409 4273 i
425 4223 580 4289 (Staienus)
605 4227 721 4275 usserit
748 4221 843 4280 Sahal.
881 4228 925 4281 ti.
940 4229 1071 4296 possunt]
1100 4224 1165 4280 Scir.
1189 4256 1219 4270 -·
1237 4235 1352 4298 possint
1373 4228 1409 4285 0.
1428 4230 1476 4286 Gr.

157 4303 202 4359 15.
232 4300 325 4368 ,sinc
350 4296 435 4352 dnbio
462 4296 629 4352 scholiastes
655 4311 701 4350 ans
727 4302 839 4371 scripsit
864 4314 911 4353 ans
934 4301 1058 4354 scribere
1084 4300 1185 4356 veinis:
1218 4307 1300 4355 siunt
1324 4310 1400 4357 ssia
1424 4321 1477 4357 sss

156 4380 352 4427 accusatorum
369 4372 564 4443 negligentis,
592 4370 779 4425 scindimus
798 4379 901 4442 graiis
919 4391 983 4427 reos
1000 4376 1139 4430 cisonii·
1158 4378 1297 4433 Seruus.
1340 4385 1386 4440 18.
1404 4396 1476 4450 μοι

156 4450 289 4518 vtistsssl
310 4446 347 4502 G.
369 4447 420 4503 Gr.
442 4475 473 4489 -
495 4452 723 4517 gravitatemque
742 4447 807 4501 sus.
848 4456 893 4507 20.
912 4450 1052 4520 tribunos]
1072 4450 1107 4504 de
1126 4453 1150 4505 1.
1164 4452 1475 4510 ucrmoussomes

157 4522 224 4581 Scis.
245 4547 279 4565 -
298 4523 390 4575 trtius
407 4524 443 4578 G.
465 4523 516 4595 Gr.
555 4528 601 4578 91.
620 4521 816 4593 redderentur]
837 4524 873 4579 G.
887 4524 935 4578 Gr.
955 4552 994 4570 -
1013 4525 1170 4579 reddentur
1188 4527 1254 4582 ech.
1295 4530 1343 4586 26.
1361 4529 1474 4598 ΜΗ]

156 4596 205 4653 sse
223 4600 322 4670 scripsi
342 4595 376 4652 ds
396 4598 419 4652 t.
439 4597 469 4653 t.
487 4597 624 4652 Gronosti
644 4611 764 4652 nornen.
782 4627 821 4643 -
839 4597 931 4651 tritus
949 4599 984 4654 G.
1005 4599 1056 4662 Gr.
1077 4604 1141 4656 seh.
1179 4605 1225 4662 56.
1243 4604 1345 4670 ‚Foru
1364 4623 1382 4656 s
1401 4622 1432 4657 ss
1448 4610 1476 4657 is

155 4671 247 4727 asilo
260 4672 414 4741 pensasse·
434 4672 457 4726 1.
470 4672 500 4725 t.
515 4671 642 4727 Gsosov.
663 4671 762 4738 „torn
780 4689 832 4726 sess
850 4677 881 4725 ia
896 4677 986 4726 usedio
995 4675 1121 4745 μάθηθ’
1142 4676 1203 4730 ise.
1217 4677 1345 4737 Gsosos.
1386 4681 1475 4736 essse

155 4763 217 4804 sus
240 4763 306 4800 uss
330 4764 382 4822 psa
406 4748 482 4815 sest,
510 4745 603 4802 tabula
627 4746 729 4801 nctus.
766 4748 813 4809 59.
832 4749 899 4822 Lep.
918 4766 975 4802 sess
993 4764 1100 4807 ssnsrs.
1131 4751 1214 4808 usn.
