3210 5280
154 190 216 258 iio
569 194 777 265 sotionis
798 197 1047 265 nortmania

229 337 266 416 7.
294 343 554 447 strangulatos
580 343 707 416 maluit
733 343 869 417 dicere.

238 461 406 526 Adleetata
429 475 461 526 et
482 462 625 527 oratoris
656 464 788 547 quadam
819 460 988 526 calliditate
1013 462 1077 526 hoc
1102 461 1147 526 uti
1175 464 1277 526 verbo
1302 460 1468 527 Decimum

155 555 299 618 Laelium
323 566 537 621 accusatorem
566 556 706 620 voluisse
731 558 858 619 denotat
881 555 1017 632 Cicero,
1053 567 1087 619 ut
1111 556 1292 621 memoriam
1322 556 1469 619 videlicet

156 649 213 729 [P.
229 647 319 728 isa]
343 656 471 735 cortun!
485 649 700 732 resculperet,
723 650 779 735 qui
800 672 870 716 cum
883 649 1023 716 Lentulo
1045 649 1074 712 in
1091 671 1220 729 carcere
1235 670 1355 734 poenas
1371 652 1467 715 dede·

133 746 228 804 inani
249 753 325 825 post
346 741 458 807 indicia
478 743 668 808 litterarum.

234 859 270 940 8.
298 867 405 967 Quod
430 869 504 942 sibi
529 893 630 943 meus
656 870 890 944 necessarius
917 867 1073 942 Caetm¹
1102 868 1230 943 voluit.

240 984 480 1067 Sttbseripserat
500 986 553 1050 hic
573 985 656 1050 inter
677 999 801 1051 ceteros
823 985 956 1051 Decimo
978 985 1093 1051 Laelio
1116 985 1306 1051 accusatori.

234 1101 270 1182 9.
298 1108 394 1208 Quid
420 1134 510 1185 vcro
536 1107 749 1187 Decianus?

241 1227 286 1289 Et
308 1225 357 1288 hic
378 1227 578 1310 subscriptor
599 1228 660 1292 luit
674 1229 832 1313 Apulaei²
846 1228 978 1295 Deciani
1000 1226 1101 1301 filim,
1124 1227 1302 1313 iampper
1316 1229 1464 1302 damnati,

118 1328 255 1402 itqturm
280 1319 424 1384 tribunus
446 1322 492 1403 pl.
519 1333 619 1397 esset,
643 1325 727 1387 etin
754 1323 904 1387 ultionem
926 1323 1063 1404 Aptrlaei
1085 1320 1262 1394 Satttrnini,
1286 1343 1345 1386 nec
1365 1324 1466 1387 minus

160 1412 251 1476 etiam
283 1411 324 1478 C.
356 1413 482 1476 Servilii
498 1414 665 1493 Glauciae,
691 1417 785 1480 multa
800 1417 965 1498 improbc³
986 1415 1220 1498 seditioneque&
1234 1415 1465 1480 committente

160 1526 252 1588 quam
277 1517 380 1569 tamen
405 1509 632 1571 damnationem
659 1531 788 1592 passus,
818 1511 850 1574 in
876 1512 1014 1574 Pontum
1040 1531 1074 1572 se
1103 1522 1133 1572 et
1166 1512 1205 1570 ad
1224 1510 1368 1589 partes‘
1400 1509 1467 1573 Mi·

159 1599 358 1664 thridaticas⁶
372 1602 517 1665 contulit.
563 1602 636 1683 Quo
654 1602 725 1685 ipso
741 1602 894 1666 infamiam
911 1608 1036 1688 generis
1051 1603 1117 1666 eius
1133 1603 1321 1687 perstringit
1336 1616 1467 1679 oratore

162 1703 196 1754 ut
216 1692 353 1757 imitatus
374 1697 604 1779 quodammodo
627 1707 766 1778 patrem,
791 1698 893 1761 omnia
917 1719 977 1781 pro
1000 1698 1145 1761 hostibus
1169 1698 1288 1761 sentire
1311 1698 1465 1761 videatur.

121 1830 151 1880 ¹⁵
239 1810 299 1892 10.
328 1817 471 1893 Utinam
499 1832 600 1894 esset
620 1804 776 1920 ⁴proprie
802 1817 902 1895 mea!
941 1820 1103 1899 Senatus
1129 1824 1241 1922 igitur
1266 1846 1397 1923 magna
1423 1847 1470 1898 ex

161 1938 281 2026 parte.

247 2045 355 2110 Μίνο7
376 2047 428 2112 hic
446 2048 609 2132 respondit
622 2086 662 2098 -
678 2053 751 2114 -⁸.
794 2049 1016 2115 Remotionem
1037 2049 1178 2114 facturus
1200 2048 1231 2113 in
1253 2049 1470 2115 auctoritatem

162 2150 309 2214 senatus,
339 2162 404 2218 qno
426 2144 612 2207 decernente
634 2144 735 2225 puniti
757 2143 819 2208 sint
843 2143 999 2209 Catilinae
1021 2143 1116 2218 socii,
1147 2142 1346 2225 amplectitur
1365 2146 1471 2228 quod·

163 2235 233 2296 dans
255 2246 385 2310 votum,
414 2236 504 2320 qnasi
525 2238 666 2320 potuerit
691 2239 783 2302 etiam
809 2236 952 2322 gloriose
973 2237 1120 2301 confiteri
1142 2249 1300 2302 auctorem
1326 2258 1362 2300 se
1387 2236 1468 2300 illius

121 2326 259 2390 illusisse
282 2328 445 2410 suppliciis
478 2329 576 2413 magis
598 2331 678 2393 enim
706 2352 746 2394 ex
775 2333 836 2394 hoc
864 2331 1032 2396 remotioni
1055 2330 1185 2394 firmitas
1207 2328 1409 2416 adquinctnr,
1441 2327 1470 2395 si

163 2421 303 2504 potuerit
325 2443 392 2486 esse
415 2423 506 2487 etiam
527 2424 624 2508 ipsius
646 2427 685 2487 de
707 2447 741 2489 se
763 2425 914 2488 insidenda
936 2424 1111 2488 confessio.

241 2575 302 2658 11.
328 2584 410 2680 Dii,
434 2588 604 2684 inquam,
630 2577 874 2662 immortales!
901 2586 1097 2660 Letttulum
1112 2581 1128 2682 ΙΙ

453 2700 751 2803 [Desiderantur
767 2705 938 2816 paginae
962 2701 1179 2805 quotidem]

704 2822 722 2858 ὓ
911 2822 929 2857 0

806 2869 824 2906 si

1303 2998 1469 3018 Ἦ

237 3114 262 3162 i.
281 3113 316 3158 lte
336 3113 460 3159 manileste
478 3114 570 3170 codsa;
598 3117 622 3158 et
642 3118 751 3158 notemus
774 3112 900 3159 Ciceronis
919 3113 1063 3158 isinilissent
1080 3114 1117 3158 sei
1139 3119 1274 3172 cognatum.
1311 3111 1336 3159 2.
1357 3114 1393 3160 iis
1416 3117 1469 3160 eod.

302 3197 355 3228 enm
373 3183 462 3239 diphth.
500 3180 524 3228 3.
543 3183 604 3227 Cod.
630 3182 765 3240 improbes.
803 3180 828 3228 4.
848 3183 907 3227 Coti.
927 3182 1117 3243 seditiososque.
1155 3182 1178 3227 ⁵.
1199 3183 1259 3228 Cod.
1275 3190 1365 3240 poris,
1389 3199 1472 3241 supet·

303 3253 469 3308 rectitudines,
491 3256 525 3297 ita
539 3257 564 3296 nt
578 3253 610 3296 sit
623 3258 731 3310 pos-iem.
768 3249 792 3296 6.
812 3251 1076 3298 commitit-idoncos.
1115 3248 1139 3297 i.
1159 3252 1220 3299 Cod.
1238 3253 1330 3299 mirae.
1367 3252 1393 3300 8.
1412 3256 1471 3300 Vet-

303 3323 393 3367 eicuiee
412 3334 472 3367 enus
494 3335 547 3367 eunt
566 3321 663 3381 dimidio
683 3335 784 3378 recem,
801 3322 897 3368 emissis
915 3322 1002 3367 litteris
1020 3321 1129 3367 Graecis.

262 3490 288 3613 ii.
308 3488 341 3542 ln
359 3485 414 3542 hoo
432 3485 563 3542 uocabulo
582 3490 718 3561 incipiunt
736 3485 925 3562 supplements
943 3491 1002 3542 eius
1021 3486 1151 3555 lacunae,
1171 3502 1239 3560 qnae
1257 3490 1288 3541 in
1306 3485 1473 3543 editionibus

168 3573 266 3614 oeeurr
279 3576 300 3616 t.

261 3640 287 3694 6.
307 3637 376 3708 Lege
395 3634 479 3706 Quid.
518 3636 589 3690 Tum
607 3633 671 3691 icet.
692 3636 825 3693 cinerea.
854 3637 911 3692 Os·

261 3716 289 3770 9.
307 3713 378 3764 iiuic
387 3726 553 3784 praenomen
563 3713 628 3764 dent
639 3714 737 3764 caium
747 3714 845 3766 cicero
856 3729 906 3784 pro
918 3709 1009 3765 itabir.
1020 3711 1070 3767 lx.
1082 3726 1109 3765 et
1119 3710 1210 3764 Valet.
1222 3710 1297 3765 Max.
1311 3711 1387 3766 viti.
1406 3717 1430 3770 i.
1445 3727 1473 3786 p.

169 3785 517 3858 manumittetur·
530 3783 689 3840 damnatum
703 3786 844 3841 Saturnini
856 3801 938 3842 causa
948 3789 979 3841 C.
989 3787 1143 3840 Decianum
1154 3791 1245 3848 aiunt;
1259 3783 1306 3839 sed
1320 3803 1418 3840 neuter
1432 3785 1474 3840 vet

168 3861 314 3936 Apuleium
334 3860 452 3935 appellat
471 3860 514 3914 sei
532 3859 567 3914 sd
585 3877 675 3936 partes
695 3879 756 3916 eum
768 3860 975 3917 Mithridaticae
990 3859 1165 3935 transfugisse
1178 3864 1231 3913 sit:
1251 3865 1339 3914 immo
1353 3861 1475 3916 veterius

169 3934 318 3991 honorifice
337 3934 371 3990 de
390 3954 423 3991 eo
441 3934 583 4010 loquitur..
619 3937 701 3992 Nunc
713 3937 860 4009 Apuleium
872 3939 991 4010 Apstieio
1005 3936 1153 3991 Saturnino
1166 3934 1263 4010 gentili
1277 3952 1327 3990 eoo
1340 3937 1476 3992 ferentem

169 4010 492 4177 riteupppTribmm
518 4084 593 4142 hune
611 4084 730 4142 collocet
748 4087 862 4160 Pighius
881 4090 911 4143 in
930 4088 1045 4142 aaronis
1064 4102 1092 4141 et
1110 4087 1248 4142 Postumii
1266 4084 1414 4140 consulatu
1433 4100 1476 4141 sn.

170 4160 230 4216 urb·
246 4160 358 4295 gelasio
376 4233 445 4291 dixit
464 4240 547 4291 etiem
566 4238 703 4291 Romanoa
723 4237 785 4303 ille,
805 4235 930 4311 Caligula
949 4239 1057 4304 occiso,
1076 4239 1106 4288 in
1125 4233 1224 4289 Dionis
1243 4231 1344 4308 fragm.
1362 4234 1426 4290 Vas.

245 4311 349 4369 17.De
368 4311 450 4384 ligure
470 4317 623 4367 remotione
642 4312 754 4366 consule
775 4313 955 4385 artigraphos.

245 4392 300 4480 ²⁵⁰.
308 4388 395 4441 Periit
415 4384 515 4480 folium
533 4403 670 4460 quartum.
690 4387 719 4441 id
738 4404 795 4454 est,
815 4391 960 4454 intimum,
980 4388 1180 4457 quaternionis:
1199 4398 1281 4457 etque
1299 4383 1367 4438 hinc
1386 4382 1476 4438 deesse

170 4477 362 4591 :iiiiii
379 4457 1476 4611 tilieti*‘inlinit‘‚iiiiiiiiii‘iiii‘iiiiii

170 4609 253 4665 luerit
271 4611 386 4666 lacunae
403 4616 540 4684 spatium,
570 4626 598 4665 et
623 4629 705 4688 quam
731 4618 786 4666 ism
812 4630 906 4686 parurn
935 4614 1063 4664 materiae
1090 4609 1127 4663 ob
1151 4607 1313 4683 explendum
1340 4607 1476 4662 delectum

170 4684 349 4741 desideretur.
394 4688 477 4740 Certe
501 4693 530 4740 in
555 4687 609 4742 hoc
635 4705 695 4745 toto
714 4693 830 4742 emisses
849 4691 978 4741 materiae
997 4701 1088 4742 tractu
1107 4687 1253 4742 t'erictntte
1272 4688 1407 4760 interpres
1426 4698 1476 4759 pe-

171 4765 248 4834 giuss
267 4765 466 4817 commentarii
480 4778 536 4817 non
555 4760 616 4838 ples
634 4779 763 4839 quattuor
782 4767 939 4839 insumpsit.
