3210 5280
163 160 224 224 ιιι
600 155 1026 225 rsnnnoascouins

162 292 354 364 conscientia
382 311 413 364 et
438 299 587 365 societate
611 322 681 363 cum
709 321 767 364 reo
793 299 977 376 Dolabella,
1010 299 1062 363 cui
1088 320 1149 382 pro
1175 314 1345 386 quaestore
1370 305 1475 370 lucrat

164 405 197 456 et
218 395 353 477 legatus.

247 489 363 551 Homo
385 489 590 569 adolescens]
633 487 714 566 Quia
729 485 870 570 cupidius
885 487 1045 551 accusarit
1056 510 1151 573 quam
1167 490 1347 575 graviorem
1365 492 1468 556 rirrrur

162 583 309 653 decebat,
333 582 387 641 sed
410 592 578 643 excusatur
600 593 713 644 aetate.

137 689 151 739 t
246 677 289 752 (§.
313 672 383 752 98.)
405 674 531 740 Eorum
565 678 712 737 omnium
748 673 954 736 uoluntatem
987 670 1178 754 repudiavi]
1228 674 1310 754 Quia
1342 696 1407 741 non
1436 688 1471 740 nt

162 766 297 829 Scaurus
320 769 500 830 adolescens
521 785 650 828 accuso.

244 857 322 923 Non
349 869 586 946 accusatorem
608 859 756 920 maxime
781 856 922 919 laudari
952 854 1045 933 uolo]
1089 857 1333 925 Accusatoriurn
1356 881 1470 925 nomen

159 951 202 1015 ita
224 952 296 1016 viro
322 956 409 1016 bono
430 952 612 1036 fugiendum
640 960 705 1022 est,
729 951 754 1022 †
778 949 831 1010 vel
856 949 977 1012 audisse
1001 970 1094 1013 nosse
1121 971 1186 1016 non
1208 952 1284 1016 satis
1304 968 1470 1020 accusato·

160 1066 227 1109 rem
252 1045 362 1109 videri.
407 1045 486 1109 Tale
508 1055 556 1106 est
579 1043 657 1105 illud
679 1041 915 1104 'l'erentianum

118 1153 150 1204 to
396 1139 478 1215 Eia,
500 1159 541 1200 ne
562 1155 686 1218 parum
706 1134 782 1196 leno
802 1135 876 1196 sies.

243 1233 395 1295 Rationes
416 1229 464 1290 ad
482 1225 666 1304 aerarium]
711 1223 793 1303 Quia
814 1224 964 1309 redargui
987 1223 1092 1307 potuit
1114 1225 1324 1302 curiositatis,
1349 1227 1375 1291 si
1400 1241 1467 1292 ante

160 1321 385 1383 (lamnationem
418 1316 602 1380 Dolabellae
632 1337 720 1379 inore
748 1327 950 1399 quaestorum
978 1319 1115 1381 rationes
1137 1322 1176 1381 ad
1200 1322 1355 1384 aerarium
1382 1335 1467 1385 retu-

159 1413 259 1478 lisset.
304 1414 357 1477 Sic
371 1412 451 1474 enim
468 1411 563 1472 tiebat
578 1412 602 1484 †
618 1408 660 1471 ait
682 1411 720 1470 de
741 1409 914 1490 provinciis
936 1400 1120 1494 quaestores
1145 1414 1278 1476 Romam
1299 1417 1465 1479 redissent.

243 1505 388 1569 Proinde
409 1505 511 1587 quasi
528 1501 748 1581 exscribendi]
792 1503 862 1564 Etsi
884 1516 1070 1586 occupasset
1092 1517 1256 1569 accusator
1279 1509 1403 1570 tabulas
1423 1507 1466 1570 rei

118 1608 214 1662 tsaut
238 1598 407 1661 amicorum
439 1594 523 1667 eius,
558 1605 659 1655 tamen
685 1595 724 1654 ad
753 1597 949 1659 necessarios
976 1618 1048 1661 usus
1072 1597 1188 1660 licebat
1211 1600 1416 1672 exscribere,
1436 1599 1466 1662 id

164 1701 231 1766 est,
255 1690 397 1772 exempla
420 1685 605 1749 transferre.

246 1782 315 1861 Qui
335 1798 510 1863 reunqaam
532 1781 679 1842 rationes
710 1778 758 1840 ad
779 1783 953 1844 aerarium
981 1782 1122 1863 referat]
1165 1785 1240 1846 Hoc
1268 1781 1358 1860 ideo,
1394 1783 1465 1869 qnia

160 1895 218 1936 nec
240 1874 413 1957 superioris
435 1880 641 1956 qitaesturae,
665 1890 745 1951 quae
765 1892 834 1932 cum
852 1871 1001 1935 Carbone
1022 1873 1099 1951 luit,
1124 1877 1262 1956 rabones
1284 1896 1326 1939 cx
1349 1896 1409 1940 asu
1429 1878 1466 1939 ad

164 1968 319 2030 aerarium
340 1966 510 2031 retulisset.

119 2075 151 2127 ιι
244 2061 362 2126 Tribus
383 2056 565 2138 uersiculis]
609 2055 667 2120 Ait
688 2055 790 2119 enim:
813 2057 952 2139 Accepi,
977 2059 1066 2134 dedi,
1088 2060 1214 2145 reliqui.
1244 2128 1246 2132 ,

1100 2180 1465 2198 Ἥ

253 2247 279 2296 1.
294 2256 349 2309 pro
368 2238 523 2307 queaestore]
542 2244 728 2304 proquaestor
747 2237 823 2288 Man.
973 2255 983 2280 ι

252 2314 280 2371 11.
300 2313 428 2374 decebat,
447 2309 508 2380 sed]
529 2310 658 2374 decebat,
676 2318 705 2360 et
724 2308 860 2374 dolosius,
882 2308 932 2360 sed
949 2309 1014 2364 nor.
1034 2314 1114 2367 Creo.

253 2393 278 2447 5.
300 2387 404 2439 Earum
414 2391 532 2437 omnium
542 2385 724 2452 voluntatem]
735 2384 838 2436 Earum
848 2402 901 2453 ego
911 2385 1083 2437 volrrntatem
1094 2391 1213 2440 omniurn
1226 2388 1305 2444 editt.
1313 2390 1466 2448 Ciceronis.

196 2463 304 2516 ·lbid.
325 2460 485 2532 repudiavi]
514 2459 575 2513 Ald.
595 2475 622 2512 et
643 2476 718 2530 seqq.
737 2489 772 2502 -
790 2459 948 2528 repudiauit
971 2461 1063 2515 Ptine.
1087 2462 1191 2516 Berald.

251 2542 278 2597 6.
298 2537 372 2606 Quia
390 2553 460 2600 non,
479 2544 510 2586 ut
529 2535 663 2599 Scaurus,
682 2533 842 2586 adolescens
860 2539 1023 2604 accns01„
1033 2538 1144 2588 licere'
1136 2557 1165 2589 ιιι
1179 2539 1232 2591 hac
1246 2545 1466 2612 comparatione

160 2619 366 2740 cptelrpmdtppp
382 2574 490 2740 Tulllpr
510 2608 631 2737 aedppia
651 2608 1027 2749 aerapelpdppppenrpidhuc
1047 2611 1101 2663 dici
1122 2629 1237 2682 parerat
1275 2615 1344 2666 Vide
1359 2616 1467 2670 Manui.

160 2704 175 2740 a
275 2703 289 2738 a
358 2691 426 2738 icere
506 2700 533 2737 et
598 2699 666 2736 earn
688 2701 702 2734 a
845 2703 893 2755 rip
1039 2702 1100 2738 nam
1123 2703 1184 2738 narn
1205 2707 1237 2740 ex
1260 2693 1361 2742 intimo
1386 2708 1467 2744 sensa

159 2780 247 2832 neque
270 2779 298 2814 se
321 2749 418 2814 Cicero
440 2777 528 2830 neque
552 2759 619 2811 alini
647 2764 790 2832 qnisquam
813 2704 1161 2832 adolescentemqpmaler
1188 2779 1232 2815 ιιιι
1252 2768 1304 2815 iam
1329 2763 1445 2816 ollam
1439 2785 1468 2818 ιιι

159 2853 249 2891 aetate
268 2840 374 2890 veniam
397 2849 526 2907 speraret.
573 2833 640 2886 Vide
666 2850 714 2903 pra
741 2835 820 2887 Boeo.
847 2837 924 2888 Com.
947 2839 992 2893 15.
1017 2851 1043 2887 et
1066 2835 1129 2888 libri
1151 2838 1320 2891 illiceris.
1347 2845 1467 2894 initium.

159 2915 230 2967 Vere
252 2916 336 2985 igitur
365 2914 515 2976 Asconius,
544 2927 600 2961 non
619 2913 853 2981 comparationem
880 2906 962 2960 ruodo
989 2910 1189 2979 cucusenam,
1218 2913 1266 2966 sed
1295 2932 1352 2967 rem
1378 2920 1467 2988 ipsam

159 3004 267 3060 qnoque
289 2989 395 3076 potins]
416 3000 496 3054 quern
523 3001 600 3036 ιιιιιιιι
626 2999 673 3036 aut
696 2987 840 3055 opiniones
863 2983 992 3038 secutus)
995 2985 1170 3040 'caum

252 3069 279 3121 8.
298 3064 351 3128 ita]
378 3064 406 3111 in
425 3068 513 3112 totum
534 3058 616 3132 Logd.
637 3059 713 3119 Mau.

235 3135 306 3190 lbid
319 3134 392 3206 fug.
412 3143 491 3186 est·
550 3142 778 3186 -acausatorern
796 3119 901 3200 uideri]
939 3135 985 3187 Sic
1006 3150 1133 3206 corrupte
1153 3136 1246 3188 Prlne.
1265 3133 1384 3191 nld.-
1401 3138 1469 3206 sug.

159 3219 216 3277 est,
237 3219 268 3262 ut
287 3229 343 3263 non
361 3215 433 3262 satis
450 3214 489 3260 sit
507 3207 598 3260 odisse
616 3215 808 3260 accusatorem
826 3206 918 3258 videri
931 3206 1038 3260 Berald.
1053 3208 1121 3263 Lod.
1143 3238 1179 3252 -
1196 3211 1264 3279 fug.
1282 3221 1333 3264 est.
1352 3215 1403 3264 vel
1419 3213 1469 3265 hac

161 3282 246 3351 dieii,
264 3303 293 3338 se
312 3285 383 3337 velle
401 3302 456 3334 non
475 3289 546 3334 satis
566 3291 756 3334 acernatorern
774 3280 866 3333 videri
879 3281 964 3354 Lugd.
978 3284 1055 3336 Man.
1074 3312 1112 3327 -
1122 3282 1194 3354 fug.
1216 3294 1272 3349 est,
1291 3295 1324 3337 ut
1343 3296 1396 3339 aret
1413 3288 1471 3340 dici

159 3367 271 3415 omnino
289 3377 319 3412 se
337 3367 527 3411 accusatorem
546 3359 632 3423 nolit,
650 3365 701 3409 aret
719 3358 789 3408 velit
807 3374 836 3407 se
847 3374 903 3407 non
915 3362 986 3408 satis
1000 3368 1192 3411 accusatorem
1202 3360 1294 3411 videri
1307 3362 1370 3414 llot
1388 3365 1469 3416 Creu.

162 3467 194 3480 -
215 3435 306 3506 Drer
319 3436 441 3500 omnino]
462 3433 512 3487 His
525 3430 630 3485 duobus
644 3431 733 3485 verim
748 3435 828 3487 inane
841 3435 960 3504 spanum
974 3438 1152 3507 manuscripti
1167 3434 1358 3508 replevimus
1379 3437 1467 3492 noi.

247 3513 274 3568 9.
294 3509 501 3576 Terentianum]
528 3505 1026 3565 Phorm.ncr.111.se.2.u.25.

234 3591 279 3641 io.
299 3585 382 3650 Heia]
410 3582 456 3636 Sic
476 3587 582 3654 scripsi.
601 3610 639 3625 -
656 3580 724 3632 itera
742 3581 834 3635 Princ.
856 3580 961 3635 Berald.
980 3581 1045 3638 ΑΜ.
1065 3588 1165 3636 -eia
1183 3582 1250 3637 Lod.
1270 3599 1297 3638 et
1317 3602 1395 3658 seqq.

230 3657 303 3716 Ibid.
322 3664 385 3711 leno
403 3660 469 3725 sies]
491 3658 607 3711 leno.
656 3662 735 3710 ‚sies
754 3659 848 3710 Princ.

235 3741 279 3792 1.1
298 3730 574 3805 Quia1Lngd.llot.
596 3695 672 3785 idun
693 3732 831 3785 Creo.-
795 3734 898 3802 -qui
916 3736 1030 3804 priores.

232 3806 304 3861 lbtd.
323 3810 511 3875 curiositatis]
536 3807 625 3860 Princ.
646 3804 753 3864 Berald.
777 3804 834 3859 uid.
855 3806 921 3859 Lod.
942 3833 978 3849 -
997 3824 1092 3857 earum
1104 3803 1229 3876 salsitas
1247 3812 1343 3862 ceteri.

233 3889 280 3940 12.
298 3885 433 3950 rationes]
459 3879 542 3955 bugd
562 3883 626 3934 llot.
646 3883 723 3934 Man.
744 3882 881 3935 Crem-
899 3886 1037 3933 rationem
1057 3887 1172 3951 priores.

233 3963 279 4019 15.
291 3955 385 4030 fiebat
403 3963 446 4009 ait
463 3956 509 4029 de]
529 3957 575 4009 Sic
593 3971 720 4028 corrupte
740 3956 831 4009 Princ.
850 3983 888 3999 —
900 3955 994 4028 fiebat
1013 3965 1161 4024 antequam
1180 3955 1213 4008 de
1227 3954 1337 4013 Berald
1352 3956 1422 4010 Lod.
1432 3986 1470 4001 -

153 4029 264 4109 fiebat,
291 4037 335 4083 ait
353 4049 413 4084 cum
431 4031 466 4084 de
485 4029 607 4088 Alet-
577 4028 724 4104 -Jiebat
748 4040 815 4083 ante
835 4048 895 4083 cram
919 4030 953 4083 de
972 4028 1057 4102 bugd.
1076 4032 1154 4085 Man.
1175 4058 1211 4072 -
1223 4029 1319 4106 fiebat
1337 4035 1430 4087 simiel
1439 4041 1469 4086 at

158 4110 193 4161 de
212 4110 277 4163 Hot.
297 4106 379 4160 Creo.
1474 4130 1477 4137 ⁴

234 4179 472 4249 ibid.'rediseent]
502 4181 595 4234 Princ.
615 4208 651 4222 -
670 4179 821 4231 rediissent
838 4184 935 4235 ceteri.
1024 4189 1025 4193 ’

232 4259 278 4316 tlt.
297 4255 429 4324 Proinde]
458 4255 577 4307 Perinde
598 4254 684 4328 Lugd.
709 4255 787 4308 Man.

233 4337 280 4390 15.
301 4334 406 4399 tamen]
427 4331 495 4384 Lod.
514 4330 580 4383 llot.
600 4331 681 4384 Cren.
701 4360 738 4373 —
757 4337 867 4381 tantum
887 4335 982 4384 ceteri.

231 4415 276 4466 17.
295 4406 420 4476 referat]
441 4403 585 4475 refluebat
603 4404 694 4458 Princ.
713 4401 821 4459 Berald.
846 4402 913 4460 Lod.
1025 4410 1069 4467 18.
1089 4406 1151 4476 nee]
1184 4423 1219 4457 ne
1237 4409 1329 4462 Princ.
1351 4405 1413 4461 ild.

232 4479 303 4537 ibid.
322 4499 359 4533 ex
378 4486 439 4549 inu]
468 4480 514 4534 Sic
539 4479 622 4533 scrib.
642 4479 758 4534 videtur.
776 4498 813 4530 ea
832 4477 990 4554 absorptum
1011 4498 1050 4535 est
1071 4497 1086 4533 a
1105 4480 1249 4554 praecedd.
1269 4483 1324 4536 liu.
1350 4499 1388 4540 es.
1415 4484 1466 4538 On.

158 4588 195 4604 ..
214 4575 280 4611 ιιιιιι
299 4559 391 4610 Prloc.
411 4556 472 4611 ild.
491 4589 528 4602 -
547 4573 600 4607 orn.
619 4560 712 4609 ceteri.

234 4639 279 4690 2⁰.
298 4633 452 4685 versiculis.
491 4638 543 4687 Ait
561 4635 633 4681 enim
665 4634 745 4699 Aac]
780 4629 862 4700 lugd.
882 4632 947 4685 lior.
967 4633 1043 4688 Man.
1064 4631 1149 4686 Creu.
1174 4659 1209 4676 -
1233 4635 1381 4688 versiculis
1397 4640 1469 4688 enim

159 4716 202 4766 ait
220 4727 278 4765 aaa.
297 4709 391 4764 Prtnc.
409 4711 517 4766 Berald.
537 4704 600 4767 ald.
621 4734 656 4752 -
675 4707 822 4763 versiculis
840 4708 980 4779 relatam]
1003 4713 1070 4763 Aac.
1090 4707 1159 4766 Lod.
