3210 5280
198 214 261 281 tm
362 213 530 282 SCHOL.
554 213 765 283 GRONOV·
788 215 1006 323 IN‘ORAT.
1029 217 1124 301 PRO
1146 217 1350 285 MILONE.

282 356 365 441 Cap.
390 358 422 422 1.
447 357 478 421 1.
516 357 596 423 Etsi
622 358 754 442 vereor]
790 358 932 423 Armatis
963 358 1096 422 cinctum
1127 356 1288 423 indicium.
1346 359 1529 443 Pompeius

197 453 336 518 inminet.
382 452 507 530 Timet,
549 475 588 517 ne
612 451 731 518 iudices
758 454 797 516 ad
824 453 916 516 huius
940 452 1102 519 arbitrium
1125 452 1242 518 timore
1263 453 1420 519 commoti
1442 455 1526 519 iudi·

197 560 282 613 cent.
326 547 452 612 Idcirco
475 548 600 611 laborat
621 546 800 632 principio,
831 559 866 610 ut
892 548 1007 612 adimat
1036 547 1134 613 iudici
1164 548 1323 614 timorem.
1368 551 1436 613 Sed
1460 572 1526 613 non

197 652 306 726 potest
334 642 424 705 aliter
450 644 593 719 demere,
630 642 687 707 nisi
714 663 801 706 suam
831 641 993 707 miscuerit
1024 663 1212 726 personam3
1246 654 1298 720 ut,
1331 666 1433 727 quum
1463 645 1527 708 sibi

172 737 345 812 ssulatium
377 737 502 800 dederit
531 748 563 800 et
593 736 707 800 dixerit
736 757 770 799 se
800 758 863 801 non
893 737 1023 812 timere,
1052 749 1177 800 recreet
1205 736 1341 801 animum
1369 738 1526 803 iudicum.

197 831 319 896 Deinde
340 850 479 913 persona
503 830 637 894 Milonis
658 829 754 895 fortis
778 842 840 907 est,
866 853 946 915 quae
968 831 1149 914 supplicare
1171 853 1234 896 non
1258 832 1361 897 novit.
1431 866 1439 871 -

285 923 372 991 Viro
394 923 520 1007 dicere]
543 924 679 988 Dicebat
696 923 814 989 Cicero
830 920 956 990 insidias
972 926 1090 992 Miloni
1105 947 1121 989 a
1140 925 1259 991 Clodio
1273 927 1391 992 factas.
1430 928 1526 1014 Ergo

198 1018 346 1106 qnoniam
370 1017 578 1083 obiiciebatnr
600 1019 647 1098 ei,
672 1041 771 1107 qnare
794 1020 888 1100 vicit,
913 1021 941 1085 si
962 1020 1035 1084 huic
1057 1032 1130 1085 sunt
1152 1019 1170 1057 ⁰
1193 1020 1212 1057 ⁹
1235 1020 1252 1056 ‘³

643 1164 835 1230 CETERA
856 1165 1064 1230 DESUNT.

271 1379 297 1433 5.
317 1377 433 1444 recreet]
455 1373 521 1430 Sch.
540 1403 574 1419 -
595 1382 708 1429 recreat
727 1376 763 1432 G.
783 1375 833 1432 Gr.
880 1376 908 1433 6.
926 1392 996 1448 quas
1017 1373 1173 1446 supplicare
1191 1378 1260 1445 non]
1282 1376 1318 1432 G·
1339 1374 1391 1431 Gr.
1412 1403 1450 1420 ·-
1468 1394 1521 1448 qna

194 1451 351 1525 supplicare
369 1469 428 1504 rem
446 1451 512 1507 sch.
