3210 5280
298 227 347 290 IN
371 227 514 292 ORAT.
536 227 585 291 IN
608 223 827 294 CLODIUM
848 227 911 291 ΕΤ
934 225 1199 293 CURIONEM.
1347 221 1409 288 bil

91 365 340 444 „gattsstmum.
366 389 533 453 quemque
555 377 758 444 secemeret3
779 377 818 431 ut
837 370 986 449 primum
1015 366 1144 431 radices
1170 365 1409 442 consederunt,

92 505 106 529 ‚,
118 456 214 521 valde
238 458 391 534 diffidere
411 458 493 522 boni
512 467 716 538 coeperunt:
736 480 804 521 non
824 460 914 523 enim
936 479 1100 543 umquam
1113 459 1248 538 turpior
1268 459 1303 518 in
1323 454 1408 518 ludo

91 549 246 621 „talario
270 570 441 614 consessus
457 548 556 629 fuit:
593 549 769 610 maculosi
788 558 979 626 senatores,
1005 546 1090 611 nudi
1113 548 1261 630 equites,
1282 545 1411 611 tribuni

90 660 181 712 „non
204 647 276 700 tam
298 642 409 703 aerati
429 658 552 722 quam,
574 646 611 698 ut
632 639 871 718 appellantur,
892 641 1033 706 aerarii.
1073 641 1183 703 Pauci
1195 649 1309 705 tamen
1328 639 1411 702 boni

91 731 264 802 „inerant.
287 725 372 812 quos
394 732 575 795 reiectione
589 726 726 809 fugare
747 729 809 794 ille
824 751 892 792 non
904 739 1083 812 potuerat,
1105 731 1168 814 qui
1185 732 1309 793 maesti
1323 731 1410 793 inter

90 821 171 893 „sui
197 819 373 883 dissimiles
403 829 436 884 et
463 828 647 884 maerentes
676 819 849 899 sedebant,
881 830 913 885 et
942 821 1149 903 contagione
1186 818 1408 898 turpitudinis

92 910 322 981 „uehementer
333 909 625 989 permovebantur.
664 906 756 985 Hic,
778 918 817 971 ut
838 931 995 994 quaeque
1009 927 1062 974 res
1083 910 1132 973 ad
1143 910 1326 973 consilium
1340 910 1409 989 pri·

92 1000 177 1072 „mis
201 994 418 1079 petitionibus
434 997 664 1077 referebatur,
685 997 891 1065 incredibilis
904 1009 979 1065 erat
993 1003 1168 1077 severitas,
1188 999 1289 1062 nulla
1304 1000 1410 1062 carie·

93 1097 187 1162 „tate
212 1092 477 1152 sententiarum:
497 1089 582 1150 nibil
597 1087 913 1173 impetrabatreus:
933 1091 1013 1170 plus
1028 1086 1231 1153 accusatori
1242 1088 1409 1165 dabatur,

90 1199 221 1259 „quam
245 1178 463 1258 postulabat:
491 1173 724 1259 triumphabat
744 1177 845 1260 (quid
866 1181 1042 1262 quaerisi)
1063 1180 1268 1245 Hortensius
1298 1199 1333 1243 se
1362 1179 1410 1241 vi·

91 1270 200 1343 „disse
220 1279 373 1332 tantum.-
392 1291 489 1333 nemo
510 1277 605 1343 erat,
625 1269 688 1352 qui
706 1266 809 1329 illum
828 1289 923 1332 reum
937 1289 982 1332 ao
1001 1291 1070 1332 non
1091 1272 1238 1334 milliens
1252 1268 1408 1334 condem·

89 1370 230 1434 „natam
261 1359 513 1424 arbitraretur.'
539 1361 599 1424 Me
623 1378 699 1422 vero
721 1366 802 1422 teste
822 1359 1015 1438 producto,
1047 1359 1147 1423 credo
1168 1368 1202 1423 te
1222 1381 1266 1423 ex
1286 1360 1406 1423 accla-

91 1455 265 1526 „matione
293 1451 405 1514 Clodii
429 1452 677 1515 advocatorum
702 1447 856 1526 audisse,
884 1470 974 1533 quae
994 1453 1226 1514 consurrectio
1254 1447 1408 1512 iudicum
1435 1438 1469 1470 '⁴

91 1539 219 1620 „facta
243 1545 305 1621 sit,
337 1550 375 1602 ut
399 1562 450 1604 me
474 1541 769 1616 circumsteterint,
801 1547 839 1601 ut
864 1549 981 1619 aperte
1009 1541 1136 1622 iugula
1158 1561 1223 1602 sua
1247 1560 1312 1621 pro
1331 1561 1407 1603 meo

90 1635 230 1710 „capite
254 1632 288 1692 P.
314 1629 433 1693 Clodio
458 1630 664 1694 ostentarint.
708 1630 804 1708 Quae
823 1632 909 1692 mibi
925 1651 978 1694 res
999 1632 1109 1694 multo
1129 1629 1408 1705 honorificentior

92 1770 107 1792 „
116 1730 183 1796 est,
204 1740 308 1803 quam
323 1729 384 1782 aut
399 1720 482 1797 illa,
505 1740 611 1802 quum
633 1720 748 1782 iurare
767 1722 821 1781 tui
838 1720 925 1784 cives
937 1719 1169 1784 Xenocratem
1180 1722 1409 1783 testimonium

91 1809 279 1883 „dicentem
296 1808 558 1890 probibuerunt,·
578 1817 640 1870 aut
662 1829 768 1892 quum
782 1807 920 1872 tabulas
934 1808 1071 1874 Metelli
1082 1810 1276 1884 Numidici,
1300 1830 1408 1892 quum

92 1901 191 1973 „bae‚
213 1909 251 1962 ut
267 1920 339 1961 mos
353 1909 420 1976 est,
433 1897 755 1978 circumferrentur,
774 1902 884 1962 nostri
896 1900 1026 1964 iudices
1039 1902 1193 1980 aspicere
1206 1902 1408 1978 noluerunt,

89 1993 224 2065 ,multo
245 1993 349 2066 baec,
371 1994 532 2074 inquam,
552 1998 669 2052 nostra
693 2009 745 2051 res
766 1991 888 2052 maior.
930 1991 1049 2073 ltaque
1072 1990 1227 2053 iudicum
1252 1990 1407 2070 vocibus,

91 2103 222 2164 „quum
237 2102 303 2163 ego
324 2085 373 2143 sic
388 2081 516 2157 abbis,
537 2089 575 2143 ut
595 2081 691 2142 salus
712 2083 867 2160 patriae,
888 2078 1101 2159 defenderer,
1113 2079 1260 2160 fractus
1284 2101 1361 2145 reus
1374 2090 1407 2145 et

89 2192 183 2247 „nna
209 2175 351 2251 patroni
371 2191 482 2234 omnes
507 2168 737 2233 conciderunt.
780 2167 840 2232 Ad
857 2190 909 2233 me
932 2178 1047 2234 autern
1069 2170 1188 2234 eadem
1203 2168 1406 2253 frequentia

90 2261 275 2341 „postridie
297 2264 467 2335 convenit,
489 2279 641 2342 quacum
655 2257 769 2322 abiens
783 2260 967 2322 consulatu
982 2280 1059 2321 sum
1073 2259 1212 2321 domum
1222 2259 1402 2348 reductus.

88 2352 269 2427 „Clamare
287 2353 467 2430 praeclari
477 2349 718 2428 Ariopagitae,
738 2369 773 2411 se
791 2361 860 2411 non
873 2369 942 2413 esse
963 2358 1133 2424 venturos,
1153 2351 1219 2412 nisi
1233 2349 1405 2429 praesidio

87 2444 307 2515 ,‚constituto.
350 2439 504 2518 Refertur
524 2439 573 2501 ad
592 2437 795 2501 consilium:
817 2459 886 2502 una
914 2440 992 2502 sola
1012 2441 1174 2505 sententia
1194 2441 1406 2520 praesidium

87 2551 181 2605 „non
201 2529 411 2593 desideravit.
451 2528 612 2608 Defertur
631 2528 683 2592 r'es
703 2528 751 2593 ad
767 2538 943 2594 senatum:
960 2531 1159 2612 gravissime
1181 2521 1407 2595 ornatissime-

87 2641 176 2701 „que
200 2620 406 2708 decemitur,
427 2619 616 2685 laudantur
640 2623 786 2700 iudices,
807 2621 910 2684 datur
932 2623 1107 2701 negotium
1128 2618 1403 2702 magistratibus,

87 2729 352 2789 „responsurum
364 2709 533 2774 bominum
553 2734 651 2778 nemo
671 2714 913 2782 arbitrabatur.
944 2706 1087 2776 ”Eonere
1108 2711 1165 2776 νῦν
1185 2733 1244 2795 μοι
1264 2710 1404 2794 μοῦσαι,

88 2793 225 2876 ,ὅππως
246 2797 286 2880 δὴ
308 2800 436 2888 πρῶτον
457 2801 521 2888 nup
544 2803 668 2886 ἔμπεσε.
699 2802 810 2869 'Nosti
835 2806 976 2870 Calvum
999 2826 1043 2869 ex
1067 2805 1276 2871 Nanneianis
1304 2806 1406 2867 illurn

88 2892 330 2966 „laudatorem
353 2915 483 2968 meam,
504 2895 544 2960 de
576 2899 676 2961 caius
706 2897 861 2961 oratione
889 2915 975 2979 erga
1002 2916 1054 2958 me
1079 2894 1272 2970 honorifica
1302 2893 1351 2956 ad
1372 2902 1405 2957 te

88 2986 324 3064 „scripseram
364 2984 471 3048 biduo
490 3007 552 3066 per
560 3008 672 3050 unum
690 3007 838 3067 servum,
857 2993 891 3049 et
910 3005 988 3050 eum
1004 3005 1048 3050 ex
1069 2983 1152 3047 ludo
1169 2984 1405 3068 gladiatorio,

88 3071 265 3152 „confecit
284 3083 394 3138 totum
415 3079 609 3157 negotium:
637 3079 815 3142 accersivit
843 3075 965 3151 adse,
991 3077 1168 3156 promisit,
1200 3075 1404 3149 intercessit,

88 3163 215 3238 „dedic
255 3165 330 3227 Iam
353 3186 429 3228 vero
450 3168 487 3240 (o
509 3166 559 3228 dii
576 3166 678 3229 boni!
705 3188 774 3231 rem
798 3166 1002 3247 perditamt)
1027 3168 1131 3231 etiam
1152 3175 1268 3228 noctes
1296 3175 1407 3228 certa-

88 3274 187 3327 „rum
223 3256 404 3318 mulierum
437 3265 540 3338 atque
574 3258 911 3321 adulescentulorum
941 3255 1107 3320 nobilium
1139 3257 1404 3321 introductiones

85 3346 286 3417 „nonnullis
311 3343 479 3407 iudicibus
511 3367 575 3426 pro
607 3346 768 3412 mercedis
804 3348 949 3412 cumulo
975 3346 1134 3428 fuerunt.
1187 3350 1241 3411 lta
1271 3368 1405 3410 summo

89 3431 259 3505 „discessu
284 3433 469 3510 bonorum,
492 3437 594 3516 pleno
610 3435 699 3516 foro
723 3457 913 3517 servorum,
940 3438 1051 3502 XXV.
1076 3439 1205 3504 iudices
1226 3441 1276 3500 ita
1288 3437 1404 3516 sortes

88 3534 226 3595 „tomen
239 3524 407 3604 suerunt,
429 3537 485 3603 ut,
506 3520 638 3591 summo
657 3530 834 3609 proposito
848 3530 1005 3611 pericula
1021 3530 1072 3592 vel
1084 3530 1195 3609 perire
1208 3530 1404 3602 maluerint,

88 3635 218 3696 „quam
237 3618 373 3697 perdere
396 3620 529 3692 omnia,·
558 3618 697 3682 XXXI.
710 3617 878 3698 fuerunt,
899 3638 985 3700 quos
998 3616 1118 3697 fames
1141 3620 1276 3701 magis,
1297 3638 1404 3702 quam
1485 3678 1486 3682 ,

88 3703 233 3784 „fama,
255 3713 490 3774 commoverit:
512 3729 658 3790 quorum
673 3711 814 3772 Uatulus
829 3729 934 3791 quum
959 3708 1090 3772 vidisset
1112 3708 1298 3787 quendam,
1320 3706 1406 3791 qur'd

88 3817 189 3873 ,‚vos,
210 3798 339 3881 inquit,
358 3803 567 3881 praesidium
586 3823 609 3864 a
632 3801 727 3865 nobis
745 3797 998 3883 postulabatis?
1017 3819 1082 3873 an,
1102 3820 1142 3862 ne
1164 3803 1295 3862 nummi
1312 3798 1403 3860 cobis

88 3890 335 3968 „eriperentur,
355 3885 550 3955 timebatis?
581 3890 718 3958 Habes.
739 3900 775 3952 ut
796 3890 982 3956 brevissime
1012 3891 1131 3969 potui,
1150 3909 1257 3969 genus
1280 3889 1403 3951 iudicii
1479 3915 1482 3922 ¹

88 3988 144 4052 „et
165 3998 308 4045 causam
331 3982 567 4046 absolutionis.
610 3984 754 4060 Quaeris
775 3981 949 4062 deinceps,
971 3987 1034 4065 qui
1056 4004 1145 4047 nunc
1166 3989 1209 4044 sit
1230 3988 1337 4044 status
1355 3981 1407 4041 rei

88 4070 272 4150 „publicae
295 4085 328 4140 et
354 4078 416 4157 qui
438 4095 541 4138 meus.
583 4074 640 4136 llei
660 4072 822 4152 publicae
849 4084 977 4137 statum
1001 4076 1120 4154 illum,
1141 4095 1241 4157 quem
1265 4082 1301 4135 tu
1330 4091 1404 4134 meo

88 4214 103 4234 ,‚
113 4164 277 4242 consilio,
297 4187 364 4246 ego
389 4165 500 4226 divino
521 4159 763 4237 confirmatum
783 4165 965 4239 nutabam,
987 4169 1049 4247 qui
1067 4165 1233 4228 bonorum
1254 4164 1405 4226 omniurn

87 4255 351 4324 „coniunctione
372 4265 403 4319 et
425 4257 633 4317 auctoritate
658 4255 858 4317 consulatus
880 4257 948 4318 mei
967 4253 1058 4328 fixus
1079 4266 1112 4318 et
1124 4253 1298 4334 fundatus
1320 4251 1406 4313 vide-

87 4395 103 4418 „
112 4343 231 4418 batur,
251 4347 320 4407 nisi
339 4349 414 4429 quis
429 4365 489 4407 nos
509 4343 597 4407 Deus
611 4347 812 4424 respexerit,
832 4342 988 4426 elapsum
1003 4349 1090 4408 scito
1105 4365 1172 4409 esse
1188 4344 1226 4406 de
1249 4341 1404 4404 manibus

86 4454 180 4507 „uno
198 4434 263 4496 boc
286 4435 435 4512 iudicio,
455 4435 486 4494 si
506 4434 671 4496 iudicium
691 4443 759 4500 cst,
780 4437 929 4520 triginta
942 4439 1090 4500 bomines
1114 4435 1241 4516 populi
1259 4434 1292 4498 ll.
1312 4434 1406 4495 levis-

87 4525 213 4596 „simos
229 4544 273 4586 ac
290 4530 530 4607 nequissimos,
550 4527 734 4589 nummulis
759 4529 930 4606 acceptis,
952 4529 1004 4589 ius
1028 4536 1059 4590 et
1076 4527 1141 4608 fas
1156 4547 1253 4590 omne
1277 4525 1404 4598 delere,

87 4623 164 4688 „et‚
186 4616 405 4697 quodomnes
430 4641 496 4680 non
519 4616 801 4686 modobomines‚
824 4637 936 4681 verum
958 4620 1061 4685 etiam
1091 4617 1238 4699 pecudes
1259 4615 1405 4695 factum

85 4723 178 4776 ,esse
199 4706 369 4788 sciebant,
391 4707 427 4770 id
438 4707 587 4774 Talnam
603 4716 636 4772 et
657 4707 818 4771 Plautum
838 4717 869 4773 et
887 4708 1079 4791 Spongiam
1090 4711 1128 4775 'et
1149 4708 1405 4776 ceteras‘buius·
