3210 5280
464 199 513 266 ru
536 198 682 269 ouer.
702 199 799 267 reo
820 199 986 266 sunna.
1172 155 1176 163 ’
1321 200 1383 266 aa

65 341 185 426 quique
206 343 247 405 ab
268 339 396 406 illoram
418 361 551 406 numero
572 340 706 405 finissent
723 339 852 416 reiecti,
876 341 915 403 de
936 340 979 404 P.
1001 338 1088 422 Sylla
1103 338 1299 417 iudicarent,
1320 361 1383 424 pro

64 449 197 501 naturae
222 457 298 501 auae
320 433 467 498 videlicet
489 431 660 518 asperitate
686 435 846 517 huncve}
875 434 1075 509 innocentem
1100 433 1289 515 &meatur-i.
1331 434 1384 499 De

63 550 124 594 reo
151 541 292 594 metuens
315 540 427 593 orator
450 527 482 591 in
509 528 662 594 orationis
686 527 774 591 exitu
795 530 986 610 praecavet¹
1010 540 1041 593 et
1058 526 1223 615 invigilat,
1246 539 1282 592 ut
1302 526 1386 592 iudi·

66 624 175 701 cibus,
210 644 347 708 quorum
378 621 577 705 asperitatem
603 620 732 696 metuit,
767 617 898 685 incutiat
927 620 1146 686 verecundiam
1173 621 1262 705 priua
1290 643 1384 706 quam

65 720 105 781 ad
127 717 275 781 ferendas
300 715 468 780 sententiaa
498 725 587 779 eante
621 726 656 778 ut
680 726 853 780 metuentes
874 714 1021 779 invidiam
1044 716 1156 780 nimiae
1182 715 1333 793 duritiae,
1357 715 1412 781 sit

64 832 155 875 reum
181 830 305 893 poenae
326 808 525 884 addixerint,
558 808 619 871 iam
645 828 708 890 pro
733 807 790 873 ilio
822 807 941 872 sentire
969 817 1138 894 cogantur.
1181 805 1227 873 Et
1255 830 1295 873 ne
1320 809 1386 873 hoc

65 904 140 986 ipso
169 916 273 967 tamen
298 903 418 967 animos
448 923 558 967 eorum
586 903 742 978 laederet,
773 900 1017 966 communicavit
1044 903 1204 966 fortunam
1230 901 1385 984 temporis

65 997 115 1061 sui
138 1009 169 1061 et
189 997 392 1083 consulatus,
423 995 455 1059 in
478 1017 544 1074 quo
570 1006 603 1059 et
626 995 695 1077 ipse
717 1006 924 1059 contraxerat
948 994 1038 1079 quasi
1063 994 1153 1059 nimie
1175 999 1311 1061 acerbae
1334 1017 1386 1060 se·

68 1090 211 1155 veritatis
232 1089 401 1154 invidiam:
425 1087 564 1173 dicitque
577 1088 610 1152 in
626 1109 791 1153 commune
807 1087 952 1152 omnihue
968 1089 1214 1165 constuendum,
1238 1101 1272 1153 ut
1292 1110 1386 1154 sere·

65 1183 191 1248 ritatem
213 1182 357 1257 nimiam,
387 1205 482 1267 quam
504 1181 657 1266 temporis
684 1179 870 1246 necessitate
891 1180 1107 1266 susceperint,
1136 1182 1298 1266 praesenti
1316 1181 1429 1249 'hu-tt

67 1275 218 1341 manitate
247 1275 422 1341 mitificent.

479 1353 737 1494 EXPLICIT
759 1417 977 1497 ORATIO.

191 2075 196 2083 ¹
266 1916 365 2022 Aa
407 1914 826 2053 suQuuuTu
877 1908 1203 2024 scuoutu
1284 2049 1291 2060 ¹

476 2173 701 2241 Eutrouts
734 2172 977 2242 Mouth.

152 2320 330 2383 Hae-tenua
355 2315 530 2381 Ciceronis
556 2315 731 2380 orationes
758 2326 952 2400 veteresque
973 2315 1021 2379 od
1043 2337 1104 2381 eas
1124 2318 1430 2383 commentarioett

67 2434 117 2476 ex
134 2411 369 2496 palimpeeetie
391 2410 568 2475 Votieouia
594 2407 899 2493 Ambrosianispae
919 2409 1025 2472 edidi.
1069 2411 1239 2493 Deincepa
1259 2408 1389 2476 scholia

67 2506 238 2591 precedam
266 2514 423 2567 attexere
452 2502 563 2577 iuuat,
596 2522 684 2587 meae
711 2500 747 2562 in
778 2501 1019 2589 antiquissimo
1042 2513 1122 2586 post
1144 2503 1387 2587 palimpsestoa

71 2597 302 2663 Ambrosiam
320 2595 495 2660 Ciceronis
517 2591 632 2659 codice
658 2594 742 2659 mihi
763 2615 799 2657 se
824 2594 1030 2658 obtulerunt.
1073 2598 1110 2660 Ia
1129 2597 1241 2660 codex
1260 2600 1313 2672 (0.
1329 2598 1387 2662 29.

64 2702 162 2776 part.
187 2688 273 2783 ius.)
295 2689 383 2752 odeo
404 2700 498 2752 uetus
518 2698 588 2764 est,
613 2699 651 2751 ut
672 2689 809 2752 saeculo
827 2698 908 2769 port
929 2691 1003 2753 CH.
1027 2691 1076 2754 Ν.
1096 2688 1233 2754 circiter
1256 2691 1389 2756 decimo

68 2784 219 2867 acriptua
243 2804 317 2846 eece
341 2782 517 2855 videatur,
539 2782 712 2865 librosque
737 2779 778 2843 de
800 2778 955 2867 Officii-s,
979 2782 1202 2847 Catilinarias
1222 2795 1388 2868 quattuor
1397 2802 1430 2852 ro

68 2877 262 2951 orationes,
286 2887 361 2938 tum
378 2896 447 2958 pro
463 2877 650 2950 Marcello,
672 2894 740 2956 pro
760 2872 925 2956 Ligario,
946 2896 1014 2957 pro
1034 2877 1203 2941 Deiotaro
1224 2876 1386 2941 eontinet.

67 2973 117 3035 Et
144 2970 269 3052 priora
297 2969 435 3054 quidem
459 2989 568 3052 opero
598 2966 839 3032 adnotationes
868 2965 981 3031 aulice
1012 2969 1238 3033 comitantur:
1270 2990 1387 3033 verum

68 3074 196 3146 quarta
210 3061 417 3127 Catilinaria
436 3071 470 3124 et
490 3074 561 3125 trec
576 3061 751 3125 orationes
766 3061 918 3145 reliquas
938 3062 1062 3149 lrabeat
1074 3060 1204 3126 acholio
1218 3061 1387 3147 qaudam

68 3154 222 3239 margini
247 3155 371 3230 calita,
402 3176 550 3240 quorum
575 3166 648 3218 tam
672 3154 848 3238 scriptura
871 3154 986 3218 textui
1013 3167 1199 3220 coaetanea
1219 3166 1289 3234 eet,
1313 3168 1387 3221 tum

67 3249 241 3314 Latinitas
270 3249 321 3312 eia
339 3247 466 3340 ferme
488 3271 582 3332 pura
609 3247 762 3323 uidetur,
792 3258 831 3311 stt
856 3268 898 3311 ea
918 3250 1064 3313 aoecselie
1095 3249 1253 3314 wabarie
1279 3251 1429 3321 tribeios

67 3362 138 3406 non
156 3342 279 3424 poerit.
321 3345 449 3406 Exstat
464 3341 579 3427 utique
600 3341 636 3404 iu
653 3341 763 3406 Tutus·
782 3340 989 3405 editionibus
1010 3355 1106 3407 vetur
1122 3343 1261 3429 puidam
1279 3344 1386 3408 iater-

63 3456 148 3521 pree
169 3437 292 3497 haram
319 3446 484 3519 quattuor
508 3434 724 3506 orationum
754 3455 872 3497 aerum
896 3435 927 3498 ia
950 3455 1018 3498 nou
1041 3439 1154 3500 solum
1180 3437 1336 3502 diversae
1362 3459 1386 3502 a

67 3540 188 3592 nostro
216 3540 286 3604 eet,
310 3529 372 3591 aed
395 3528 500 3592 etiam
526 3528 614 3591 odeo
641 3526 829 3592 Latinitate
853 3527 964 3590 durias
988 3540 1022 3592 et
1048 3530 1239 3596 elocutione
1264 3530 1385 3599 ettbne-

66 3619 191 3697 eticae,
215 3633 253 3685 ut
271 3642 420 3705 proretae
439 3643 519 3684 cam
539 3632 661 3685 noetro
680 3617 914 3713 conferendas
934 3627 1003 3686 u'on
1024 3622 1081 3686 tit.

302 3870 378 3959 tu
418 3873 472 3968 L.
515 3851 959 3960 cartutuuu
1000 3873 1145 3969 1111
1393 3901 1426 3952 ..

144 4095 175 4171 Ι.
204 4089 239 4172 l.
265 4098 352 4174 Nou
378 4125 529 4199 campus
555 4101 729 4200 auspiciis
756 4101 1014 4177 consularibus
1040 4113 1293 4179 consecratus.

152 4213 256 4295 Quum
280 4238 388 4282 omnes
415 4218 616 4303 magistratus
643 4217 808 4302 auspicato
833 4230 1035 4298 crearentur,
1060 4233 1124 4283 tum
1146 4221 1280 4285 maxime
1305 4240 1383 4286 ron·

65 4305 151 4370 euiea
173 4322 334 4374 certorum
356 4311 570 4393 atupiciorum
594 4311 657 4375 ritn
678 4311 935 4398 designabantur.

136 4497 160 4540 1.
180 4499 241 4546 cod.
259 4496 405 4556 prece-edet.

157 4600 186 4655 9.
207 4597 343 4652 invidam
362 4614 389 4653 er
410 4596 549 4671 pertende.
568 4603 596 4652 te
616 4615 686 4671 qnae
706 4603 858 4654 benerone
878 4597 915 4652 ab
934 4615 1058 4652 merram
1079 4596 1212 4651 tndtetam
1232 4599 1266 4652 de
1284 4602 1385 4654 ecete-

64 4675 134 4726 nete
155 4676 324 4740 exercitam,
342 4679 569 4728 commemorasti
589 4678 647 4746 ipss
667 4677 766 4728 Cicero
785 4679 911 4751 saperius
930 4679 961 4728 in
979 4672 1033 4727 bac
1052 4674 1249 4730 orsumtx.
1266 4681 1296 4733 2.

141 4750 189 4808 55.
208 4745 311 4802 Coaier
330 4747 494 4802 cteeronem
512 4747 547 4803 de
565 4749 651 4804 disier.
670 4748 709 4804 ii.
731 4759 777 4814 ω.

148 4846 506 4895 manarate
1091 4823 1133 4889 tt
