3210 5280
184 224 225 286 ³8
731 172 958 292 sedonius

185 363 302 427 habere
324 365 363 426 ad
383 365 486 428 lemur
507 364 666 450 alligatum
692 366 826 431 dixerat.
874 365 1120 441 Postularerat‚
1155 375 1190 428 ut
1213 365 1318 430 lemur
1345 352 1494 434 thidaret.

185 456 228 517 Et
250 457 301 519 ille
324 457 389 519 sine
418 479 505 522 mora
534 462 666 523 tamicam
697 461 830 522 levarat.
884 461 966 522 Tum
1000 461 1050 522 Μ.
1081 459 1203 524 Cicero
1235 461 1488 540 exclamaverat,

185 549 288 621 omnip
310 548 357 611 illi
380 549 488 613 similia
512 553 640 615 criruiua
663 560 751 628 esse,
776 575 857 637 quae
877 554 907 617 iu
930 553 1086 615 Milonem
1109 553 1287 615 dicerentur
1309 554 1383 617 alia.

270 641 391 707 Deinde
414 645 577 707 Munatius
598 645 757 721 Plancus,
787 646 1071 733 tribunusplebis,
1095 649 1288 728 produxerat
1309 646 1340 709 iu
1363 648 1495 712 concio·

163 742 177 793 i
188 755 257 797 nem
280 737 331 800 M.
355 737 520 800 Aemilium
536 738 771 815 Philemonem,
796 749 903 802 notum
923 736 1101 812 homiuem,
1125 737 1272 800 libertum
1289 740 1341 802 Μ.
1358 740 1490 820 Lepidi.

118 828 221 902 puella
243 848 276 890 se
298 828 421 891 dicebat
445 829 626 914 pariterque
647 853 750 894 secum
780 843 916 914 qusatuor
940 832 1059 892 liberos
1092 831 1233 893 homines
1259 832 1317 894 iter
1340 831 1495 896 iacientes

188 921 425 1000 supervenisse,
449 943 519 983 cum
546 923 678 986 Clodius
701 923 919 998 occideretur,
943 935 993 997 et,
1018 926 1060 987 ob
1081 923 1111 985 id
1134 945 1202 986 curn
1225 926 1491 1005 proclamassent,

188 1015 338 1094 abreptos
368 1025 398 1076 et
427 1019 602 1096 productos
622 1016 653 1078 in
677 1016 781 1079 villam
805 1015 938 1078 Milonis
966 1037 1023 1098 per
1056 1019 1135 1079 druos
1164 1038 1283 1080 rueuscs
1305 1018 1493 1098 praeclusos

186 1104 304 1181 luisse3
327 1127 425 1189 eaque
447 1126 516 1181 res,
541 1129 596 1170 seu
614 1129 686 1171 vera
703 1130 757 1171 scu
771 1110 869 1182 salsa,
893 1129 1032 1194 maguam
1055 1108 1341 1172 invidiamMiloni
1362 1121 1494 1172 contra.

147 1210 290 1279 quaerat.
333 1201 482 1286 Idemque
497 1202 660 1263 Munatius
682 1214 712 1263 et
729 1202 917 1281 Pompeius,
943 1201 1191 1282 tribuniplebis,
1214 1201 1245 1263 in
1268 1204 1385 1265 Rostra
1408 1223 1489 1283 pro·

187 1296 342 1356 diruerant
363 1294 558 1356 triumvirum
581 1293 763 1376 capitalem,
797 1303 929 1375 eumque
950 1293 1243 1376 interrogaverant,
1278 1314 1315 1356 an
1348 1294 1493 1356 Galatam

186 1384 318 1449 Milonis
351 1406 478 1450 servum
507 1389 618 1449 caedes
645 1387 810 1449 iacientern
836 1385 1104 1466 deprehendisset.
1147 1386 1208 1449 llle
1229 1384 1435 1448 dormientem
1458 1383 1491 1447 in

186 1482 314 1542 taberna
337 1501 399 1561 pro
420 1479 559 1564 fugitivo
581 1482 806 1560 deprehensum
828 1482 912 1540 etad
933 1499 967 1541 se
982 1480 1168 1558 productum
1184 1499 1252 1541 esse
1266 1480 1489 1558 responderat.

186 1568 461 1636 Denunciaverant
483 1583 586 1634 tamen
615 1571 798 1647 triumviro,
833 1592 871 1632 ne
893 1592 1018 1633 servum
1040 1572 1227 1633 remitteret.
1270 1571 1333 1632 Sed
1360 1581 1492 1650 postera

146 1663 237 1746 ,5die
260 1662 404 1742 Caelius,
435 1665 719 1746 tribunusplebis,
753 1677 783 1727 et
806 1665 848 1744 Q.
873 1664 1022 1726 Manilius
1044 1661 1221 1738 Cumanus,
1255 1664 1379 1745 collega
1401 1660 1488 1736 eius,

188 1768 328 1837 ereptum
366 1760 507 1821 e’domo
537 1758 691 1820 triumviri
723 1778 848 1819 servruu
878 1756 993 1819 Miloni
1022 1756 1233 1818 reddiderunt.
1287 1757 1394 1832 Haec,
1433 1754 1494 1817 etsi

189 1849 303 1910 nullam
327 1852 364 1912 de
385 1848 433 1910 his
455 1849 637 1912 criminibus
660 1849 845 1912 mentionem
860 1849 935 1911 lecit
950 1848 1086 1924 Cicero,
1110 1861 1228 1922 tannen,
1250 1846 1321 1931 quia
1343 1849 1386 1909 ita
1403 1868 1492 1910 coiu-

187 1961 348 2021 pereram,
373 1943 482 2025 putavi
503 1945 700 2024 exponenda.
743 1944 832 2005 lnter
852 1943 971 2022 primos
993 1954 1023 2004 et
1045 1945 1087 2022 Q.
1112 1943 1283 2023 Pompeius
1308 1953 1339 2004 et
1364 1939 1406 2005 C.
1432 1942 1492 2002 Sa·

186 2031 298 2097 iustius
320 2046 351 2097 et
366 2038 408 2100 T.
433 2035 595 2099 hlunatius
616 2037 769 2107 Plancus,
792 2034 1048 2114 tribuniplebis,
1073 2035 1295 2097 inimicissimas
1318 2033 1491 2096 conciones

142 2159 176 2211 2⁰
187 2127 224 2188 de
246 2128 369 2190 Milone
391 2130 565 2203 habehant,
587 2128 733 2190 invidiam
756 2127 845 2188 etiam
865 2130 904 2186 de
923 2118 1097 2200 Cicerone,
1122 2130 1208 2210 quod
1228 2128 1381 2189 Milonem
1401 2135 1489 2187 tanto

188 2211 293 2274 studio
316 2212 516 2285 defenderem
539 2225 670 2294 cratque
691 2210 820 2272 ruaxima
844 2231 917 2290 pars
941 2212 1140 2273 multitudiuis
1163 2211 1284 2273 insensa
1305 2230 1368 2271 non
1387 2210 1490 2271 solum

1136 2300 1398 2312 ——-.—-
1414 2298 1487 2308 ...ι-ι-

280 2331 305 2379 1.
325 2324 453 2390 uariaret]
477 2322 561 2394 Lugd.
583 2325 644 2375 lior.
667 2326 744 2375 Man.
763 2324 844 2374 Creu.
865 2349 899 2363 -
918 2321 1028 2374 uideret
1047 2324 1138 2377 Ptine.
1159 2323 1266 2376 Berald.
1286 2322 1346 2376 sti.
1365 2320 1433 2375 Lod.

277 2401 304 2455 2.
323 2399 445 2467 levarat]
465 2399 611 2449 levaverat
632 2400 695 2451 liat.
716 2401 795 2449 (iren.

277 2473 304 2528 li.
325 2472 482 2524 dicerentur
502 2474 568 2530 alia.
607 2471 731 2540 Deinde]
760 2470 926 2523 dicerentur.
964 2471 1033 2523 Atia
1051 2470 1095 2522 elle
1121 2469 1189 2523 Lod.

258 2545 328 2601 lhid⁴
350 2547 509 2614 Munatius]
531 2544 766 2598 Mousarnaioi.

277 2623 304 2678 6.
325 2620 428 2691 Lepidi.
466 2622 496 2673 Is
513 2623 553 2687 se]
586 2621 671 2693 Lngd.
691 2621 756 2673 liet.
774 2619 852 2673 Man.
871 2621 951 2674 Creo.
975 2649 1010 2663 -
1028 2618 1124 2690 Lepidi
1142 2636 1171 2671 ss
1191 2621 1281 2674 Prlne.
1301 2616 1487 2676 nescienti.

183 2721 220 2739 ·-
239 2693 335 2766 Lepidi
352 2701 399 2765 qul
415 2713 444 2746 se
469 2694 536 2750 Lod.

259 2769 328 2824 lbid.
349 2773 450 2838 secum]
472 2770 538 2823 Lod.
558 2785 584 2821 et
604 2785 677 2839 seqq.
698 2795 736 2810 -
753 2775 846 2818 secreta
867 2769 956 2821 Ptine.
976 2766 1084 2824 Berald.
1105 2766 1170 2823 sid.-

276 2849 303 2902 7.
322 2848 523 2917 supervenisse]
539 2846 624 2917 Lugii.
643 2845 707 2896 Hor.
728 2845 804 2896 Men.
823 2841 905 2895 Cren.
917 2869 953 2884 -—
966 2848 1077 2913 insuper
1088 2848 1197 2894 venisse
1210 2843 1253 2894 Pr.
1267 2842 1328 2896 Ber.
1343 2841 1402 2896 aid.
1417 2841 1485 2896 Lod.

276 2923 301 2975 9.
322 2928 350 2970 et
365 2920 520 2992 productos
543 2923 573 2969 in
596 2918 693 2970 villam
718 2916 836 2969 Milonis
857 2935 910 2987 per
934 2917 1003 2969 duos
1027 2935 1132 2969 menses
1147 2916 1307 2988 praeclusos
1317 2917 1426 2987 fluisse]
1457 2925 1486 2968 et

180 2992 333 3060 productos
347 3014 400 3062 per
418 2994 487 3046 dieas
504 3012 608 3046 menses
626 2998 655 3044 in
674 2991 772 3044 villam
791 2992 909 3042 Milonis
923 2992 1085 3062 praecimus
1094 2992 1190 3061 juisse
1212 2994 1300 3044 Priuc.
1319 2992 1380 3046 eli.
1402 3020 1437 3033 -
1457 3000 1487 3043 ei

178 3068 329 3140 perductos
344 3088 396 3140 per
414 3071 483 3121 duos
501 3086 607 3119 menses
624 3073 654 3119 in
671 3066 769 3119 villam
788 3064 906 3118 Milonis
923 3074 952 3117 et
966 3067 1126 3137 praeclusas
1141 3069 1233 3136 fnisse
1246 3067 1353 3120 Berald.
1368 3066 1437 3118 Lod.
1450 3096 1486 3110 -

181 3151 209 3193 et
225 3161 277 3214 per
294 3143 363 3195 diros
381 3161 485 3195 menses
503 3148 533 3194 in
551 3143 648 3194 uillam
667 3141 784 3193 Milonis
799 3143 960 3211 praeclusos
969 3142 1067 3210 jecisse
1087 3141 1171 3213 Lugd.
1190 3142 1267 3193 Man.
1299 3169 1337 3182 —
1364 3148 1393 3191 et
1414 3158 1485 3207 per-

181 3216 279 3269 ductos
297 3223 327 3269 in
343 3219 442 3270 villum
461 3219 580 3269 Milonis
597 3217 685 3288 ibique
712 3234 764 3288 per
788 3217 858 3267 cliuos
882 3233 988 3267 menses
1008 3216 1169 3285 praecliuas
1187 3215 1282 3286 juisse
1309 3218 1374 3270 tior.
1400 3217 1482 3271 cren.

180 3292 292 3360 (Malim
309 3293 467 3364 perductas.
488 3293 554 3362 On.)

256 3375 300 3425 to.
320 3369 479 3434 Munatius]
500 3368 651 3419 Mamurius
672 3363 737 3419 toi.
757 3365 881 3436 ultique.¹

256 3447 299 3498 tt.
320 3443 478 3512 capitalem]
512 3440 579 3493 Lod.
600 3457 627 3493 et
646 3459 720 3512 seqq.
743 3469 773 3481 -
795 3440 966 3508 campitalem
984 3441 1075 3493 Ptine.
1096 3436 1204 3491 Bersld.
1230 3435 1291 3491 sid.
1321 3463 1358 3478 —
1387 3437 1486 3510 „Egoi

179 3516 335 3582 capitalem.
372 3518 421 3570 Est
442 3533 530 3571 entem
551 3519 755 3568 triumvirorum
776 3516 935 3587 capitalium
958 3520 986 3566 in
1004 3518 1179 3583 antiquorum
1198 3510 1276 3566 libris
1296 3517 1335 3566 its
1357 3511 1482 3584 frequens

179 3594 301 3657 mentio,
320 3607 349 3645 nt
369 3592 429 3645 loca
449 3596 556 3663 signare
574 3607 630 3642 non
649 3606 717 3662 opus
737 3589 800 3643 sit.”
833 3588 973 3642 MANUT.
994 3592 1023 3640 in
1042 3586 1126 3659 Luqd.

253 3665 323 3719 lbid.
343 3667 488 3736 Galatam]
510 3666 625 3717 Cascam
644 3664 711 3718 Lod.

254 3745 298 3799 13.
315 3741 491 3811 productum]
512 3742 604 3793 Ptine.
622 3732 659 3783 Ι-
673 3737 836 3810 perductum
857 3742 949 3790 ceteri.

254 3816 299 3871 l't.
320 3820 424 3884 tamen]
447 3815 529 3888 Lugd.
550 3815 614 3867 Hot.
635 3816 710 3868 Man.
731 3818 809 3879 Cren.
830 3841 866 3854 -
886 3820 995 3864 tantiam
1015 3812 1105 3865 Prlne.
1125 3809 1232 3864 Bersld.
1251 3807 1309 3865 ΔΜ.
1329 3806 1398 3867 Lod.

252 3895 297 3946 15.
317 3891 439 3958 Caelium]
462 3890 526 3942 lod.
546 3903 573 3940 et
594 3906 667 3960 seqq.
686 3916 723 3929 —
742 3888 858 3939 Cecilius
878 3890 966 3940 Princ.
988 3885 1092 3940 Bernld.
1114 3883 1174 3939 ild.

254 3963 325 4019 lbid.
344 3973 372 4016 ei
391 3967 425 4035 Q.
445 3966 582 4016 Manilius
600 3964 754 4032 Germanus]
775 3963 885 4016 Graevii
905 3961 966 4015 coil.
981 3988 1014 4002 -
1029 3968 1056 4011 et
1074 3960 1213 4011 Manilius
1231 3959 1370 4011 Cumanus
1388 3959 1481 4012 Princ.

94 4071 99 4088 .
177 4036 284 4092 Berald.
304 4037 364 4092 sid.
386 4039 451 4094 hod.
472 4068 507 4082 -
526 4048 554 4090 et
575 4039 712 4090 Manilius
731 4038 873 4089 Canianue
887 4035 973 4108 Lngd.
987 4035 1052 4088 llos.
1064 4039 1142 4090 Man.
1157 4037 1287 4087 Cren.-
1300 4042 1329 4085 et
1341 4034 1482 4087 Manilius

177 4113 347 4166 Caninianus
369 4115 478 4188 Pighius
502 4120 567 4166 iun.
588 4114 620 4169 Τ.
642 4114 691 4166 lll.
712 4132 737 4184 p.
757 4112 820 4169 31q.
1254 4115 1258 4122 ’

254 4195 295 4244 ¹7.
316 4189 392 4239 Haec
411 4195 464 4240 etsi
481 4190 596 4256 nullam]
617 4187 684 4241 Lod.
697 4217 733 4231 -
745 4185 812 4237 linea
830 4194 857 4236 et
876 4186 980 4236 nirdam
992 4186 1084 4238 Prlue.
1097 4212 1133 4225 -
1145 4181 1202 4234 Sei
1212 4191 1240 4234 et
1252 4182 1356 4234 nullam
1370 4183 1479 4238 nerald.

175 4287 212 4303 -·
230 4261 431 4315 nerianum
453 4263 512 4317 sid.
533 4262 616 4335 Lugd.
637 4264 700 4316 lint.
723 4262 798 4315 Man.
818 4261 898 4313 Creo.
919 4289 952 4300 -
972 4259 1017 4310 iiic
1035 4263 1089 4310 etsi
1108 4261 1210 4310 naellam
1230 4258 1340 4311 Graevii
1360 4260 1423 4312 eod.

250 4336 320 4391 lbid.
341 4345 445 4408 tameu]
468 4337 526 4392 sid.
546 4354 570 4391 et
593 4355 666 4409 seqq.
690 4366 720 4378 -
741 4343 848 4387 tantum
869 4338 958 4389 l'rlnc.
978 4331 1084 4388 Bersld.

249 4415 296 4468 20.
317 4413 467 4483 iiruidiam]
487 4413 723 4465 invidiosorum.
744 4411 824 4463 Creo.
845 4438 881 4450 -·
901 4409 1082 4478 „Invidiosas
1099 4411 1123 4460 si
1143 4409 1281 4475 corrigas,
1313 4410 1364 4459 erlt
1385 4423 1479 4481 aperta

174 4487 336 4539 unientis?
365 4488 504 4540 Manen.
525 4492 552 4539 io
575 4486 658 4559 lugd.
679 4514 716 4529 -
735 4485 832 4537 Malim
853 4483 920 4557 legi:
940 4487 1075 4536 invidiam
1094 4487 1178 4534 etiarn
1188 4480 1326 4551 fecerunt
1340 4482 1477 4536 Ciceroni.

248 4560 318 4614 lbid.
338 4561 412 4634 parad
428 4562 576 4633 Milonem]
594 4569 639 4631 qui
658 4562 792 4613 Milonem
811 4561 942 4614 Graevius
963 4581 977 4608 e
996 4562 1092 4610 codiee
1112 4573 1172 4610 sno.

248 4639 292 4688 21.
312 4640 438 4705 eratque]
459 4638 523 4690 tior.
544 4636 618 4690 Man.
640 4638 721 4689 Creu.
741 4663 777 4676 ·-
796 4643 877 4704 atque
897 4637 988 4687 Ptine.
1008 4631 1111 4687 Berald.
1135 4628 1193 4682 ΛΜ.
1217 4629 1282 4684 tad.
1304 4630 1387 4703 Lugd.

248 4708 319 4764 lbid.
338 4712 538 4782 multitudinis]
573 4709 658 4783 Lugd.
686 4713 751 4764 llot.
780 4712 854 4762 Mun.
881 4711 963 4760 (lieu.
993 4737 1030 4749 -
1058 4704 1242 4757 multitiulinis
1262 4709 1357 4776 pepedi
1383 4709 1474 4761 Prino.

172 4781 278 4835 Berald
299 4783 358 4837 ati.
375 4783 439 4838 Lod.
462 4815 491 4827 —
514 4793 637 4841 Puerum
652 4785 811 4839 vocabulum
826 4804 840 4838 e
855 4790 975 4856 margine
989 4786 1017 4834 in
1031 4796 1188 4835 contextum
1203 4779 1309 4834 videtur
1321 4786 1475 4853 irrepsisse.
