3210 5280
97 199 101 207 ·
214 210 276 312 ιο
773 213 1002 282 nscoulns

318 351 361 431 Q.
384 350 556 432 Pompeius
579 353 682 418 liuius
709 365 740 419 et
762 354 804 420 C.
827 354 979 418 Salustius
1012 353 1128 418 tribuni
1167 355 1288 436 [sunt],
1332 377 1415 440 qssos
1445 356 1544 442 signi·

232 442 319 506 licat.
364 445 408 508 Hi
440 444 532 507 enim
551 447 645 527 primi
677 451 715 511 de
743 469 781 511 ea
810 449 880 532 lege
909 449 1039 513 ierenila
1071 452 1223 532 populum
1249 452 1367 514 hortati
1386 465 1478 526 sssut,
1514 465 1546 514 et

233 536 397 707 ᾶιιιιιιιιιιιὶ,
422 560 513 600 manu
535 539 667 604 Milonis
691 542 829 606 occisum
853 564 922 607 esse
943 544 1110 619 Clodium,
1134 545 1288 626 [consilio
1312 566 1390 608 vero
1414 545 1544 608 maioris

233 649 363 691 ascuurs
383 673 392 692 .

207 734 221 781 5
279 754 280 757 ι
317 727 368 803 (§.
393 724 468 803 ill.)
507 726 626 809 Atqui,
660 738 696 790 ut
729 730 785 791 illi
810 740 995 793 nocturnus
1027 728 1183 792 adventus
1205 730 1359 793 vitandus
1371 731 1467 811 suit:
1493 735 1542 794 sic

232 813 378 892 Miloni,
403 837 481 879 cum
505 817 682 879 insidiator
701 827 803 894 esset,
827 821 859 880 si
883 818 983 880 illum
1003 817 1052 880 ud
1071 817 1183 881 urbem
1202 830 1305 881 noctu
1327 841 1544 884 accessurum

231 903 376 986 sciebat,
398 905 633 971 subsidendum
656 918 687 971 et
710 922 846 971 caetera.

315 995 378 1058 via
403 997 507 1076 Appia
527 1011 574 1060 cst
591 1021 692 1082 prope
712 1003 819 1064 urbem
853 1011 1084 1064 monumentum
1114 1001 1229 1075 Basili,
1260 1001 1312 1085 qui
1330 1002 1420 1066 loous
1442 1003 1543 1067 latro-

161 1086 318 1151 [mininis
336 1087 396 1151 init
417 1089 618 1169 perinfamis,
645 1097 733 1178 quod
755 1116 795 1157 ex
817 1095 884 1156 aliis
906 1114 1045 1177 quinque*
1059 1095 1163 1156 multis
1183 1094 1315 1176 intelligi
1338 1108 1463 1175 potest(

190 1199 220 1247 ιο
315 1184 368 1260 (5.
391 1183 468 1262 55.)
504 1186 646 1250 Comites
660 1186 823 1250 Graeculi
837 1206 1042 1269 quocunque
1057 1187 1145 1263 ibet,
1165 1192 1267 1252 etium
1282 1192 1542 1251 cuminoustru

230 1273 374 1337 Etrusco
394 1274 612 1357 properabat.
1027 1310 1031 1317 ·

314 1366 416 1447 Saepe
438 1366 555 1430 obiecit
582 1365 700 1431 Clodio
730 1364 868 1442 Cicero,
901 1366 1022 1429 socium
1042 1385 1111 1428 eusu
1135 1366 1362 1431 coniurationis
1386 1367 1543 1431 Catilinae

229 1456 346 1532 fuisse3
370 1480 463 1543 quam
488 1479 554 1520 rem
576 1481 658 1520 ιιιιιιι
676 1479 805 1542 quinque
824 1458 958 1522 reticens
981 1459 1129 1524 ostendit.
1174 1461 1200 1522 F
1204 1472 1292 1522 suerat
1310 1460 1393 1522 enim
1417 1460 1539 1541 opinio,

230 1563 265 1612 ut
288 1545 424 1614 Catilina
445 1572 486 1614 ex
507 1555 587 1614 urbe
608 1553 797 1636 profugerat
816 1552 848 1614 in
867 1565 970 1615 castra
987 1552 1101 1616 Manlii
1116 1550 1329 1630 nuntiationis,
1350 1553 1405 1636 qni
1427 1556 1538 1616 unuin

189 1649 219 1697 ¹⁵
232 1642 358 1705 Etruris
387 1645 425 1705 ad
447 1645 599 1707 Faesulas
622 1646 794 1708 exercitum
816 1645 843 1707 ei
866 1646 1089 1728 comparabat,
1127 1646 1447 1732 Clodium-subsequi
1469 1670 1544 1711 eum·

232 1734 371 1798 voluisse
392 1748 423 1799 et
444 1739 605 1819 coepisse,
630 1752 694 1800 tum
719 1738 787 1800 dein
812 1748 930 1802 mutuo
951 1739 1084 1802 consilio
1105 1739 1134 1801 in
1157 1743 1266 1802 urbem
1285 1741 1417 1803 redisse.

313 1832 364 1908 (§.
387 1831 463 1908 57.)
497 1831 573 1894 Νοιι
596 1834 664 1893 ium
687 1832 752 1893 lsoc
775 1830 974 1894 Clodianum
995 1834 1122 1895 crimen
1147 1834 1320 1908 timemus,
1352 1832 1411 1896 sed
1440 1842 1539 1907 tuus,

231 1921 286 1986 Cn.
307 1921 446 2001 Pompei
465 1925 519 1998 (te
540 1922 627 1984 enim
647 1920 806 2001 appello,
833 1929 868 1984 et
883 1939 925 1982 eu
947 1941 1050 1998 voce,
1081 1930 1118 1983 ut
1136 1943 1188 1985 me
1208 1921 1371 1987 exaudire
1386 1924 1538 2002 possis),

229 2019 326 2085 tuns,
350 2011 505 2092 inquom,
527 2011 730 2089 suspiciones
749 2011 1042 2089 perhorrescimus.

187 2134 219 2182 2⁰
314 2100 458 2163 Diximus
496 2098 528 2161 iu
565 2111 751 2182 argumento
784 2096 936 2161 orationis
970 2100 1082 2177 huius,
1105 2099 1184 2164 ·Cn.
1216 2101 1402 2182 Pompeium
1442 2098 1538 2163 simu·

229 2190 309 2253 lasse
328 2212 363 2254 se
388 2190 516 2267 timere,
540 2213 596 2254 seu
624 2187 715 2273 pline
739 2191 877 2254 timuisse
900 2191 1076 2268 Milonem,
1099 2205 1130 2254 et
1158 2194 1288 2256 ideone
1310 2186 1537 2276 ‹iomi'uuislcm

227 2304 320 2359 esrae,
356 2285 409 2346 sed
431 2283 462 2345 in
482 2283 585 2347 hortis
606 2283 824 2364 suiperioribiu
843 2297 913 2346 ante
935 2284 1081 2350 indicium
1105 2286 1273 2360 mansisse,
1308 2286 1353 2348 ita
1375 2298 1409 2349 ut
1433 2277 1544 2349 sillem·

228 2398 357 2461 quoque
384 2377 541 2459 praesidio
563 2377 691 2440 militum
716 2377 935 2441 circumdaret.
981 2377 1024 2458 Q.
1048 2379 1218 2460 Pompeius
1242 2380 1363 2453 liuius,
1394 2379 1539 2441 tribunus

227 2473 347 2554 plebis,
385 2472 439 2555 qiu
465 2470 570 2533 isserat
598 2471 857 2534 familiarissimus
887 2470 1024 2534 omnium
1049 2474 1091 2534 P.
1113 2472 1229 2536 Clodio
1256 2485 1285 2534 et
1312 2484 1426 2534 sectam
1450 2493 1545 2534 sunm·

319 2696 345 2747 1.
364 2691 442 2756 ssent]
463 2704 520 2740 om.
539 2689 633 2742 Priuc.
652 2684 760 2740 Beseld.
781 2714 814 2727 -
852 2695 950 2739 :serunt
968 2686 1029 2741 nid.
1047 2703 1074 2740 er
1094 2704 1168 2760 seqq.

319 2769 345 2823 5.
365 2762 460 2833 manu]
481 2781 498 2813 a
515 2779 600 2812 manu
623 2765 712 2825 Princ.
733 2758 838 2814 Beseld.

302 2836 371 2892 ibid.
390 2838 505 2889 consilio
523 2854 593 2914 uero
607 2840 725 2888 maioris
736 2836 864 2902 alicuius]
878 2853 923 2888 om
947 2836 960 2908 (
967 2834 1040 2887 nullu
1053 2835 1151 2888 laeuos
1165 2833 1305 2909 indicans)
1324 2836 1414 2889 Priuo
1429 2832 1536 2887 llersld.

227 2910 577 2967 itd.nod.1
780 2918 784 2926 “
873 2913 899 2968 5.
920 2912 1018 2981 Atqui]
1041 2915 1130 2982 Atque
1148 2914 1207 2963 Cic.
1224 2909 1302 2964 edim.

320 2990 346 3045 5.
370 2994 523 3038 nocturnus
540 2984 678 3036 adventus
696 2983 845 3054 vitandus]
873 2993 1025 3037 nocturnus
1050 2985 1090 3036 cd
1115 2985 1208 3036 urbem
1235 2985 1373 3036 adventus
1402 3002 1430 3035 sn
1430 2982 1538 3036 'tandiu

224 3065 418 3131 potiusquam
438 3061 607 3131 expetendus
624 3058 702 3113 editt.
722 3059 782 3113 Cic.

322 3142 348 3195 7.
369 3135 673 3202 ιιιύιιιίσιιιίιιιιι]Ριίιιι.
683 3132 847 3188 nessii.-
866 3091 1069 3185 subsisteudum
1086 3131 1145 3188 Ald
1159 3148 1184 3185 et
1200 3151 1273 3203 seqq.
1295 3150 1355 3185 curn
1371 3130 1535 3203 quibusdam

228 3209 308 3262 editt.
327 3211 480 3264 Ciceronis.
500 3209 565 3263 lid.
584 3210 718 3264 Gsrsson.
732 3207 838 3263 adh.i.
877 3210 1019 3276 8.Basits']
1040 3212 1086 3262 nic
1099 3213 1208 3279 scripu
1227 3209 1333 3262 On.-
1355 3207 1457 3259 Bassin
1469 3206 1537 3259 Edd

319 3291 346 3344 8.
365 3287 534 3351 latrociniis]
555 3285 710 3337 latrocimis
725 3285 819 3338 Prion.

318 3365 346 3418 9.
362 3360 548 3430 perinfamis]
564 3375 617 3429 per
629 3363 748 3428 quamn
766 3360 858 3413 Princ.
873 3356 988 3413 sid.-
956 3374 1140 3429 -perquum
1157 3355 1281 3426 infestus
1296 3355 1328 3407 sd
1345 3355 1454 3410 Bersld.
1470 3354 1536 3408 Lod.

227 3457 263 3472 —
278 3451 411 3505 perquam
429 3431 548 3505 insumis
565 3438 660 3487 ceteri.

302 3515 346 3565 12.
365 3509 480 3579 obiecit]
501 3510 591 3562 Princ.
604 3506 710 3562 Bessld.
725 3504 784 3562 ΔΜ.
797 3505 864 3562 Lod.
884 3534 921 3550 -·
939 3506 1034 3557 obiicit
1051 3503 1136 3577 Lugd.
1149 3504 1214 3557 Hos.
1228 3505 1305 3558 Mau.
1318 3505 1400 3560 Creu.

302 3582 371 3637 lbid.
390 3585 503 3649 socium]
524 3587 626 3633 sotium
646 3585 737 3636 Priuc.
861 3584 905 3639 iii.
924 3582 1042 3648 Manlii]
1064 3580 1158 3632 Manli
1170 3583 1267 3637 l'rinc.

303 3663 347 3716 15.
366 3657 496 3725 Etruria]
528 3657 704 3710 scribebatur
728 3658 875 3710 Heiruriu.

300 3732 372 3786 ibid.
391 3733 534 3798 Faesulas]
555 3732 682 3783 Fessulas
700 3733 793 3786 Princ.

301 3811 346 3866 56.
366 3826 425 3858 eum
442 3807 607 3859 voluissem
624 3808 760 3879 coepisse]
781 3802 843 3859 nli.
859 3821 887 3858 es
906 3822 1043 3877 seqq.-
1005 3821 1135 3856 -euns
1154 3802 1287 3855 volrsissei
1304 3810 1425 3875 caepisse
1447 3807 1536 3858 Prion.

226 3906 263 3923 -
282 3901 342 3934 eum
357 3882 478 3933 volesisse
493 3885 666 3951 coepisseque
685 3879 791 3935 liersld.

301 3961 345 4012 17.
365 3961 421 4007 iam
440 3955 506 4025 lene]
527 3954 611 4026 Lugd.
625 3955 690 4009 Hor.
704 3957 780 4009 Mau.
795 3954 879 4008 Creu.
898 3982 936 3997 -
954 3949 1080 4005 tcmlsnc
1099 3954 1190 4007 Princ.
1205 3950 1312 4004 lleruld.
1331 3951 1392 4005 sit.
1411 3953 1537 4007 Lol.-

226 4025 277 4082 lsoc
293 4037 350 4083 iam
369 4030 448 4084 editt.
465 4035 522 4083 Cic.
539 4044 645 4102 praeter
665 4031 844 4093 Lumbiuum,
864 4034 911 4101 qui
927 4029 1010 4081 heber
1026 4026 1069 4092 id,
1088 4024 1162 4097 quod
1180 4043 1230 4079 uos
1249 4025 1396 4079 edidimus.

301 4104 370 4158 ibid.
391 4105 565 4172 Clodianum]
597 4105 683 4177 Lugd.
708 4105 774 4158 llos.
800 4106 876 4159 usn.
902 4107 989 4160 Creu.
1024 4131 1062 4146 -
1098 4101 1288 4173 quotidianum
1313 4105 1405 4155 Princ.
1427 4100 1535 4155 Bersld.

227 4179 283 4233 Ald.
304 4179 371 4232 Lod.

301 4260 346 4313 18.
364 4254 415 4308 Cn.
436 4252 560 4325 Pompei]
582 4253 631 4306 Cn.
650 4251 773 4323 Pompeii
788 4252 937 4318 Graevius,
956 4267 983 4304 et
1002 4256 1030 4304 iu
1050 4254 1183 4315 monio
1204 4255 1272 4304 etio
1287 4251 1429 4304 Cicerone.

301 4328 371 4384 lbid.
391 4334 462 4379 enim
478 4329 601 4400 appello]
623 4291 1008 4383 irinc.nsn1n.std.’1..0d
1030 4354 1063 4368 -
1084 4330 1227 4377 onimium
1243 4327 1349 4395 appello
1367 4329 1455 4378 ceteri
1474 4341 1535 4377 cum

226 4408 305 4457 ediu.
324 4406 476 4456 Ciceronis.
858 4408 901 4460 18.
921 4403 964 4471 et]
986 4419 1039 4452 om.
1056 4399 1198 4473 pleraeque
1217 4399 1295 4453 ediis.
1314 4401 1374 4453 Cic.

305 4482 344 4535 19.
364 4481 544 4547 suspiciones]
564 4482 729 4546 smpitiones
747 4477 837 4529 Prius.
858 4475 966 4529 Beruld.
985 4474 1046 4529 ΔΜ.
1066 4474 1177 4545 ubique.

302 4559 335 4608 21
365 4554 510 4603 simulasse
528 4571 557 4603 ss
575 4556 684 4619 timere]
707 4553 770 4604 lior.
787 4552 869 4604 Creo.
886 4579 925 4594 -
941 4551 1085 4602 simsdasse
1104 4554 1202 4601 tinsers
1217 4553 1332 4653 priores.
1384 4555 1387 4560 '

300 4635 345 4682 22.
364 4628 464 4695 hortis]
485 4633 557 4677 ortis
578 4629 667 4678 i'rinc.

301 4706 346 4760 25.
366 4704 398 4770 Q
414 4702 525 4770 Pompe
501 4720 558 4750 ems
573 4701 662 4769 [torsus
663 4706 672 4767 j
692 4701 725 4769 Q.
737 4697 1055 4769 Pompeiusfuitl'rioc.
1068 4694 1175 4750 Bersld.
1190 4695 1250 4750 sti.
1265 4696 1331 4749 Lod.
1354 4726 1385 4738 -·
1405 4699 1441 4767 Q.
1456 4697 1537 4749 Pom-

225 4780 334 4844 prices
319 4781 415 4832 eresi.
433 4803 469 4820 —·
487 4779 544 4830 uos
564 4796 595 4826 es
616 4780 709 4846 inepto
728 4794 786 4827 soc.
798 4772 864 4844 sint
880 4789 1033 4844 cognomen
1055 4776 1167 4844 Pomp
1142 4777 1179 4824 eu
1199 4775 1375 4826 restituimus.
