3210 5280
83 187 85 195 '
163 201 227 266 uo
484 159 1172 302 smmmmnnmmmwmmn'

249 338 333 424 Cap.
355 341 403 405 X.
427 341 481 405 ll.
505 341 687 423 Srtpercuit
705 354 828 424 postea
848 341 959 407 Cinna
978 363 1057 404 cum
1077 340 1214 424 Mario]
1238 340 1406 425 Sulpicius
1422 344 1489 410 tulit

162 436 286 520 legem,
317 445 352 496 ut
376 435 545 499 tolleretur
567 434 794 499 Mithridation
812 434 979 518 provincis
1006 435 1112 498 Sullae
1136 447 1170 498 et
1192 439 1327 500 daretur
1357 437 1485 504 Mario.

161 529 269 594 Iratus
299 527 387 591 Sulla
417 528 547 591 adduxit
577 529 771 602 exercituin,
807 527 923 592 occidit
949 528 1140 610 Sulpicium.
1184 530 1315 594 Marius
1343 532 1439 596 letuit
1458 535 1488 596 in

162 621 440 687 Minturnensibus
472 621 649 705 paludibus.
706 623 784 686 lude
815 631 942 703 reperta
973 620 1020 684 illi
1051 619 1141 684 navis
1173 634 1240 699 est,
1274 635 1309 688 el
1336 625 1426 710 fugit
1452 628 1489 688 sd

138 714 321 780 ⁶Alricam.
366 715 438 778 Illic
461 715 563 780 latuit.
608 715 700 780 Fecit
714 716 801 779 Sulla
824 717 904 777 diros
919 713 1066 777 consules
1086 712 1222 778 Cinnam
1244 727 1277 779 et
1301 711 1509 783 Octavium

162 808 238 896 lure
259 807 392 872 iurando
415 808 560 871 astrinxit
583 829 657 886 eos,
681 819 716 871 ut
739 809 844 872 nullus
865 821 975 872 contra
994 819 1064 870 acta
1086 807 1213 872 Sullane
1234 808 1375 875 laceret.
1417 811 1487 875 Dis·

162 901 271 965 cessit.
316 900 435 983 Coepit
457 901 558 966 Cinna
584 905 624 965 de
649 903 868 967 libertinorum
891 900 1052 987 sullrsgiis
1074 923 1183 984 agere.
1228 903 1392 968 Octavius
1421 925 1487 967 cun

163 996 299 1059 Senatus
316 1007 428 1058 contra
444 995 546 1077 ipsum
562 995 686 1059 babuit.
731 996 846 1061 Ortum
863 1008 911 1058 est
933 997 1048 1059 bellum
1071 995 1180 1061 civile.
1226 997 1366 1080 Expulit
1389 998 1487 1063 Octa·

162 1091 248 1151 vius.
306 1080 593 1170 Cinnaexpulsus
626 1089 770 1172 corrupit
807 1089 941 1166 milites,
988 1089 1094 1172 pretio
1129 1088 1261 1176 collegit
1294 1092 1485 1155 exercitum:

120 1180 309 1245 somnient
335 1181 474 1245 Marium
507 1182 538 1245 in
567 1184 693 1248 Africa.
738 1181 930 1264 Composuit
956 1184 1098 1268 legiones
1122 1185 1237 1247 solutis
1263 1185 1439 1269 ergastulis
1458 1194 1487 1247 et

163 1275 263 1338 venit.
308 1275 401 1337 Tunc
425 1274 549 1339 occisus
572 1288 618 1337 est
643 1275 799 1342 Octavius
824 1288 855 1338 et
881 1275 1006 1339 occisus
1025 1275 1184 1339 Antonius
1204 1289 1336 1353 orator,
1364 1277 1484 1352 Crassi,

164 1366 289 1443 Catuli,
313 1367 380 1450 ipsa
397 1369 511 1431 lumina
527 1368 676 1431 civitatis.
721 1368 908 1431 Nuntiatum
924 1379 970 1430 est
986 1368 1105 1433 Sullae.
1152 1370 1299 1434 Adduxit
1315 1370 1484 1434 exercitu·

162 1460 330 1525 etiterum
360 1461 445 1525 ultus
477 1473 525 1524 est
554 1473 689 1526 mortem
722 1462 888 1525 nobilium.
932 1463 993 1526 llle
1021 1461 1139 1526 delevit
1164 1476 1272 1545 partes
1307 1464 1482 1528 Marianas.

164 1555 257 1618 Tune
277 1553 402 1618 Marius
425 1555 561 1618 moritur
586 1577 641 1618 sus
668 1567 794 1638 sponte.
839 1557 921 1619 Post
950 1556 1056 1620 Sullae
1086 1569 1190 1619 aulem
1220 1556 1386 1621 interitum
1411 1556 1483 1621 lacti

120 1657 236 1710 sssunt
267 1649 331 1710 duo
365 1647 512 1710 consules
545 1646 679 1712 Catulus
709 1660 739 1710 et
767 1647 920 1729 Lepidus.
976 1650 1119 1731 Lepidus
1144 1651 1276 1715 volebat
1309 1645 1483 1735 infringens

162 1753 232 1804 acta
256 1741 399 1803 Sullana.
443 1737 577 1804 Catulus
610 1742 819 1816 defendebam
857 1755 927 1806 orta
959 1754 1030 1806 snm
1057 1743 1139 1806 bella
1167 1743 1285 1807 civilia.
1343 1743 1482 1809 Primum

161 1833 279 1905 bellum
308 1853 389 1917 ergo
415 1833 510 1899 civile
539 1833 601 1897 suit
626 1833 709 1898 inter
735 1835 853 1898 Sullam
885 1847 916 1898 et
946 1835 1140 1917 Sulpicium
1174 1839 1348 1900 secundum
1372 1839 1482 1900 bellurn

161 1925 245 1990 inter
267 1927 435 1993 Octavium
458 1939 491 1991 et
514 1927 666 2003 Cinnsnu
689 1928 819 1991 tertium
840 1927 924 1999 iuter
937 1927 1081 1994 'Cinnam
1101 1943 1132 1993 et
1153 1932 1316 2006 Marium
1340 1942 1481 2015 qisartmn

136 2018 245 2084 ‘inter
260 2022 379 2085 Sullam
402 2032 433 2085 et
455 2023 641 2097 Marianos;
665 2022 806 2107 quimum
834 2023 951 2085 bellum
977 2022 1060 2086 inter
1086 2025 1243 2106 Lepidum
1265 2036 1301 2089 et
1322 2024 1480 2090 Catulum.

40 2109 44 2123 '
118 2115 207 2200 atUt
236 2134 318 2200 ergo
351 2114 481 2200 gravius
512 2117 576 2178 hoc
601 2116 717 2180 bellurn
747 2118 894 2180 ostendat
925 2116 1037 2194 ciuile,
1074 2130 1236 2183 enumerat
1265 2139 1400 2196 omnes,
1432 2115 1482 2203 qui

161 2207 244 2271 bella
269 2221 436 2292 gesserunt
458 2209 576 2272 civilia.

245 2302 408 2367 Oet'ceoius
429 2303 579 2384 expellit]
603 2302 738 2368 Cinnam
760 2304 928 2387 collegam
950 2302 1040 2368 dicit.

247 2396 459 2461 clarissimis
481 2397 579 2478 viris]
613 2396 692 2478 lpso
715 2397 874 2473 Octavio,
899 2397 1045 2462 Antonio
1066 2409 1097 2462 et
1120 2396 1264 2465 Crassis.

247 2488 330 2572 Cep.
353 2491 419 2554 xl.
443 2490 499 2554 26.
526 2489 628 2556 Nihil
648 2512 702 2554 me
724 2504 859 2555 mutum
874 2504 991 2574 potest
1011 2490 1195 2575 delectare]
1229 2493 1270 2556 ld
1292 2503 1361 2571 est,
1385 2503 1483 2557 status

118 2583 215 2646 level
236 2582 358 2667 imago.

221 2680 387 2762 Ueroque
408 2675 575 2760 tempore]
610 2677 784 2759 Quomodo
806 2699 840 2742 se
862 2677 965 2762 iungit
986 2700 1058 2741 cum
1074 2678 1249 2763 Pompeio.
1294 2679 1482 2764 Pompeium

161 2767 237 2833 dicit
258 2780 290 2834 et
310 2771 460 2854 praetulit
481 2791 517 2833 se
543 2770 720 2853 Pompeio,
745 2770 819 2856 quia
841 2774 913 2853 plus
939 2772 1110 2854 praestitit.

468 2940 608 3016 FlNlT
634 2941 731 3015 LIB.
759 2941 828 3016 lll.
864 2941 1057 3017 INCIPIT
1086 2944 1175 3018 1111.

570 3087 1085 3171 mnonunnunmu

119 3253 151 3304 ³⁰
247 3237 310 3301 Hic
336 3236 418 3300 liber
439 3239 480 3300 de
503 3257 609 3318 poena
639 3234 877 3300 coniuratorum
904 3236 1021 3322 agitor.
1065 3240 1110 3302 Et
1138 3239 1206 3303 ausi
1240 3253 1314 3305 sunt
1341 3242 1480 3326 plerique

161 3341 428 3395 commentatores
458 3328 648 3412 negotialem
680 3329 800 3393 dicere.
854 3329 919 3395 Ubi
949 3332 1030 3393 enim
1063 3335 1102 3395 de
1134 3334 1284 3417 qrralitate
1312 3356 1479 3418 poenarum

161 3423 340 3509 (puisentur,
364 3423 531 3504 negotialis
563 3433 663 3484 status
693 3433 760 3499 est,
783 3424 840 3485 sed
864 3424 1009 3487 accidens
1033 3446 1103 3487 cum
1129 3469 1138 3488 .
1164 3469 1174 3489 .
1200 3471 1209 3490 .
1236 3472 1245 3491 .
1275 3429 1400 3493 Melius
1422 3441 1478 3505 est,

163 3529 196 3579 ut
218 3517 304 3579 dicas
320 3515 617 3579 demonstrationem
634 3537 717 3580 esse.
762 3516 870 3579 Statim
891 3518 974 3579 enim
999 3518 1167 3602 negotialis
1188 3533 1254 3597 est,
1280 3523 1333 3586 ubi
1350 3521 1479 3586 intenlio

64 3681 66 3683 ¹
160 3623 194 3672 et
219 3610 362 3693 depulsio
386 3621 446 3673 est.
503 3610 590 3674 Nihil
621 3623 668 3674 est
697 3610 772 3674 tale.
828 3611 1024 3690 Quomodo
1054 3625 1161 3693 potest
1192 3635 1262 3678 esse
1290 3611 1479 3699 negotialis?

119 3703 273 3788 ssMagis
294 3702 571 3767 demonstrationis
593 3715 715 3786 partem
741 3725 811 3767 esse
840 3703 959 3766 seilicet
982 3704 1156 3768 orationem
1186 3709 1339 3770 debemus
1365 3711 1478 3770 dicere.

144 3800 305 3878 Secunda
329 3796 463 3882 denique
479 3798 563 3862 actio
586 3797 714 3861 secundi
729 3797 789 3860 diei
812 3795 896 3859 actio
912 3809 972 3860 est.
1020 3798 1103 3860 Nam
1127 3792 1223 3881 qrsiuu
1244 3802 1382 3862 relatum
1405 3810 1479 3863 esset

162 3893 364 3954 adsecutum
388 3904 459 3955 aute
482 3905 513 3954 et
536 3913 626 3956 more
650 3889 790 3955 omniurn
814 3889 1004 3975 interrogati
1026 3903 1130 3955 essent
1145 3893 1318 3956 sententias
1339 3895 1478 3960 consules

163 3984 334 4068 designati,
370 3984 460 4069 prior
489 3985 710 4069 interrogatus
743 3997 791 4048 est
820 3985 944 4048 Silanus
974 3989 1085 4048 consul
1115 3987 1311 4070 designatus.
1375 3991 1478 4052 Morte

162 4078 306 4141 multavit
328 4078 524 4142 coniuratos.
570 4080 793 4161 Interrogatus
809 4091 882 4160 post
908 4099 977 4140 erun
998 4078 1118 4141 Caesar
1135 4079 1295 4143 dissuasit.
1341 4083 1477 4144 Necdum

120 4190 151 4243 so
163 4169 311 4234 Caesaris
338 4171 522 4234 sententiam
554 4172 651 4236 solvit
683 4170 785 4244 Cetos
822 4193 892 4235 nam
919 4184 1029 4254 postes
1061 4170 1144 4236 Crto
1176 4173 1272 4236 solvit
1297 4172 1477 4236 sententian

162 4262 322 4328 Caesaris.
364 4267 428 4329 Sed
449 4264 566 4330 Cicero
582 4277 655 4329 aute
679 4264 804 4344 retulit,
826 4281 858 4329 et
880 4265 926 4328 sie
948 4267 1119 4329 auctoritas
1136 4266 1240 4329 crevit
1255 4265 1392 4331 Catonis
1414 4275 1478 4348 post

164 4356 331 4422 Ciceronis
360 4359 560 4422 relationem.
605 4357 753 4441 Denique
782 4360 894 4422 consul
921 4381 985 4423 non
1012 4362 1105 4422 debet
1131 4359 1274 4434 referre,
1311 4360 1370 4422 nisi
1399 4359 1479 4439 quod

241 4519 266 4572 8.
287 4512 436 4565 Octavium
455 4533 517 4565 eum
535 4519 656 4586 senatu?
676 4514 751 4567 Male
771 4514 821 4567 Gr.
842 4514 979 4566 Octavius
997 4525 1133 4571 senatum.
1172 4521 1198 4574 9.
1217 4515 1339 4589 Expulit
1351 4516 1479 4570 Octavius

171 4588 299 4644 Cluunm.
346 4589 435 4641 Cinna
459 4607 522 4657 exp.
547 4592 703 4644 emendavit
727 4590 871 4644 Grsevlus.
917 4595 962 4646 22.
983 4590 1031 4643 Sic
1052 4591 1086 4645 G.
1106 4621 1144 4634 -
1163 4592 1282 4646 cinnam
1300 4593 1401 4645 didicit
1419 4609 1477 4644 cor·

162 4663 310 4790 ruptethr.
348 4667 393 4725 26.
410 4669 518 4736 imrgtt]
539 4667 753 4736 Gn-'inugat
773 4665 810 4720 G.
847 4669 895 4726 50.
917 4667 1013 4740 ⁸¹bego
1031 4667 1125 4736 qud*
1152 4666 1260 4724 Gens.
1296 4672 1346 4730 87.
1365 4673 1477 4721 σηπίαι

159 4756 250 4806 pl'llm,
