3210 5280
426 318 429 322 ,
490 221 542 286 IN
564 221 707 288 ORAT.
730 223 825 289 PRO
847 222 1026 289 SESTIO.
1334 222 1395 287 307

154 363 313 438 LVllll.
342 357 377 440 1.
418 365 640 467 Emergebat
665 368 810 463 subito,
848 392 958 467 quum
992 369 1061 441 sub
1087 368 1243 443 tabellas
1269 370 1397 445 subre-

78 489 230 576 pserat,
258 488 298 550 ut
324 489 472 568 „mater
498 488 534 553 te
562 479 733 577 appello”
759 480 927 554 dicturus
953 479 1179 554 videremr¹.

164 595 322 658 Intulerat
337 597 669 661 commemorationem
695 596 896 680 conspiratae
919 598 1079 661 cuiusdam
1109 594 1313 660 multitudinis
1341 597 1397 660 ad·

82 711 194 753 versus
209 689 391 774 dignitatem
407 711 507 767 suam,
521 689 688 775 instigante
700 689 846 755 videlicet
858 690 969 774 Appio
984 689 1118 756 Claudio
1129 702 1290 773 praetore,
1303 711 1397 774 quem

79 784 137 869 [Ρ.
161 781 230 860 lu]
263 784 377 846 seimus
405 783 537 847 fratrem
560 784 602 847 P.
627 782 734 849 Clodii
759 783 873 855 fuisse.
925 782 1050 849 Deinde
1079 784 1265 865 postlhaec
1292 782 1422 848 intulilt

77 899 205 941 versum
224 879 262 940 de
284 878 390 940 sabula
414 876 616 953 Pacuviana,
640 898 721 961 quae
746 880 805 941 sub
830 879 924 944 titulo
947 877 1051 942 llione
1071 877 1187 939 fertur.
1232 875 1271 938 ln
1293 895 1330 938 ea
1349 885 1399 938 est

78 971 197 1054 quippe
220 983 439 1056 argumentum
460 971 503 1034 ita
524 970 729 1052 dispositum,
754 985 788 1036 ut
810 971 968 1052 Polydori
994 973 1104 1034 umbra
1126 972 1298 1034 secundum
1318 988 1399 1034 con·

77 1065 294 1127 suetudinem²
317 1065 556 1130 scaenicorum³
578 1065 619 1128 ab
643 1065 797 1129 inferiore
820 1068 910 1129 aulae
925 1076 1017 1148 parte
1039 1066 1211 1149 procedat,
1237 1077 1269 1128 et
1290 1073 1399 1126 utetur

76 1156 137 1218 bac
162 1156 366 1222 invocatione
395 1159 525 1221 matrisl
547 1179 642 1233 suae,
668 1180 760 1243 quam
787 1161 967 1223 sordidatus
992 1170 1025 1221 et
1049 1158 1178 1244 lugubri
1203 1157 1332 1233 babitu,
1362 1167 1398 1220 ut

79 1251 215 1324 solenl⁵,
240 1251 293 1335 qui
310 1273 371 1333 pro
388 1253 519 1315 mortuis
542 1251 750 1327 inducuntur,
774 1252 856 1316 filius
871 1252 1076 1334 implorabat.
1120 1256 1244 1316 Verum
1258 1252 1319 1314 sub
1334 1251 1398 1315 hoc
1409 1262 1440 1314 10

78 1344 225 1424 exemplo
246 1345 379 1429 intelligi
403 1346 469 1408 vult
491 1344 632 1427 Appium
660 1342 825 1409 Claudium
853 1347 932 1410 male
955 1346 1016 1409 sibi
1038 1344 1198 1410 conscium
1220 1355 1251 1406 et
1272 1345 1397 1427 populo

78 1436 222 1520 graviter
254 1439 429 1514 offensum,
466 1443 601 1504 obscure
632 1438 758 1502 solitum
793 1439 900 1504 venire
931 1442 970 1502 ad
1001 1439 1198 1522 spectacula,
1232 1459 1271 1502 ne
1295 1437 1397 1500 iratae

78 1530 284 1593 multitudinis
304 1531 440 1614 impetus
463 1533 676 1614 experiretur.
721 1531 775 1595 Sic
788 1554 869 1619 ergo
891 1533 1057 1598 veniebat⁶
1065 1577 1075 1611 ,
1099 1530 1219 1617 inquil,
1244 1543 1278 1595 ut
1292 1531 1397 1597 solent

78 1625 261 1686 umbrarum
283 1625 437 1709 figmenta
460 1621 648 1709 subrepere.
1289 1658 1294 1665 ·

153 1743 190 1820 2.
219 1747 346 1852 ltaque
373 1750 436 1823 illa
461 1754 522 1824 via
543 1752 771 1826 latebrosior
779 1740 801 1847 ,'
819 1775 890 1853 qua
908 1760 1113 1850 spectatum
1130 1751 1193 1825 ille
1213 1750 1395 1858 veniebat.
1409 1773 1439 1822 ss

163 1862 231 1931 Eric
256 1899 296 1910 -
318 1892 360 1931 κα
389 1869 450 1912 -7
486 1871 751 1951 opportunissime
780 1869 873 1954 fingit
903 1868 972 1952 ipse
991 1870 1131 1932 ‘Trrllius
1165 1869 1255 1931 illas⁸
1288 1877 1397 1950 partes

75 1959 216 2034 itineris,
248 1981 309 2042 qua
333 1962 451 2025 soleret
473 1964 598 2045 Appius
622 1984 812 2030 commeare.
856 1964 925 2028 1³2⁹
948 1974 1052 2026 autem
1069 1984 1143 2025 vera
1165 1963 1278 2024 scimus
1301 1961 1394 2036 riam,

78 2075 159 2137 quae
188 2076 246 2136 per
276 2055 479 2137 Campaniam
507 2056 611 2136 ducit,
634 2060 694 2131 surb
715 2058 780 2122 hoc
804 2058 930 2122 nomine
956 2055 1132 2132 celebrari,
1156 2058 1244 2139 quod
1269 2054 1397 2138 Appius

78 2168 145 2209 eam
173 2147 328 2212 Claudius
359 2150 514 2216 uriruierit.

154 2271 256 2344 LXI.
286 2267 320 2346 1.
349 2272 420 2373 Qui
449 2277 656 2373 tripertitas
684 2277 788 2350 orbis
815 2285 1002 2350 terrarum
1023 2299 1111 2348 oras
1130 2275 1250 2348 tribus
1271 2274 1438 2358 trium-20

77 2383 160 2481 phis
189 2385 380 2458 adiunctas
407 2387 491 2460 huic
518 2390 673 2486 imperio
700 2390 854 2461 notavit.

162 2503 229 2566 Ενκ
250 2504 326 2547 -¹⁰
349 2504 387 2564 de
404 2503 467 2567 Cu.
487 2506 662 2587 Pompeio,
687 2528 780 2591 quem
797 2515 920 2567 constat
935 2525 975 2567 ex
987 2501 1098 2566 Africa
1114 2512 1188 2584 post
1206 2521 1395 2582 oppressum

77 2595 134 2676 [P.
166 2596 235 2676 lu]
269 2595 443 2659 Domitium
476 2597 771 2684 Cleppianosque¹¹
805 2597 999 2683 srrgirivos'3'
1027 2597 1103 2659 ex¹³
1141 2596 1269 2670 Ponto,
1308 2593 1394 2658 ricto

77 2688 266 2752 Milhridate
281 2692 411 2773 rege¹³3
434 2693 473 2754 de
489 2692 641 2773 Hispania
657 2704 732 2775 post
746 2690 885 2757 occisum
901 2692 945 2772 Q.
964 2689 1143 2755 sertorium
1159 2699 1191 2751 et
1207 2709 1393 2771 oppressum

76 2781 130 2845 Μ.
156 2783 353 2864 Perpernam
383 2784 606 2869 Lusitanisque
632 2785 725 2848 victis
754 2784 975 2867 triumphasse.
1185 2789 1188 2795 '
1404 2798 1436 2846 25

152 2901 190 2980 2.
217 2906 274 2980 Ne
302 2909 385 3006 quis
412 2909 457 2980 de
485 2910 588 2984 caelo
615 2919 798 2985 servaret.

161 3026 308 3111 Undique
334 3044 460 3088 versum
484 3016 656 3092 -¹⁴'hoc
681 3040 728 3091 est
755 3025 869 3089 iudicia
880 3026 906 3066 ¹⁵
929 3023 1074 3107 publicae
1100 3022 1272 3088 voluntatis
1295 3022 1334 3084 de
1359 3041 1394 3085 se

76 3118 186 3182 habita
213 3131 392 3203 congregat
417 3133 448 3183 et
469 3120 622 3185 illustrat:
653 3121 736 3184 inter
762 3141 843 3203 quae
864 3119 956 3200 ponit
980 3132 1011 3182 et
1034 3119 1097 3182 hoc
1117 3139 1186 3181 esse
1212 3120 1392 3190 decretum,

77 3234 117 3275 ne
140 3215 178 3274 de
201 3214 290 3276 caelo
315 3227 517 3288 servaretur3
540 3214 688 3298 quoniam
714 3215 858 3279 solebant
881 3212 1020 3275 actiones
1047 3210 1211 3294 impediri,
1236 3207 1262 3271 si
1283 3208 1395 3294 fulgur

76 3305 298 3382 nuntiaretur,
334 3307 386 3370 vel
410 3319 537 3372 ostentu
567 3310 674 3392 aliquo
684 3309 711 3350 ¹⁶
743 3305 964 3370 dirimerentur
987 3325 1042 3380 ca,
1070 3325 1151 3389 quae
1175 3306 1215 3366 ad
1239 3302 1436 3386 populumne

77 3398 276 3463 serebantur.

151 3523 273 3597 LXII.
302 3519 336 3598 1.
363 3527 485 3626 Atque
512 3512 553 3601 ut
577 3529 695 3623 idem,
723 3526 769 3599 ad
794 3550 857 3600 res
883 3521 1115 3599 redeunlis¹⁷
1142 3532 1183 3597 ut
1208 3523 1392 3616 venirent,

76 3646 313 3733 rogarentur.

164 3751 260 3815 Certa
282 3775 357 3836 pars
387 3752 458 3818 anni
485 3755 731 3832 observatur¹⁸,
756 3777 816 3838 qua
839 3754 915 3819 nihil
937 3752 968 3817 in
993 3756 1071 3817 urbe
1095 3763 1282 3837 gereretur,
1307 3751 1394 3832 quod

75 3850 272 3867 ——-

149 3891 173 3936 1.
194 3892 255 3936 Cod.
274 3891 388 3936 diclrrrus
409 3892 536 3937 rideturue
554 3893 660 3938 ridetur.
697 3891 722 3938 2.
742 3895 803 3938 Cod.
824 3908 909 3939 ereum
932 3892 1119 3949 cousuetudine.
1157 3889 1182 3937 3.
1208 3891 1315 3939 lleCod.
1339 3903 1392 3934 eum

215 3975 263 4015 «κ,-
283 3963 345 4019 qnod
357 3964 414 4007 ulmi
426 3966 498 4007 etium
511 3965 567 4021 legi.
604 3965 718 4018 superins
734 3969 812 4008 tamen
825 3977 849 4020 p.
869 3961 927 4009 305.
941 3965 956 4007 Ι.
977 3961 1017 4007 ll.
1034 3976 1087 4007 eum
1104 3975 1127 4007 e.
1166 3958 1190 4005 l.
1210 3961 1271 4004 Cod.
1291 3960 1391 4003 martie.

216 4030 240 4076 5.
262 4030 322 4075 Cod.
346 4033 435 4077 colent.
482 4031 506 4077 ⁶.
527 4033 588 4077 Cod.
607 4032 745 4081 ueniebant.
792 4030 816 4078 7.
837 4034 976 4077 Versiculos
1000 4033 1045 4077 Gr.
1090 4029 1115 4075 8.
1136 4031 1197 4075 Cod.
1216 4030 1271 4078 tun.
1321 4028 1346 4076 9.
1366 4028 1393 4072 ln

214 4101 275 4148 Cod.
291 4102 408 4146 omittitur
426 4116 454 4145 re
475 4109 573 4158 propter
584 4103 648 4147 eliud
662 4103 814 4157 praecedens.
854 4100 895 4150 1⁰.
915 4103 1053 4147 versuum
1065 4100 1110 4146 Gr.
1125 4101 1262 4155 explendus.
1303 4097 1394 4141 11.11ι

214 4171 292 4224 Coe„
320 4173 366 4215 nlsi
389 4173 449 4229 quod
475 4187 518 4226 pro
543 4186 589 4230 qus
611 4178 647 4216 est
671 4186 743 4231 quere.
780 4171 856 4230 (Lege
880 4169 1075 4230 Clupsuuosque.
1105 4167 1166 4226 Oa.)
1213 4165 1252 4214 ¹2.
1279 4167 1339 4211 Coe.
1359 4171 1392 4211 el.

217 4237 258 4287 1³.
283 4240 343 4284 Cod.
364 4242 446 4285 crerier·
466 4239 598 4285 Mitridate
616 4239 696 4289 bocci.
735 4238 776 4286 1⁴.
796 4243 883 4296 Supple
905 4241 1003 4285 verbnm
1024 4241 1069 4285 Gr.
1108 4238 1148 4285 15.
1168 4239 1247 4282 Maius
1266 4251 1309 4291 pro
1331 4237 1393 4291 Coe,

212 4310 268 4356 leet.
288 4311 351 4354 dedit
369 4304 482 4364 iudaeam·
512 4314 552 4356 sed
571 4310 616 4356 eir.
641 4324 713 4368 supra
736 4311 788 4355 1.v.
809 4306 833 4356 3.
853 4324 896 4355 nee
915 4315 979 4355 recle
1004 4312 1124 4355 diceretur
1143 4307 1261 4352 iudiciu-
1277 4303 1392 4350 -lrobitm

213 4378 260 4423 Or.
299 4377 340 4428 1⁶.
360 4381 422 4424 Cod.
441 4382 580 4440 clipuoque.
618 4381 678 4436 (Pro
696 4386 793 4426 ostentu
811 4382 858 4439 leg.
877 4385 980 4424 calente.
1000 4378 1061 4437 On.)
1099 4376 1139 4424 ll.
1159 4379 1195 4421 lta
1212 4376 1290 4423 endi
1308 4389 1352 4432 po
1369 4389 1393 4420 e.

216 4445 256 4491 18.
277 4448 337 4507 Leg.
359 4450 547 4495 observabatur.
568 4449 616 4499 οι.

168 4551 196 4607 6.
216 4550 319 4603 Rursus
339 4549 407 4603 bene
428 4568 486 4614 eet,
507 4551 579 4621 quod
599 4568 650 4604 noe
672 4555 806 4624 lnrcrpree
825 4555 956 4604 certiores
976 4547 1043 4602 beu
1057 4548 1149 4602 locum
1164 4549 1238 4601 hunc
1252 4548 1395 4619 podrleom

74 4621 182 4677 laudari
198 4641 211 4675 a
225 4625 319 4677 Tullio
335 4645 350 4678 e
365 4628 476 4680 Pacuvii
491 4627 587 4679 llione.
625 4626 682 4693 (Tu
697 4624 792 4678 eonler
804 4623 947 4680 llelndorl.
960 4623 994 4677 ud
1006 4625 1113 4678 llorerll
1128 4627 1185 4678 Sat.
1197 4629 1222 4676 2.
1233 4626 1258 4681 3·
1268 4623 1314 4679 60.
1327 4621 1396 4690 Oe.)

75 4713 165 4830 seni:
168 4701 292 4829 1ppmldale
312 4718 378 4776 ergo
398 4700 538 4777 cogitabat
558 4701 592 4756 de
612 4701 703 4756 Arum
722 4702 905 4758 dornomiam
925 4700 1062 4756 hocloco
1082 4705 1111 4754 ln
1131 4700 1338 4753 commentariis
1361 4695 1396 4753 ed
