3210 5280
222 194 286 262 stt
638 195 845 264 scironia
866 197 1119 265 Bossluustu

224 375 226 379 ¹
298 336 335 415 2.
362 341 540 417 dirorum
567 344 729 418 fremitu.

220 553 239 617 f
280 460 507 618 dAb[sur]dus
528 459 616 525 enim
632 504 642 525 .
661 504 699 524 ..
723 483 743 525 o
766 458 828 523 dici
850 480 889 523 oe
914 488 979 525 ..·.
1004 466 1037 521 et
1056 457 1175 532 bene¹3
1199 454 1329 522 fremitu
1343 456 1428 522 enim
1445 458 1544 523 verba

236 575 278 619 un
302 566 382 621 unt.-

270 674 332 777 ‘§.
358 673 421 753 20.
449 680 546 755 Tota
573 690 631 754 est
661 682 760 754 acies
788 679 850 753 illa
877 702 951 751 uno
977 679 1117 775 impetu
1141 676 1434 774 prosternenda.

195 815 210 864 s
305 797 382 861 Hoc
403 797 495 862 dicits
533 820 628 883 quirum
657 799 720 861 sint
748 786 1006 881 impudentissimi
1027 801 1143 874 testes,
1176 813 1241 858 nou
1267 795 1387 859 debere
1409 792 1545 880 singulis

219 894 456 973 respondere&
486 894 542 955 sed
563 892 718 957 universis
740 892 844 957 simul.

297 1012 330 1114 §.
357 1011 421 1090 22.
448 1018 575 1091 Dicam
601 1019 698 1092 enim
723 1019 894 1116 primum.

304 1133 508 1217 Propositio.

295 1254 329 1357 §.
356 1251 418 1333 30.
447 1259 528 1336 Nos
555 1271 679 1335 tamen
705 1263 742 1335 id
768 1286 872 1336 more
899 1263 1090 1353 maiorum.

144 1390 151 1400 ’
176 1397 209 1456 so
302 1378 393 1460 Aput
414 1378 562 1463 antiquos
585 1379 753 1462 omnifluus
764 1380 800 1444 in
822 1380 923 1444 rebus
944 1391 978 1443 et
997 1377 1142 1463 publicis
1163 1388 1197 1441 et
1212 1377 1362 1464 privetis
1377 1381 1543 1445 sollemne

218 1469 346 1553 erat³],
372 1471 527 1534 ut-etiarn
558 1493 599 1535 ex
624 1471 802 1536 nominibus
826 1483 1027 1537 sumerentur
1046 1471 1197 1556 aruspicia·
1255 1472 1348 1538 Unde
1380 1486 1460 1557 aput
1487 1496 1544 1539 eos

218 1567 330 1632 consul
357 1565 481 1642 iactare,
516 1564 544 1627 si
569 1565 728 1649 coepisset
750 1566 904 1651 colligere
929 1560 1044 1629 milites
1067 1574 1099 1629 et
1126 1584 1244 1630 uovrrm
1273 1565 1333 1629 sibi
1361 1566 1557 1631 exercitum-

218 1659 380 1737 ecribere,
405 1661 591 1737 laborabat,
616 1673 650 1724 ut
679 1663 759 1724 baec
783 1662 847 1725 duo
873 1657 998 1724 nomina
1024 1658 1125 1743 prima
1151 1658 1334 1723 induceret:
1367 1671 1401 1724 et
1423 1660 1451 1724 si
1477 1681 1542 1725 non

144 1759 150 1766 “
219 1753 353 1818 luissent
381 1752 431 1816 bie
457 1755 634 1819 nominibus
656 1754 816 1830 homiues,
848 1755 1069 1839 fingebantur:
1102 1755 1246 1832 (necesse
1274 1753 1355 1816 enim
1382 1764 1474 1829 crat,
1507 1765 1542 1818 ut

177 1848 298 1921 asbaec
323 1846 447 1912 uomina
471 1849 569 1931 prima
598 1860 702 1914 esseut
723 1849 754 1912 in
780 1848 922 1912 exercitu
943 1858 1079 1930 propter
1101 1851 1227 1926 omens)
1260 1845 1436 1922 Valerius,
1469 1851 1541 1912 Sta·

218 1938 335 2003 torius.
390 1940 443 2005 En
473 1941 586 2006 Valeri
612 1952 716 2005 erstem
749 1941 874 2005 nornine
902 1943 966 2005 hoc
996 1961 1089 2005 omen
1115 1941 1315 2015 trahebatur,
1354 1952 1390 2004 ut
1417 1941 1542 2003 valeret

218 2031 396 2108 exercitum
419 2056 460 2098 ex
474 2034 612 2112 Statori,
637 2045 672 2099 ut
693 2046 805 2098 staret.
849 2034 935 2100 Dicit
962 2033 1099 2100 Cicero:
1124 2033 1232 2108 „forte
1250 2045 1285 2096 tn
1304 2034 1378 2098 ideo
1400 2032 1541 2115 primum

218 2125 331 2190 testem
353 2126 502 2192 induxisti
526 2129 613 2192 illum
635 2141 770 2212 propter
800 2150 912 2205 omen,
943 2139 977 2191 nt
999 2124 1125 2191 'valeret
1146 2138 1326 2191 accusator.
1370 2130 1436 2192 Sed
1458 2148 1540 2210 quo-

220 2219 321 2283 niam⁴
351 2222 414 2284 boc
442 2243 556 2286 nomeu
584 2221 722 2285 faustum
749 2243 876 2303 semper
902 2243 919 2284 a
946 2221 1118 2285 maioribus
1140 2233 1302 2304 putatum,
1340 2221 1554 2285 adsalutem

176 2311 320 2396 armagis
346 2315 461 2378 debere
487 2316 607 2390 valere,
631 2336 694 2379 nou
717 2320 756 2378 ad
777 2315 961 2398 perniciem.

296 2432 329 2535 §.
357 2430 419 2512 34.
447 2437 519 2539 Qui
546 2442 625 2512 sive
651 2442 831 2536 patricius
858 2442 936 2513 sive
963 2417 1142 2540 plebeius.

303 2559 447 2620 Centum
463 2569 640 2620 senatores
660 2558 787 2620 creauit
807 2560 993 2633 Romulus,
1018 2580 1104 2622 mox
1124 2556 1266 2621 totidem
1288 2554 1435 2640 adlegit.
1472 2559 1542 2623 Po·

218 2659 286 2712 etea
313 2649 504 2733 Tarquinius
519 2650 650 2712 Priscus
665 2649 783 2712 addidit
805 2650 885 2713 alios
900 2663 1024 2714 centum
1043 2672 1166 2736 eosque
1181 2650 1407 2732 conscripsit⁵.
1448 2652 1541 2714 Eone

220 2743 380 2808 vocabulo
416 2743 605 2824 conscriptis
637 2745 780 2826 patribus
813 2745 887 2808 dicti
923 2759 995 2809 siunt
1025 2743 1223 2826 conscripti?
1263 2746 1382 2808 Postea
1421 2744 1541 2826 placuit

176 2840 344 2920 orpopulo
367 2837 439 2900 addi
453 2837 589 2901 familiae
611 2837 751 2920 plebeiae
766 2839 979 2916 adsecutum,
1003 2851 1034 2903 st
1055 2838 1133 2902 lacti
1154 2850 1225 2902 sunt
1240 2849 1404 2902 senatores
1421 2838 1541 2922 plebei.

221 2932 301 2996 Tria
329 2945 400 2996 seint
423 2954 503 3017 ergo
526 2953 665 3016 genera,
697 2954 778 3015 quae
806 2935 1023 2995 veneruntad
1052 2944 1213 2995 sanaturus
1248 2930 1383 3013 primum
1413 2944 1541 3013 patrum

220 3049 338 3113 gentis,
374 3030 544 3090 secundum
571 3025 824 3108 conscriptorum
853 3048 972 3111 genus,
1006 3026 1132 3090 tertium
1159 3024 1329 3107 plebeium.
1375 3026 1442 3088 Sed
1464 3046 1542 3089 con·

219 3121 415 3202 scriptorum
443 3133 473 3184 et
499 3118 703 3202 patriciorum
731 3141 824 3182 uuum
851 3131 899 3182 est
930 3120 1088 3182 caeritum.
1131 3120 1208 3182 Non
1231 3118 1345 3181 licebat
1371 3117 1542 3200 patricium
1580 3173 1582 3176 ,

219 3223 331 3295 petere
347 3213 544 3277 tribuniciam
560 3224 767 3294 potestatem,
785 3217 859 3287 sed,
877 3213 902 3276 si
918 3212 1177 3296 plebeius'esset,
1197 3215 1336 3294 petebat.
1381 3211 1544 3275 Patricius

180 3307 468 3378 susouatorluerat
485 3305 638 3381 Clodius,
662 3305 721 3390 qui
742 3306 857 3369 οἰσοὶε6
871 3307 903 3368 in
924 3306 1053 3370 exilium
1070 3306 1275 3372 Ciceronem.
1313 3306 1372 3369 Isti
1393 3305 1544 3371 Claudii‘

222 3412 287 3464 tres
311 3410 401 3464 eraut
429 3411 593 3463 senatores
617 3398 753 3474 iratres3
789 3421 888 3476 ituris,
921 3399 976 3484 qui
1005 3403 1100 3466 inodo
1126 3400 1239 3465 consul
1267 3411 1331 3477 est,
1362 3400 1464 3478 alius,
1488 3398 1543 3484 qui

293 3700 316 3746 1.
336 3703 428 3746 Smdua
452 3697 610 3745 eniaufdsmo
634 3701 714 3745 disere
738 3699 832 3743 nesciet
854 3699 929 3743 bene:
957 3698 989 3747 fr.
1014 3699 1101 3744 berea.
1159 3696 1184 3744 2.
1209 3699 1278 3744 rora.
1302 3698 1465 3756 responderi.
1493 3701 1540 3747 Oe.

360 3767 384 3815 3.
404 3771 598 3826 Supplemeutam
611 3770 654 3814 boc
667 3775 704 3816 eat
721 3769 810 3814 Beieri.
830 3770 924 3813 Maius:
951 3768 1066 3813 omnibus
1084 3767 1158 3813 rebus
1176 3768 1284 3828 agendis
1302 3782 1357 3812 mos
1368 3766 1440 3828 suit,
1460 3769 1542 3831 quoad

356 3839 419 3904 fieri
434 3844 546 3897 poterut,
566 3844 593 3883 at
610 3844 657 3884 cet.
693 3835 718 3885 4.
737 3845 761 3884 et
778 3839 905 3898 quondam.
925 3838 1009 3882 Betae.
1048 3836 1072 3886 5.
1093 3838 1128 3883 lta
1146 3841 1264 3896 supplevit
1280 3839 1361 3884 Beier.
1381 3840 1480 3887 ranae:
1499 3841 1541 3901 qai

353 3911 460 3969 pepulit.
498 3907 523 3954 6.
542 3905 695 3954 Ciceronem.
714 3905 797 3968 [Nasu]
815 3905 913 3957 Claudi.
934 3908 1020 3953 Butes.

298 4073 342 4124 11.
362 4066 514 4122 Confirmat
534 4085 591 4120 rem
611 4068 710 4120 Clcero
729 4065 763 4119 de
789 4064 874 4119 divio.
895 4067 917 4118 1.
937 4065 982 4122 46.
1014 4069 1044 4116 in
1063 4064 1211 4116 lustranda
1231 4062 1340 4117 solonio
1360 4066 1396 4117 ab
1415 4085 1466 4132 eo,
1494 4073 1539 4136 qut

219 4159 281 4195 eum
301 4142 464 4207 dedisceret,
492 4150 522 4193 et
539 4160 620 4212 quum
638 4148 792 4212 imperator
811 4147 983 4209 exereitum,
1014 4159 1112 4192 censor
1126 4141 1258 4211 populum
1277 4142 1430 4206 lustraret,
1462 4143 1539 4194 bonis

219 4217 391 4282 nonu'us'dus,
410 4224 456 4287 qut
475 4216 585 4269 leostias
602 4218 751 4281 discerent,
771 4217 964 4284 els'gebanturr
982 4216 1056 4285 quod
1073 4216 1146 4266 idem
1164 4221 1193 4266 in
1213 4216 1320 4267 delectis
1339 4221 1468 4269 cumules
1487 4217 1539 4269 ob-

218 4301 353 4356 servant,
373 4301 406 4344 ut
421 4298 531 4362 primns
549 4293 627 4344 miles
639 4290 701 4363 fiet
721 4293 791 4344 bono
810 4297 928 4344 nomine.
968 4291 1039 4344 item
1058 4292 1172 4344 Tacitus
1192 4291 1264 4344 Hist.
1286 4292 1334 4346 lv.
1354 4296 1423 4356 53.,
1445 4293 1491 4346 ubi
1506 4291 1539 4344 de

220 4367 360 4439 Captrolto
382 4387 429 4440 per
449 4368 646 4441 Vespasianum
667 4373 796 4420 restituto
823 4372 875 4421 atr:
910 4371 1034 4434 ingressa·
1053 4368 1170 4429 milites,
1191 4367 1286 4435 quibus
1296 4363 1405 4433 fatuea
1425 4375 1539 4420 nomine

218 4457 273 4495 cet.
313 4444 442 4496 Ceterum
462 4448 587 4497 miserari
608 4444 672 4496 licet
693 4447 854 4515 gravitatem
876 4443 1026 4494 itomanam
1048 4443 1090 4494 bts
1110 4445 1208 4512 ineptis
1222 4445 1469 4512 superstitionibus
1484 4460 1537 4496 tam

218 4523 293 4572 serto
312 4515 442 4571 dedtram.
481 4517 555 4588 Qutd
575 4523 649 4571 eotm
670 4534 711 4570 est
731 4516 811 4570 rebus
830 4535 892 4570 oum
911 4515 1092 4572 nominibus?
1112 4514 1178 4589 qnid
1198 4513 1302 4578 mauris,
1317 4521 1463 4573 eventibus
1475 4537 1538 4572 cnm

217 4599 288 4647 certi
309 4593 437 4648 vocabuit
457 4592 575 4648 sonitu?
606 4594 713 4648 ΜΑιυε.

292 4674 338 4729 23.
356 4667 426 4722 the
445 4671 611 4742 Dionysium
633 4668 871 4724 Halicarnassenm
890 4669 985 4741 antiq.
1006 4670 1086 4723 Rom.
1107 4668 1144 4723 11.
1163 4674 1209 4724 12.
1229 4667 1275 4725 tr.
1295 4668 1348 4723 111.
1367 4673 1417 4730 67.
1435 4687 1464 4725 es
1478 4669 1538 4725 Ser-

217 4749 293 4801 uiana
311 4741 348 4798 sd
366 4747 434 4818 den.
454 4744 478 4801 1.
497 4746 563 4806 126.
602 4742 647 4800 ln.
