3210 5280
574 238 623 303 IN
648 235 1009 305 CORNELIANAM.
1381 245 1423 308 dl

120 401 230 463 magua
254 382 383 444 daretur
410 400 521 455 ustura,
546 380 711 462 turpiaque
732 389 763 443 et
785 379 905 443 intonsa
922 401 1016 444 exeo
1040 380 1124 442 luera
1151 380 1276 455 flerent,
1300 383 1423 467 nequis

119 474 230 551 legatis
251 487 432 536 exterarum
459 473 616 535 nationum
642 471 994 553 pecuniamexpeusnm
1019 472 1130 534 ferret.
1176 475 1272 539 Cuius
1294 477 1423 541 relatio·

119 589 186 630 urm
207 567 387 648 repudiavit
407 579 533 630 senatus
556 579 586 629 ot
608 565 767 638 decrerit,
790 564 867 626 suis
889 568 1005 628 l'nctttut
1027 565 1178 630 riderico
1197 580 1322 631 serratus
1345 590 1422 632 con·

118 663 220 734 tulto,
255 665 342 744 qttod
371 673 443 723 aute
471 681 569 723 annos
591 666 608 701 ⁶
630 661 672 722 [ι.
696 658 857 732 Domitio,
892 657 934 722 C.
959 657 1070 722 Caelio
1091 679 1175 721 coss.
1198 661 1313 723 laetum
1336 674 1422 737 erat,

119 777 187 818 urm
208 767 335 817 senatus
357 766 427 816 aute
448 755 600 836 pauculos
623 774 721 817 anuos
744 753 797 816 illo
819 762 944 815 senatus
965 752 1112 815 consulto
1140 754 1348 831 decrevisset,
1382 771 1448 822 net

120 848 186 931 quis
208 847 413 912 Cretensibus
443 847 605 929 pecuniam
634 853 770 909 mutuam
799 849 899 909 daret.
956 843 1125 909 Cornelius
1152 868 1190 909 ea
1217 868 1252 910 re
1282 850 1422 912 offensus

120 941 239 1003 senatui
269 952 399 1023 questus
429 953 475 1003 est
503 943 542 1002 de
573 961 609 1003 ea
639 941 670 1001 in
699 940 869 1014 concione,
907 938 1067 1001 exhauriri
1094 939 1277 1020 provincias
1299 941 1421 1016 usuriet

119 1035 370 1116 providendum,
387 1046 418 1096 ut
434 1035 585 1096 haberent
599 1033 715 1116 legati,
733 1036 812 1097 uude
826 1035 1000 1115 praesentis
1025 1077 1422 1099 ............

119 1129 242 1201 ἀει-ιιι,
264 1125 543 1210 promulgavitquc
565 1126 686 1207 legem,
709 1146 771 1210 qua
792 1126 1008 1190 auctoritatem
1031 1137 1155 1188 senatus
1180 1127 1359 1205 minuebat,
1384 1149 1422 1192 ne

119 1219 186 1303 quis
206 1220 267 1282 uisi
288 1241 347 1302 per
366 1219 517 1302 populum
539 1218 661 1302 legibus
684 1218 874 1281 solveretur.
929 1220 1024 1298 Quod
1046 1218 1173 1302 antiquo
1204 1242 1331 1302 quoque
1352 1220 1465 1283 iureis

121 1324 187 1373 erat
208 1325 354 1386 catttumt
377 1312 482 1396 ltaque
503 1311 535 1374 iu
558 1309 702 1374 omuibus
723 1323 849 1374 senatus
874 1311 1041 1387 consultis,
1071 1312 1183 1397 quibus
1213 1314 1346 1396 aliquem
1374 1316 1422 1377 le·

120 1405 213 1487 gibus
241 1406 326 1469 solvi
355 1406 517 1487 placebat,
551 1403 640 1466 adiici
672 1416 741 1467 erat
767 1404 913 1481 solitum,
948 1417 981 1468 ut
1009 1408 1048 1469 de
1075 1426 1111 1468 ea
1140 1427 1177 1469 re
1202 1409 1241 1468 ad
1264 1409 1418 1490 populum

119 1500 278 1562 terretur:
298 1502 355 1562 sed
378 1497 524 1579 paulatim
549 1497 717 1560 ferrieres
741 1499 891 1575 desitum,
916 1520 1028 1582 resque
1054 1499 1113 1562 iam
1134 1500 1165 1562 in
1192 1521 1259 1563 enm
1286 1523 1421 1564 consue·

119 1592 257 1654 tudinem
280 1604 427 1666 venerat,
451 1603 485 1654 ut
506 1603 668 1672 postremo
693 1611 730 1653 ue
745 1589 932 1655 adiiceretut·
947 1594 1068 1677 quidem
1083 1593 1115 1656 iu
1130 1606 1255 1656 senatus
1270 1594 1422 1658 consultis

119 1686 156 1746 de
182 1685 352 1768 rogatione
384 1687 422 1747 ad
450 1685 599 1766 populum
631 1684 776 1759 serenda,
811 1706 910 1770 eaque
938 1686 1008 1766 ipsa
1040 1698 1163 1750 senatus
1191 1689 1334 1752 consulta
1364 1709 1464 1770 pet-15

118 1779 270 1858 pauculos
292 1781 458 1842 admodum
480 1779 610 1840 fiebant.
653 1777 788 1861 Iudigne
809 1799 875 1840 eam
903 1777 1046 1842 Cornelii
1066 1779 1264 1862 rogationem
1285 1781 1479 1859 tuletsutpa]

117 1870 326 1951 potentissimi
346 1870 462 1955 quique
476 1892 517 1933 ex
532 1881 659 1946 senatu,
682 1890 817 1954 quorum
834 1872 934 1957 gratia
958 1894 1073 1958 magno
1096 1894 1193 1954 opero
1209 1873 1422 1948 minuebantur

117 1963 223 2048 itaque
247 1966 288 2027 P.
312 1964 465 2027 Servilius
488 1964 662 2037 Globulus,
697 1965 840 2027 tribunus
868 1962 989 2046 plebis,
1020 1965 1165 2027 inventus
1187 1977 1271 2041 eust,
1303 1964 1440 2050 quic.

213 2186 241 2235 2.
251 2179 362 2250 ferret]
392 2179 478 2255 Lugd.
499 2179 564 2235 llos.
584 2180 662 2235 idun.
682 2178 764 2237 Creu.
782 2208 819 2223 -
830 2178 918 2252 ferat
938 2185 1052 2252 priores.

214 2258 241 2314 ts.
261 2255 344 2325 qssod]
363 2273 416 2326 spuo
437 2257 526 2308 Ptine.

196 2328 267 2385 ibid.
287 2340 352 2382 ante
370 2347 458 2382 annos
477 2330 493 2363 ⁰
513 2330 544 2383 L.
564 2329 704 2400 Domitio]
736 2338 802 2381 ante
828 2347 927 2382 annos.
951 2329 1011 2383 CN.
1039 2329 1155 2383 domitio
1180 2331 1273 2384 Prlnc.
1301 2328 1363 2383 Ald.
1387 2359 1424 2373 -

121 2415 188 2460 ente
199 2423 290 2456 annos
302 2407 407 2475 aliquot
421 2405 470 2458 Cn.
483 2406 611 2457 Domitio
623 2402 731 2458 Berald.
745 2403 811 2456 Lod.
823 2405 909 2476 Lugd.
919 2406 983 2457 Hot.
996 2406 1077 2460 Creu.
1089 2434 1127 2447 -
1137 2414 1202 2457 onte
1215 2423 1304 2456 annos
1317 2407 1422 2473 aliqstm

123 2483 154 2536 1.
164 2482 293 2534 Domitio
305 2483 382 2534 Man.
392 2496 419 2532 et
429 2483 522 2555 Sigon.
544 2479 585 2534 Ab
598 2480 641 2532 bis
654 2477 841 2550 recipiendum
858 2480 983 2533 duximus
997 2496 1162 2553 praenomen
1182 2480 1302 2533 consulis
1322 2476 1425 2533 omisso

120 2575 191 2685 ‘ii'
192 2557 312 2683 ’Ἳῗὲω
320 2557 423 2682 ..ilii
425 2564 447 2683 ’ἑ
463 2554 556 2682 ..lli
559 2559 712 2683 iiiii?
715 2571 831 2682 3¹:13⁰&
842 2554 1129 2684 *ltiliiil‘it
1149 2555 1424 2686 'iliti.i.''‘5’.”5.‘

119 2648 247 2779 607.)qet
267 2649 469 2758 LqDomitiuiit
491 2721 555 2757 cum
575 2705 607 2758 C.
626 2705 719 2758 Caelio
739 2711 777 2772 (a.
797 2722 824 2758 u.
843 2707 920 2773 660.)
939 2705 1076 2761 consules.
1132 2669 1140 2685 ⁹
1337 2661 1348 2705 l

195 2778 265 2834 ibid.
286 2781 393 2851 Caelio]
414 2780 489 2833 Celio
510 2782 599 2833 Ptine.

216 2861 242 2912 7.
263 2855 388 2926 questus]
414 2863 544 2925 qtsnestns
562 2856 654 2909 Priuc.
675 2853 733 2907 dld.
756 2852 841 2926 Lugd.

195 2929 268 2983 lbid.
286 2929 319 2981 de
338 2948 372 2981 ea
389 2935 419 2982 in
437 2932 576 2996 concione]
609 2929 643 2980 de
662 2946 695 2980 ea
716 2965 924 2983 ........
943 2947 977 2982 ne
996 2931 1086 2984 Ptine.
1106 2926 1167 2985 Ald.
1187 2929 1264 2984 Mau.
1283 2946 1370 2979 -ea
1388 2947 1425 2979 ex

119 3024 150 3058 rs
169 3003 276 3058 berald.
297 3005 364 3059 Lod.
384 3003 469 3076 Lugd.
489 3033 525 3047 —
543 3004 577 3055 de
596 3022 628 3055 ea
647 3022 678 3054 re
698 3008 726 3054 in
745 3008 872 3055 concione
891 3005 955 3058 not.
975 3005 1055 3058 Creu.
1076 3005 1172 3077 Sigoui
1188 3032 1224 3047 -
1243 3010 1272 3056 in
1294 3009 1423 3055 concione

118 3080 186 3155 (om.
205 3081 239 3132 de
257 3077 304 3152 eu)
325 3078 495 3133 Robottellus
515 3077 669 3132 Emendatt.
689 3097 716 3150 p.
736 3083 782 3136 65.
1488 3126 1491 3131 .

211 3158 240 3212 9.
254 3156 417 3224 praesentia
435 3152 454 3187 'i
471 3155 587 3225 darent]
609 3157 700 3207 Priuc.
719 3152 781 3207 Ald.
794 3154 872 3206 Man.
890 3180 926 3194 -
942 3158 1104 3225 praesentio
1122 3152 1224 3204 darent
1237 3151 1342 3206 lietald.
1357 3149 1424 3207 Lod·

121 3228 206 3302 Lugd.
233 3258 271 3271 -
295 3234 324 3279 in
345 3235 505 3299 praesentia
527 3233 673 3300 pecuniam
691 3229 873 3280 creditoribus
890 3229 990 3280 darent
1010 3228 1103 3299 Sigon.
1126 3230 1189 3281 Hot.
1209 3228 1290 3280 Creu.
1328 3227 1425 3298 ,Haec

122 3303 177 3360 duo
194 3304 274 3356 verba
297 3307 450 3372 [μειιιιαιιι
468 3303 666 3374 creditoribus]
687 3301 910 3358 desiderabantur
928 3307 956 3356 iu
977 3303 1192 3375 manuscripto.”
1218 3302 1303 3356 flou.

196 3379 269 3432 lbid.
287 3382 494 3446 auctoritatem]
515 3383 685 3430 auctoritate
704 3380 795 3432 Ptine.
1082 3380 1089 3393 '

197 3463 241 3511 t0·
260 3470 293 3503 ne
313 3459 374 3524 quis
391 3457 456 3522 nist]
477 3452 537 3507 uid.
557 3469 584 3506 et
602 3472 676 3524 seqq.
694 3480 729 3495 -
747 3471 781 3504 ne
799 3457 891 3521 quivis
909 3455 1000 3508 Princ.
1022 3450 1129 3506 Berald.

196 3537 242 3585 11.
260 3528 356 3598 quidus
373 3520 611 3598 aliquemj'l’rinc.
631 3527 739 3582 Berald.
758 3526 826 3583 Lod.
847 3556 883 3569 -
901 3527 998 3599 quibus
1015 3545 1076 3579 ctsm
1094 3529 1213 3598 aliquem
1230 3525 1291 3581 Ald.
1310 3554 1347 3570 -
1365 3531 1425 3598 prsi-

122 3603 172 3655 btss
189 3611 247 3654 ttsm
267 3602 383 3672 aliquem
401 3602 484 3673 Lugd.
506 3604 569 3656 liot.
588 3604 665 3656 Mau.
685 3603 766 3657 Creu.

196 3683 242 3735 12.
261 3677 347 3729 adiici
363 3687 426 3729 erat
443 3679 565 3745 solitum]
592 3676 661 3735 Lod.
682 3695 709 3731 et
723 3696 798 3749 seqq.
812 3705 849 3719 -·
861 3677 1002 3729 adiecerat
1015 3677 1126 3728 solitum
1140 3677 1229 3729 Ptine.
1241 3675 1349 3731 Bcrald.
1362 3673 1424 3730 nid.

195 3754 241 3809 111.
261 3761 375 3803 senatres
393 3754 540 3823 consuitis]
560 3755 817 3805 senatusconsulto
836 3751 981 3825 Sigoniust
1001 3752 1079 3806 male.
1118 3752 1187 3804 Nam
1207 3755 1235 3803 lu
1256 3753 1348 3805 Ptlnc.
1368 3768 1424 3803 uon

120 3843 169 3899 per
187 3826 379 3898 compendium
397 3828 425 3882 h.
443 3827 463 3881 l.
483 3832 615 3899 scriptum
634 3846 675 3881 est
694 3828 762 3881 illud
775 3826 951 3892 vocabulum,
973 3844 1002 3881 ut
1017 3844 1065 3898 pro
1079 3826 1193 3879 arbitrio
1205 3825 1246 3879 vel
1258 3827 1425 3898 singularem

121 3900 163 3954 tel
182 3900 315 3974 pluralem
334 3919 478 3955 numerum
498 3903 649 3975 intelligere
668 3908 771 3976 possis,
789 3902 837 3957 sed
856 3908 911 3956 sic:
931 3904 960 3956 S.
979 3903 1121 3955 consultis.

193 3976 238 4031 16.
258 3977 390 4045 Cornelis]
410 3978 513 4029 corneli
527 3980 616 4031 l’riuc.

194 4055 240 4107 ¹7.
256 4058 443 4121 potentissimi
460 4056 555 4121 qttipsse
574 4070 611 4103 ee
629 4061 745 4119 senatis,
762 4070 877 4122 ‹pstor-nm
896 4055 1006 4120 gratia]
1044 4051 1136 4123 Sigon.
1157 4047 1247 4103 Mada.
1268 4076 1303 4091 -
1321 4057 1425 4120 poten-

121 4128 222 4176 tissimi
239 4133 335 4196 quique
353 4146 389 4178 ee
408 4128 437 4180 S.
457 4128 487 4179 C.
507 4145 621 4196 quorssm
640 4133 738 4196 gratio
758 4128 849 4181 Ptine.
863 4126 924 4181 Atd.
939 4127 1016 4181 Mau.
1029 4129 1261 4195 -potentissimi
1271 4134 1299 4175 et
1310 4143 1425 4195 pisorum

121 4218 157 4250 sa
175 4201 206 4252 S.
227 4201 260 4256 C.
281 4208 380 4269 pratia
398 4199 507 4257 Berald.
528 4207 768 4272 -potentissimi
785 4208 881 4273 quique
899 4220 1013 4274 quorum
1031 4219 1068 4252 ex
1085 4201 1114 4253 S.
1134 4199 1165 4252 C.
1185 4205 1283 4268 gratia
1302 4199 1370 4253 Lod.
1388 4224 1426 4241 -

119 4281 307 4342 potentissimi
325 4283 436 4347 quique,
455 4285 484 4328 et
502 4294 617 4346 quornm
635 4296 672 4329 ex
691 4278 721 4330 S.
740 4276 771 4332 C.
793 4282 893 4345 pratia
912 4276 996 4347 Lugd.
1017 4304 1053 4318 -
1068 4279 1258 4346 potentissimi
1276 4280 1371 4345 quique
1389 4293 1425 4327 en

121 4351 312 4416 senatoribus,
337 4370 451 4422 quornm
468 4357 568 4419 grstia
587 4353 651 4407 Ηοι.
671 4353 751 4405 Creu.
779 4380 816 4395 -
841 4351 913 4420 „Ex
932 4352 961 4403 S.
981 4352 1027 4421 C.]
1053 4349 1099 4402 Ex
1118 4349 1293 4401 senatoribus
1311 4367 1366 4401 non
1387 4354 1425 4402 lta

121 4441 191 4478 esset
212 4425 329 4478 alienum
349 4443 364 4477 u
384 4444 476 4480 vetere
492 4431 642 4499 scriptura,
661 4425 694 4478 ad
713 4432 876 4480 seutentiam
889 4441 964 4480 certe
976 4440 1046 4478 esset
1058 4424 1259 4499 aptissimum.”
1280 4423 1425 4478 MANUT.

121 4525 159 4541 -
177 4501 263 4565 „Non
284 4517 345 4553 raro
365 4506 393 4556 in
412 4501 492 4554 codd.
512 4518 578 4556 rust.
597 4502 627 4555 S.
646 4503 675 4555 C.
696 4518 745 4573 pro
763 4510 863 4553 senatis
877 4500 910 4553 ab
924 4498 1106 4554 oscitantibus
1119 4498 1239 4552 librariis
1253 4497 1425 4569 subpositum

122 4589 179 4634 est;
198 4592 251 4627 uec
270 4575 344 4628 aliud
365 4592 405 4629 est
425 4575 552 4629 mendum
572 4576 626 4629 loci
645 4577 736 4630 Taciti
756 4578 828 4629 Hist.
849 4577 894 4629 lV.
914 4580 959 4634 ta.
980 4592 1061 4646 quem
1081 4592 1109 4626 et
1128 4574 1195 4626 olim
1209 4590 1236 4626 et
1251 4591 1335 4645 nuper
1347 4580 1425 4628 miris

122 4648 211 4703 modis
230 4647 375 4704 defendere
395 4651 520 4703 nonnulli
540 4650 714 4705 studuerunt:
733 4659 830 4722 sponte
842 4669 879 4702 ex
891 4652 921 4704 S.
937 4652 968 4704 C.
985 4650 1191 4701 adcurationem
1202 4648 1306 4702 subisse
1317 4654 1427 4701 invenis

121 4723 285 4784 admodum,-
316 4730 474 4798 imperatori
500 4724 649 4779 delatorem
675 4730 814 4796 quaerenti
839 4743 987 4798 sponteea
1008 4730 1198 4798 ipsumam,
1226 4720 1299 4795 quod
1317 4721 1427 4778 foedis-

122 4803 220 4853 simum
239 4816 316 4866 erat,
333 4816 363 4855 se
375 4800 511 4855 obtulerat
524 4801 657 4874 Regulum
674 4799 819 4874 tegendum
832 4817 872 4854 ast
886 4805 986 4873 igituir
1003 4809 1101 4871 sponte
1114 4816 1151 4851 ss
1162 4798 1289 4854 simin·
1308 4799 1426 4856 MADV.
