3210 5280
1347 182 1408 250 381

93 327 185 437 imp..
208 339 243 392 et
273 328 407 451 adiici.
429 352 488 415 9.,4
515 341 554 395 ut
585 330 621 396 in
650 331 753 404 Orat,
778 351 847 416 pro
881 310 927 397 R.
956 329 1038 396 Am.
1070 327 1200 394 notauit
1231 329 1410 406 Volcatius

92 425 342 594 ammittat
355 517 447 596 sieri
466 530 579 593 amat,
604 519 745 584 mutatis
759 519 796 584 in
810 519 900 585 diem
918 518 1087 596 dominis,
1110 532 1275 585 venerunt
1295 520 1332 585 in
1353 519 1410 583 ius

92 611 220 681 Isaacii
244 612 361 676 Vossii
384 616 429 678 V.
452 617 510 689 C.,
539 613 616 697 qui,
650 623 690 675 ut
715 614 833 677 multis
863 611 943 676 aliis
974 615 1069 695 (nam
1085 611 1303 704 fragmenta
1330 615 1410 676 hinc

91 705 172 768 inde
192 704 264 768 iam
283 704 458 788 producta
476 706 663 785 novimuss)
683 705 734 767 sic
757 717 792 769 st
805 705 903 789 patri
924 717 1093 771 meatum
1114 706 1297 793 aliquoties
1315 719 1407 781 ante,

91 811 167 864 tum
186 799 251 861 sub
264 798 380 876 senem
401 799 490 862 vitae
504 799 614 882 ipsius
635 800 873 876 commodam,
891 799 983 862 bunc
1001 800 1136 884 adegit,
1158 813 1198 864 ut
1220 811 1325 864 manu
1343 821 1410 864 saa
1536 825 1538 828 ’

91 913 212 958 omnes
240 892 392 977 paginas
423 890 656 975 descripserit
698 895 795 974 Quas
826 892 917 957 inter
943 904 1059 957 cetera
1081 893 1212 991 laboris
1239 906 1273 958 et
1304 914 1409 956 curae

90 1008 158 1050 sua
175 986 327 1070 pignora
345 987 428 1049 mibi
447 987 584 1050 relictas
606 982 743 1048 Lutetia
764 985 812 1048 ad
832 985 955 1051 mortis
976 989 1051 1052 eius
1073 972 1231 1052 nuntium
1249 1007 1409 1052 reuersus

91 1081 203 1143 adheec
224 1102 300 1143 cum
325 1082 514 1166 archetypo
539 1076 726 1169 conferens
751 1078 788 1141 id
816 1078 935 1167 effeci,
968 1092 1008 1144 ut
1035 1101 1097 1144 nec
1124 1081 1226 1145 litera
1255 1081 1304 1143 ad
1334 1098 1410 1144 rem

90 1173 224 1257 aliquid
236 1170 385 1280 faciens
413 1174 637 1255 discreparet.
680 1174 785 1235 Nunc
813 1193 946 1257 quoque
976 1194 1046 1238 non
1072 1173 1193 1251 aliter,
1224 1194 1266 1237 ne
1288 1174 1409 1256 palam

89 1265 228 1349 quidem
252 1265 377 1329 vitiosa
403 1265 578 1328 interdum
598 1265 802 1339 immutans,
825 1276 865 1328 ut
887 1265 1012 1347 opioni,
1036 1278 1228 1345 convectas,
1258 1266 1406 1361 praecia,

91 1360 270 1441 exprobat,
294 1378 389 1442 agere
410 1370 641 1432 mercaturam,
664 1355 774 1431 edidi,
797 1358 931 1434 lituris,
959 1381 1046 1444 quas
1067 1360 1104 1424 in
1126 1362 1282 1445 margine
1304 1369 1425 1468 pater⁴

88 1462 315 1534 apposuerat,
345 1463 379 1513 et
403 1450 700 1527 correctiunculis,
733 1471 820 1534 quae
853 1452 980 1535 dignae
1008 1465 1126 1530 erant,
1149 1454 1293 1518 adiectis
1317 1454 1408 1516 inter

89 1546 239 1609 lunulas.
291 1548 404 1610 Erant
439 1547 504 1607 bae
527 1545 679 1628 paginae
701 1545 887 1608 admodum
916 1546 1156 1622 conturbatae,
1189 1559 1224 1612 et
1250 1545 1337 1609 nihil
1361 1545 1408 1608 ad

88 1639 247 1702 ordinem
267 1660 346 1702 siem
366 1639 582 1712 orationum,
606 1637 665 1723 qui
686 1637 722 1699 in
745 1636 951 1700 editionibus
972 1640 1101 1704 nostris
1120 1641 1259 1706 obtinet.
1302 1642 1408 1705 Prae·

89 1733 250 1796 cedebant
271 1753 332 1806 ea,
355 1753 443 1816 quae
469 1732 516 1795 ad
541 1729 814 1804 Divinationem,
837 1741 911 1794 tum
934 1731 1038 1796 Actio
1059 1733 1196 1815 prima,
1219 1734 1296 1796 binc
1320 1753 1408 1840 pars

88 1823 375 1916 praefationum
396 1825 472 1888 Lib.
491 1828 522 1892 Ι.
545 1823 704 1888 Aetionis
717 1823 903 1900 sectandae,
927 1836 960 1887 et
973 1826 1047 1887 ad
1033 1847 1163 1908 ipsam:
1184 1827 1262 1890 dein
1272 1827 1408 1911 pagina

90 1923 144 1981 17.
163 1920 447 1993 interiectaerat,
467 1940 554 2004 qcsae
569 1915 871 1998 comprehendebat
885 1917 974 1981 alias
987 1919 1235 2002 explicationes
1249 1917 1408 1984 Actionis

90 2016 121 2078 Ι.
143 2011 189 2075 ab
213 2012 324 2094 capite
350 2015 399 2087 6.,
423 2033 526 2096 quam
542 2011 752 2119 sequebatur
774 2010 908 2094 pagina
929 2011 981 2073 18.
1000 2012 1047 2075 ad
1067 2014 1231 2097 Caput9.
1249 2011 1407 2079 Actionis

86 2105 242 2190 primae,
266 2105 384 2169 multis
411 2105 634 2178 intermissis,
658 2115 697 2166 ut
725 2104 760 2167 in
787 2103 936 2168 editione
962 2103 1069 2168 vides.
1112 2105 1252 2189 Pagina
1276 2105 1330 2168 91.
1353 2103 1406 2166 in·

89 2198 236 2294 cipiebat
256 2199 304 2260 ad
324 2201 373 2264 11.
400 2197 639 2263 Catilinas-iam
662 2199 747 2278 Gap.
771 2197 804 2260 5.
827 2208 861 2260 et
881 2197 1093 2260 continenter
1112 2198 1161 2260 ad
1179 2201 1247 2264 111.
1270 2209 1303 2261 et
1324 2199 1405 2271 IV..

64 2302 198 2376 'usque
221 2292 269 2352 ad
285 2291 454 2374 paginam
476 2292 549 2364 99.,·
581 2287 639 2352 ubi
666 2289 872 2372 incipiebant
889 2312 958 2373 pro
986 2289 1151 2375 Ligario,
1186 2290 1242 2355 cui
1267 2290 1408 2355 adnexa

89 2397 191 2449 erant
218 2408 287 2468 pro
318 2388 507 2459 Marcello,
538 2395 612 2446 tum
640 2383 827 2458 Deiotaro,
859 2395 932 2446 tum
964 2384 1090 2448 Roscio
1118 2385 1301 2460 Amerino,
1332 2395 1407 2447 tum

84 2501 156 2563 pro
177 2482 252 2560 iege
271 2478 441 2553 Manilia,
465 2499 506 2540 ac
527 2477 672 2560 denique
689 2472 821 2559 pagina
835 2475 887 2538 61.
902 2475 1111 2540 Miloniana.
1154 2480 1197 2544 In
1216 2477 1269 2541 bis
1285 2496 1407 2562 amun,

89 2585 129 2635 ut
160 2570 257 2647 dixi,
287 2572 423 2655 pagina
454 2573 507 2634 17.
536 2580 689 2633 servaret
709 2587 816 2632 novas
847 2579 881 2632 et
911 2568 1064 2632 diversas
1093 2568 1328 2654 expositiones
1359 2567 1409 2633 ad

91 2663 247 2731 Actionis
268 2665 405 2747 primae
427 2676 529 2747 caput
551 2666 583 2725 6.
605 2676 639 2726 et
663 2664 716 2738 7.,
739 2683 826 2746 quas
840 2683 909 2725 non
926 2672 1087 2744 poteram
1106 2683 1212 2748 aeque
1230 2660 1407 2726 commode
1444 2692 1462 2747 ,-

89 2762 166 2822 loco
195 2777 259 2821 suo
288 2757 443 2840 digestae
474 2756 673 2832 immittere,
707 2758 795 2819 hrmc
822 2758 935 2818 iocum
966 2754 1017 2818 eis
1048 2757 1281 2834 reservabam,
1315 2752 1408 2840 quod

91 2872 181 2913 nunc
202 2872 387 2935 exsequor.
437 2854 551 2915 Erant
575 2860 691 2912 autem
715 2851 785 2913 ista
806 2847 996 2931 principio,
1030 2859 1069 2912 ut
1096 2849 1182 2913 satis
1208 2860 1324 2932 patet,
1347 2848 1407 2911 ab·

91 2954 213 3026 rupto,
237 2944 477 3028 adscriptaque
499 2943 535 3007 in
557 2942 713 3026 margins
727 2944 829 3005 haec:
850 2945 1025 3015 ,Exstant
1044 2953 1078 3004 et
1096 2943 1131 3005 in
1153 2945 1242 3007 hunc
1262 2942 1408 3006 eundem

89 3038 203 3101 iocum
223 3036 313 3100 aliae
333 3040 473 3101 notae.''

95 3175 98 3181 ·
176 3131 294 3194 Postea
318 3129 393 3192 dicit
413 3129 611 3194 sortitionem
633 3128 748 3192 iactam
771 3154 813 3172 -
834 3160 875 3171 —
896 3162 938 3175 -
959 3161 1000 3172 —
1022 3149 1082 3192 reo
1104 3139 1270 3222 patronus.

177 3223 414 3289 GRAEVIUS
437 3234 540 3286 sulem
562 3223 594 3284 in
616 3221 760 3286 Praetu.
785 3219 893 3285 Orstt.
917 3221 990 3288 Cic.
1012 3224 1091 3287 haec
1112 3225 1229 3288 habet:

176 3315 356 3400 „Accipies
374 3351 415 3362 -
430 3349 472 3362 —
494 3315 681 3381 Asconium
702 3336 781 3377 cam
799 3317 881 3380 MS.
903 3338 927 3380 a
947 3340 1001 3382 me
1020 3321 1180 3383 collatam
1201 3332 1235 3384 et
1255 3318 1408 3386 Scholia·

89 3420 167 3473 usn
187 3429 417 3496 anonymum,
452 3430 551 3494 quem
572 3408 654 3473 oiim
676 3429 807 3472 mecum
827 3412 1089 3475 communicavit
1110 3407 1129 3478 ὁ
1151 3408 1238 3480 πάνυ
1265 3416 1408 3480 isaacus

94 3501 257 3578 Vossius,
279 3513 313 3566 et
330 3524 429 3587 quem
449 3525 496 3566 ex
517 3503 635 3566 eodem
655 3500 744 3565 libro
765 3501 974 3586 descriptum
994 3503 1184 3591 divulgavit
1202 3505 1238 3570 in
1259 3506 1408 3571 editione

89 3595 277 3660 nouissima
300 3595 460 3659 Leidensi
483 3600 526 3664 V.
553 3600 592 3663 0.
614 3596 759 3661 Iacobus
780 3596 1009 3660 Gronovius.''

175 3690 386 3774 Quibuscum
399 3687 525 3782 confer
538 3691 654 3755 Oratt.
671 3694 768 3757 Tom.
783 3692 816 3756 3.
832 3694 871 3757 Ρ.
888 3691 920 3754 9.
933 3713 973 3776 p.
995 3692 1069 3757 250.
1091 3694 1140 3756 ad
1159 3694 1407 3759 Deiotarianas

90 3783 178 3866 Cap.
208 3781 241 3846 9.
274 3784 357 3845 baec
385 3782 538 3848 eiusdem
564 3783 683 3846 verba:
724 3783 812 3859 „Hic
843 3787 940 3848 locus
964 3806 1148 3870 perperam
1179 3788 1307 3852 editur.
1350 3789 1408 3852 su

90 3874 184 3939 enim
204 3897 246 3938 ex
269 3897 340 3940 mco
362 3877 552 3962 apographo
574 3876 725 3941 edendus
745 3889 817 3954 est,
849 3889 888 3940 ut
908 3877 962 3942 hic
982 3879 1111 3942 editum
1131 3879 1299 3956 vides0).''

89 4048 310 4182 muffosnigais
330 4055 373 4109 his
394 4071 458 4109 usus
478 4071 554 4110 sum.
573 4057 667 4113 G:
629 4054 797 4111 -crono
800 4059 852 4113 tas.
871 4055 978 4112 Gn:
997 4058 1140 4113 Graevius.
1158 4056 1222 4117 Ssb.
1239 4081 1277 4123 τ,
1295 4006 1408 4113 bohai-
