3210 5280
466 232 515 296 m
539 232 681 297 onan.
705 233 799 298 eno
823 234 997 300 susem.
1037 261 1045 277 ·
1328 202 1390 295 ata

72 382 104 434 et
130 372 243 434 absens
273 374 434 435 damnatus
467 385 532 450 est,
577 374 661 437 bona
691 374 866 455 publicata,
902 377 1015 437 domus
1045 372 1147 437 diruta
1179 384 1241 437 est.
1292 373 1388 454 lpse¹

72 486 152 530 vcro
175 465 279 547 primo
306 488 340 528 se
361 468 399 528 ad
425 465 643 530 Antiochmu²
665 467 693 528 in
717 469 839 548 Syriam
863 470 1011 532 contulit.
1056 471 1134 536 lude
1156 488 1251 553 quum
1276 487 1388 548 parum

70 558 180 621 lideret
209 559 361 623 Antiochi
383 561 507 635 animo,
542 562 567 634 †
597 560 703 622 delicit
725 564 765 623 ad
789 562 932 626 Prusiam
963 562 992 625 iu
1025 562 1246 640 Bithyniam³,
1275 560 1388 643 ibique

69 653 182 716 hausto
205 676 326 718 veneno
349 654 482 717 decessit
503 653 656 716 Romanis
678 653 926 731 imminentibus,
951 656 1004 736 quii
1027 678 1095 718 eum
1119 655 1388 735 comprehendere

70 747 263 830 gestiebant.
309 748 465 812 Omnibus
490 747 596 828 itaque
624 748 802 832 peregrinis
832 748 986 830 exemplis
1016 748 1140 810 subiicit
1169 749 1415 811 Romanarnmt

70 844 259 904 docmnenta
288 842 430 905 breviter
465 853 497 904 et
527 844 721 924 congeste⁴,
752 841 843 926 qrrasi
866 841 1081 906 eminentioris
1104 840 1227 926 gloriae
1250 858 1390 903 comme·

72 936 128 1015 [P.
159 935 227 1015 lb]
256 934 500 1008 morattiouem;
535 936 574 996 ad
600 956 681 1015 quus
705 935 872 999 imitandos
899 935 1072 1018 provocari
1102 937 1235 997 debeant
1263 931 1390 1016 ingenia

71 1028 256 1091 iuventutis.
301 1031 371 1092 Nec
395 1040 498 1091 tamen
523 1028 641 1093 recedit
670 1050 688 1091 a
722 1030 762 1092 P.
794 1028 909 1093 Sestii⁵
938 1028 1141 1104 defensione,
1177 1029 1326 1112 quioniam
1358 1036 1390 1088 et

72 1121 174 1204 ipsum
201 1143 261 1203 pro
285 1144 378 1206 rep.
403 1122 504 1185 videri
530 1125 635 1185 studet
657 1127 697 1186 ad
718 1124 943 1187 restituendum
962 1122 1129 1208 diguitati‘
1150 1143 1226 1185 suae
1249 1119 1389 1184 Tullium

72 1214 249 1280 laborasse.
681 1212 685 1226 '
865 1234 869 1241 ·
1401 1224 1433 1274 tt

145 1317 342 1413 Lx'vtttt.
374 1335 408 1414 1.
438 1340 506 1415 Cui
532 1343 705 1440 superior
738 1329 857 1415 antuus
881 1342 978 1415 idem
1006 1352 1043 1417 et
1061 1342 1227 1438 virilem,
1252 1341 1387 1440 patris,

72 1463 111 1526 et
135 1463 385 1550 praetextam,
411 1454 535 1552 populi
563 1456 698 1528 iudicio
726 1466 846 1556 togam
874 1455 1029 1528 dederit.

157 1570 219 1614 -⁷
241 1570 319 1632 lacit
344 1572 574 1659 vchcrucntius,
599 1573 755 1635 adlectum
780 1570 988 1635 miserationis
1010 1572 1092 1653 apud
1116 1569 1251 1632 iudicum
1268 1567 1389 1632 animos

72 1675 290 1728 commoturus
314 1664 450 1726 omnium
477 1666 798 1740 commemoratione,
823 1688 904 1748 quos
925 1664 1083 1750 dignitatis
1107 1684 1180 1726 suae
1203 1663 1278 1727 dicit
1292 1663 1389 1725 luisse

74 1770 236 1820 sanctores.
280 1758 403 1820 Verum
430 1759 481 1820 hic
505 1760 542 1820 de
565 1760 606 1822 P.
632 1759 758 1821 Lentuli
782 1757 847 1822 lilio
870 1760 1032 1840 loquutur,
1065 1758 1120 1843 qui
1147 1760 1258 1820 eodem
1286 1773 1431 1828 anno‚t⁵

73 1873 139 1935 quo
156 1863 264 1936 togam
279 1852 402 1915 virilem
423 1876 440 1916 a
458 1866 547 1934 patre
559 1853 745 1934 sumpserit,
761 1852 852 1915 etiarn
869 1865 1041 1935 auguratus
1058 1862 1254 1932 praetextam
1270 1849 1389 1912 iudicio

73 1946 187 2028 populi
211 1949 343 2026 adeptus
365 1949 389 2021 †
411 1946 621 2028 tiplicaverit⁸
648 1958 757 2008 uotum
784 1967 800 2006 a
826 1945 981 2008 familiare
1010 1957 1165 2008 maturato
1194 1944 1388 2007 sacerdotio.

149 2066 185 2143 2.
214 2070 431 2169 Rogationis
458 2072 720 2145 iniustissimae
747 2072 861 2143 subiit
887 2072 1140 2143 acerbitatem.

159 2189 373 2273 Rogationem
407 2188 480 2251 dicit
513 2189 731 2261 tribuniciam,
775 2210 857 2271 qrsse
891 2191 950 2251 lata
985 2187 1090 2249 suerat
1124 2188 1274 2249 adversus
1306 2187 1391 2248 branc

75 2283 205 2345 eundem
229 2282 270 2344 P.
296 2283 479 2345 Lentulum.
525 2283 708 2362 Repetenda
731 2281 828 2364 igitur
850 2282 946 2363 paulo
970 2280 1061 2342 altius
1084 2279 1242 2343 enarratio
1265 2291 1330 2352 est,
1355 2288 1389 2341 ut
1400 2285 1433 2334 2⁰

74 2376 177 2441 onuua
195 2373 357 2435 dilucidius
374 2387 558 2455 appareant.
603 2375 824 2438 Ptolemaeus⁹
847 2396 949 2459 regno
965 2374 1073 2456 pulsus
1084 2376 1109 2413 ¹⁰
1132 2396 1226 2455 quum
1250 2372 1390 2456 gratiose

73 2470 290 2550 impetrasset,
326 2479 359 2529 ut
389 2481 515 2530 senatus
545 2489 614 2529 esim
643 2469 766 2530 restitui
796 2469 826 2533 iu
856 2490 944 2530 suurn
967 2488 1099 2550 regnum
1124 2466 1263 2539 iuberet,
1295 2467 1390 2548 idque

74 2562 237 2646 negotium
264 2563 305 2624 P.
334 2563 473 2625 Lentulo
500 2562 656 2637 dedisset,
692 2562 880 2624 videbantur
909 2559 1079 2623 decemviri
1108 2559 1196 2622 libris
1225 2559 1390 2640 Sibyllinis

73 2656 223 2736 inspectis
254 2656 523 2729 renuntiltauisse‚
556 2677 662 2738 oeqsse
692 2658 768 2738 regi
793 2655 1033 2737 denegandum
1058 2655 1248 2729 aemilium,
1283 2675 1390 2736 neque

75 2761 287 2812 tamencum
311 2748 525 2811 multitudine
539 2746 748 2839 serendum.
791 2753 908 2832 Quare
916 2746 1064 2839 sactssm
1084 2760 1135 2811 est
1156 2759 1295 2810 senatus
1310 2754 1433 2808 con-25

75 2845 224 2917 arsitssm,
248 2864 325 2903 cum
346 2841 580 2916 narsititudiue,
605 2843 641 2903 id
662 2854 712 2905 est
724 2887 733 2919 ,
753 2842 926 2915 exercitu,
949 2862 1065 2924 regem
1087 2840 1205 2902 reduci
1221 2840 1393 2922 periculo·

73 2958 152 2999 sarm
175 2935 226 2998 rei
248 2958 285 3017 p.
311 2935 430 2998 uideri.
486 2938 554 3000 Res
579 2945 693 2998 autem
728 2958 832 3019 quum
857 2936 1002 2998 Lentulo
1028 2933 1269 3007 mandaretur,
1305 2936 1393 2997 Cato

75 3029 235 3091 tribsmus
263 3031 310 3110 pl.
340 3028 419 3090 huic
440 3027 601 3118 infensus
630 3029 707 3091 tulit
732 3032 859 3112 Iegem,
895 3039 933 3101 ut
961 3030 1123 3100 Lentulo,
1157 3027 1216 3110 qui
1237 3026 1393 3091 Cilicium

71 3125 261 3205 proconsul
275 3122 431 3200 regebat,
455 3121 638 3203 imperium
659 3122 907 3204 abrogaretur,
932 3119 1194 3210 nefacuitatem
1209 3119 1393 3183 reducendi

76 3217 170 3298 regie
192 3206 341 3278 liaberet.
388 3217 542 3280 Tandem
570 3238 651 3279 vero
678 3237 701 3278 a
730 3215 876 3280 Gabinio
904 3214 1030 3301 Syriae
1048 3214 1210 3296 praeside
1231 3235 1298 3278 rex
1307 3211 1434 3304 fuittt

77 3310 250 3372 reductus.

229 3451 448 3552 nonnum
472 3452 620 3529 sams
647 3414 813 3528 rauca
839 3451 1239 3529 nnsrnonauron.

81 3624 308 3640 *-

148 3717 172 3762 l·
191 3717 251 3761 cot.
272 3718 326 3775 ipso
383 3716 407 3762 2.
434 3717 494 3765 God.
517 3730 544 3762 ss
568 3717 746 3763 uctuutiodum.
795 3715 819 3763 3.
844 3719 905 3765 cod.
932 3717 966 3762 ud
989 3717 1107 3764 Prostuni
1123 3715 1263 3777 Bityniom.
1312 3716 1392 3775 (Part.

218 3783 317 3847 defugit
335 3788 369 3831 od
385 3788 428 3831 Pr.
461 3785 522 3845 Os.)
566 3785 591 3831 l.
611 3791 671 3832 Cod.
691 3795 833 3848 congestus.
872 3787 897 3839 ⁵.
924 3790 984 3833 coe.
1005 3803 1061 3831 rece
1079 3787 1129 3847 (ut)
1148 3790 1190 3831 ius
1206 3802 1268 3846 quus
1286 3789 1394 3845 apsenti.

219 3855 243 3900 b.
263 3860 323 3901 Cod.
345 3858 488 3917 diguitatis.
527 3854 550 3902 l.
571 3859 712 3903 Versiculos
732 3872 784 3902 rum
801 3858 899 3902 dimidio
917 3871 1012 3902 saeuus.
1050 3857 1074 3905 8.
1096 3859 1135 3901 Sic
1156 3860 1209 3901 cod.
1229 3858 1395 3913 tiptieuusrit,

216 3929 278 3984 qnod
299 3929 391 3972 ridetur
412 3932 527 3982 scripturn
546 3941 590 3982 pro
608 3928 782 3984 triplicaverit.
820 3929 880 3974 tort.
904 3929 942 3984 qui
967 3929 989 3972 in
1015 3927 1094 3971 Sebut.
1122 3929 1173 3980 ipso
1197 3928 1261 3971 dedit
1282 3927 1395 3983 duplica-

216 4000 291 4050 verit,
311 3999 376 4042 nulla
393 3999 519 4042 sententis.
547 3998 593 4044 us.
632 3996 656 4041 9.
677 3997 737 4042 Cod.
757 3996 923 4042 Ptolomaeus.
962 3994 1003 4041 lb.
1023 3998 1083 4041 Cot.
1099 3997 1169 4054 plsrs.

152 4121 199 4176 31.
219 4119 289 4189 Lege
311 4118 475 4170 Ciceronem
495 4115 527 4168 ad
549 4118 623 4170 Fam.
644 4118 667 4171 l.
688 4127 714 4176 1.
733 4135 792 4190 sqq.
812 4115 846 4168 sd
865 4119 903 4187 Q.
922 4116 966 4170 rr.
993 4116 1031 4170 ll.
1052 4121 1077 4172 2.
1103 4130 1131 4169 et
1151 4114 1262 4186 quidem
1281 4133 1323 4169 res
1343 4133 1396 4170 no-

79 4197 187 4248 tissima
207 4198 235 4247 ln
256 4197 385 4248 Romanis
406 4192 548 4248 annalibus
570 4208 620 4245 ess.

550 4426 912 4444 ..nunu-nunu·—
