3210 5280
239 200 300 264 258
653 201 858 270 senous
881 199 1123 269 uoulttllstt
1175 266 1179 272 .

309 312 501 405 'psallenter
515 343 578 411 boe
594 343 772 425 suspendit,
796 363 835 406 ne
849 353 903 406 ιιιιι
924 343 1085 405 damnatos
1111 351 1166 404 ιιιιι
1184 341 1257 404 exul
1278 341 1547 426 luisseumquem

239 434 410 498 videretur.
464 435 509 497 Et
535 434 633 508 „vis”
664 436 744 498 enim
767 435 919 517 proprior
940 446 987 497 est
1010 433 1139 497 iniuriae
1163 455 1254 518 quam
1281 434 1492 512 accusationi,
1515 447 1551 501 et

239 527 392 603 „ralio'',
415 549 475 611 que
491 549 526 590 se
541 527 615 590 dicit
631 528 773 592 erlaluissc
790 532 867 591 urbe
882 530 1051 600 recedere,
1075 539 1252 608 respectum
1275 528 1423 590 habuisse
1438 540 1549 611 polest

238 619 380 684 utilitatis
401 620 564 702 publicae,
589 641 628 684 ne
649 619 826 704 periculosa
849 620 954 684 multis
976 619 1087 684 seditio
1110 632 1304 685 rennueretur.

213 764 227 812 s
314 737 443 817 tlt-1.
482 743 550 817 llic
576 753 635 818 est
659 747 777 840 enim,
806 746 868 843 qui
894 742 1189 817 adulescentulus
1216 768 1297 816 cum
1323 744 1419 819 Aulo
1449 747 1545 821 'l'or-

238 866 348 955 qualo
382 856 572 953 profectus
606 860 644 932 in
670 857 833 931 Africam
860 859 914 929 sic
940 857 986 928 ab
1012 854 1075 928 illo
1101 856 1319 953 gravissimo
1345 859 1430 931 viro
1457 859 1545 933 dile·

226 976 317 1040 ctus
343 977 412 1040 est.
478 975 507 985 ’“

322 1085 407 1149 Ante
429 1089 536 1147 actae¹
559 1084 642 1148 vitae
665 1083 766 1148 officia
781 1095 985 1148 recensentur
1000 1086 1130 1168 quadam
1147 1083 1284 1146 subiecta
1304 1079 1544 1154 ‹incedenduitne¹

236 1189 416 1247 numerante
437 1190 585 1253 oratore,
621 1179 733 1263 quibus
754 1177 833 1242 locis
866 1179 1043 1262 quibusque
1071 1178 1267 1259 temporibus
1300 1189 1331 1241 et
1367 1179 1541 1245 cuiusmodi

194 1276 226 1326 ιθ
239 1273 377 1335 virorum
400 1270 515 1335 iudicio
532 1271 594 1335 Cn.
612 1271 733 1334 Plancii
749 1293 853 1334 mores
875 1271 1075 1352 comprobati
1089 1273 1162 1334 sint.
1207 1271 1302 1349 Quod
1320 1271 1420 1353 ipsum
1436 1274 1542 1338 stetin

235 1364 405 1448 vigilanter
433 1386 511 1449 erga
536 1386 702 1447 personam
730 1364 886 1447 'l'orquati
916 1362 1008 1439 lacit,
1043 1364 1129 1426 cuius
1152 1364 1338 1448 gravitatem
1370 1378 1401 1428 el
1425 1368 1540 1431 ancti·

234 1456 370 1521 moniam
393 1479 456 1522 non
479 1459 581 1522 otiose
597 1457 779 1519 testilieatns
802 1467 868 1530 eet,
893 1458 948 1517 sed
969 1477 1033 1539 quo
1055 1457 1156 1540 tnagis
1178 1457 1329 1520 Plancius
1350 1471 1537 1535 ornaretur,

235 1571 325 1634 quern
349 1551 545 1613 familiariter
567 1550 618 1614 ille
639 1550 813 1612 dilexerit³.
859 1551 901 1612 El
924 1547 1070 1632 quioniam
1087 1552 1270 1634 'l'orquetns
1293 1551 1373 1613 idem
1391 1574 1539 1635 praesens

234 1665 296 1704 non
323 1654 408 1717 erat,
431 1643 462 1706 in
485 1644 551 1706 eius
575 1642 746 1725 patruelem
770 1642 991 1706 conferendam
1017 1642 1141 1723 putavit
1167 1642 1267 1707 vicem
1292 1645 1481 1720 testimonii,
1506 1658 1540 1709 ιιι

192 1735 360 1817 teperinde
382 1737 568 1812 baberetur,
593 1737 707 1823 etquel
729 1735 757 1799 si
777 1738 898 1798 adesset
920 1736 964 1810 is,
988 1736 1076 1821 cilius
1100 1736 1233 1800 validior
1255 1749 1337 1800 esset
1352 1738 1536 1801 anctoritate.

306 1855 342 1933 2.
380 1859 464 1933 Fuit
488 1861 526 1933 in
553 1859 666 1934 Creta
691 1870 796 1958 poste
867 1859 1122 1935 ontubernalis
1159 1858 1351 1936 Saturnini
1388 1864 1536 1961 propin·

231 1974 294 2069 qui
320 1974 396 2067 sui,
424 1972 527 2045 miles
553 1971 659 2045 buius
686 1972 731 2072 Q.
758 1971 817 2045 llle
835 1970 907 2045 elli.

313 2089 370 2168 [P.
395 2088 484 2168 tlt]
516 2088 717 2153 Gratiosum‘
734 2089 741 2168 Ι
757 2088 854 2152 lenisse
881 2085 981 2152 videri
1008 2099 1153 2169 poterat,
1191 2087 1217 2152 si
1243 2091 1535 2154 adseverat-elenen

230 2180 400 2244 Saturnino
430 2181 611 2264 propinquo
644 2203 704 2245 suo
735 2180 907 2264 placuisse;
942 2182 1048 2245 rnnaluit
1081 2186 1119 2246 ad
1149 2183 1295 2246 iudicium
1333 2185 1382 2264 Q:
1411 2185 1537 2248 Metelli

187 2281 219 2332 te
230 2272 424 2356 coningere,
449 2286 481 2337 ut
504 2295 580 2338 vere
595 2272 731 2359 cognitis
756 2273 923 2336 virtutibus
940 2274 1049 2337 Planci
1065 2275 1291 2340 existimaverit
1307 2277 1536 2341 adulescentem

230 2386 288 2447 per
309 2367 412 2430 olunia
436 2366 713 2449 spectatissimum.
756 2364 920 2451 Significat
935 2378 1035 2428 autem
1052 2368 1094 2449 Q.
1112 2369 1295 2447 Metellum,
1319 2371 1373 2455 qni
1389 2370 1535 2437 Cretione

230 2459 469 2541 cognominatus
498 2472 563 2537 est,
598 2459 683 2525 bello
712 2471 788 2542 aput
820 2456 951 2524 Cretam
982 2457 1117 2523 feliciter
1150 2473 1254 2545 gesto.
1312 2464 1426 2529 Ornnia
1458 2467 1537 2530 baec

230 2551 322 2614 ιιιιιι6
344 2587 384 2599 -
405 2588 446 2599 -
871 2608 888 2651 .

304 2668 341 2749 3.
370 2677 558 2750 Tribunus
592 2677 642 2775 pl.
677 2677 747 2751 suit
778 2701 852 2750 non
879 2675 1040 2750 sortasse
1066 2686 1139 2750 tam
1173 2677 1389 2776 vehemens,
1428 2708 1536 2781 quam

184 2787 312 2883 nisti,
352 2812 446 2886 qnos
472 2797 510 2860 tu
536 2793 617 2861 iure
644 2789 771 2861 laudas
780 2813 792 2884 3
831 2789 896 2861 sed
923 2798 1025 2861 certe
1051 2789 1159 2885 talis,
1198 2789 1324 2887 quoles
1350 2793 1381 2864 si
1410 2818 1537 2869 omnes

158 2957 172 2973 .
232 2922 378 2995 semper
405 2898 584 2997 luissent,
619 2908 815 2999 numquam
842 2900 1073 2974 desideratus
1099 2898 1320 2975 vehemensl
1348 2916 1450 2979 esset
1475 2909 1538 2981 tr'i·

232 3012 364 3086 hunus.

318 3129 405 3192 Nihil
437 3140 547 3213 egerat
579 3126 609 3190 in
644 3128 803 3193 tribunatu
835 3151 895 3193 suo
927 3128 1075 3194 Plancius
1108 3128 1210 3213 eliqua
1245 3131 1416 3212 praestanti
1448 3134 1539 3202 laude

234 3221 463 3300 dignissimum.
507 3223 591 3303 Quin
613 3224 706 3287 inimo
722 3223 811 3285 etiarn
830 3223 992 3285 videbatur
1006 3225 1065 3284 bac
1084 3234 1241 3303 potestate
1256 3223 1384 3307 segnius
1399 3225 1537 3292 structus.

187 3330 218 3380 to
235 3314 391 3394 Quoniam
417 3316 517 3379 nullas
540 3332 620 3399 ergo
638 3315 769 3378 virtutes
784 3314 1040 3377 eminentissimas
1064 3314 1186 3391 babuit,
1211 3338 1287 3399 queas
1308 3321 1346 3381 de
1369 3317 1424 3382 illo
1447 3341 1538 3402 prae·

232 3407 367 3480 dicaret,
402 3407 522 3473 idcireo
551 3409 667 3493 aliquid
696 3410 724 3472 ei
756 3408 866 3471 volens
895 3406 1061 3491 adquirere
1089 3409 1128 3471 etl
1155 3409 1366 3491 suspicionem
1395 3412 1537 3497 ignaviae

231 3502 464 3582 repellendam,
498 3523 562 3566 nou
591 3516 654 3565 tam
680 3504 866 3577 vehemens,
900 3502 1017 3586 inquit,
1053 3500 1196 3564 tribunus
1217 3502 1278 3565 luit
1308 3525 1400 3586 quam
1427 3509 1535 3571 ceteri.

232 3593 275 3656 El
304 3591 457 3657 vivaciter
487 3596 660 3659 conclusit:
695 3596 803 3678 quales
832 3595 859 3657 si
890 3616 999 3658 omnes
1027 3615 1153 3676 semper
1184 3594 1334 3671 luissent,
1368 3618 1535 3682 numquam

233 3684 425 3750 desideratus
448 3689 615 3751 vehemens
637 3701 716 3751 esset
739 3687 914 3751 tribunus⁸.
965 3689 1002 3753 tl
1026 3687 1139 3753 volens
1164 3687 1332 3773 intelligi⁹,
1369 3710 1429 3772 per
1454 3691 1535 3755 sedi·

182 3790 213 3844 tt
230 3779 332 3844 tiosos
353 3793 383 3842 et
405 3770 739 3844 turbulentissilnios.
784 3822 794 3845 .
839 3825 849 3845 .

300 3902 409 3978 Xlll.
438 3897 472 3978 l.
515 3904 653 3998 Pater,
681 3904 828 4003 inquit,
853 3903 970 3977 etiam
996 3903 1228 4001 obeseefilio
1254 3907 1367 3982 debet.
1421 3906 1535 3982 Ouo

228 4043 307 4092 cem
326 4011 491 4091 duram!

294 4184 319 4228 t.
338 4183 399 4229 Coe.
423 4188 490 4227 ecte.
527 4180 553 4227 2.
572 4183 611 4228 die
637 4183 722 4237 expleo
748 4182 861 4239 epellern.
897 4181 992 4234 (ldellm
1010 4186 1178 4225 enumerante.
1205 4178 1267 4238 Oe.)
1303 4179 1327 4231 ³.
1350 4183 1411 4229 Cod.
1430 4184 1534 4231 dixerit

358 4249 383 4298 4.
402 4252 463 4298 (lod.
484 4249 572 4312 edqee.
618 4249 642 4297 d.
661 4251 797 4309 «mosten
823 4249 975 4310 gentionem.
1019 4249 1059 4294 Sic
1080 4250 1172 4294 videler
1195 4252 1364 4307 supplendum,
1393 4268 1533 4314 qeemqeen

359 4324 461 4378 spetiem
472 4335 518 4366 eoe
530 4322 703 4380 relleqeltmln
716 4323 782 4366 (ἔοι.
803 4320 865 4364 ltin
890 4318 962 4372 „Non
975 4319 1068 4375 probe,
1087 4321 1148 4377 qeod
1161 4320 1240 4364 Meles
1251 4324 1305 4366 nete
1317 4325 1460 4382 gretioeene
1471 4325 1535 4370 eelle

358 4380 382 4438 ie
401 4390 490 4438 Codice
508 4392 594 4437 relicte
611 4404 685 4437 reeeo
706 4393 786 4448 spatio
803 4388 919 4450 quoniam
936 4390 1024 4444 poeelt.
1060 4388 1136 4433 nolte
1153 4387 1301 4445 probabilius
1318 4397 1355 4436 eet
1366 4394 1429 4438 ieter
1446 4393 1533 4439 neeleil

357 4467 383 4508 et
400 4459 434 4506 od
453 4459 570 4506 eseieleee
587 4461 696 4520 ireque!
723 4462 817 4504 Wore.
855 4455 879 4502 6.
898 4457 1004 4513 spetiem
1023 4457 1047 4502 io
1065 4459 1119 4502 rod.
1139 4459 1531 4509 deoeeeeeereicelnremvieolle

357 4532 492 4576 eoeieetere
515 4531 660 4586 repleedeee.
700 4528 723 4576 l.
752 4529 813 4576 Cod.
830 4540 968 4571 esuenrene.
1007 4524 1032 4572 d.
1052 4526 1112 4573 Geel.
1137 4526 1255 4578 tridente.
1293 4528 1317 4575 l.
1338 4530 1373 4576 lle
1394 4534 1419 4578 le
1439 4533 1531 4578 uheeie

357 4601 433 4655 uele;
453 4598 495 4645 erd
518 4603 595 4644 teeeee
614 4611 654 4644 rex
672 4599 757 4645 debite
777 4599 831 4658 quin
853 4599 878 4641 le
895 4596 977 4642 codiee
997 4596 1029 4642 sit
1044 4596 1172 4658 intellegi,
1192 4603 1217 4642 et
1233 4603 1369 4647 eresleetee
1385 4602 1409 4648 le
1430 4603 1530 4660 eetheie

357 4681 416 4714 nee.
435 4662 528 4714 nielles.

297 4734 342 4793 85.
361 4730 443 4786 Decet
462 4727 561 4786 lollen
580 4735 714 4790 tertuum
732 4733 920 4804 querereloole
940 4728 1039 4792 Lt’ltl.
