3210 5280
228 185 294 250 392
548 183 847 251 scttottas'rs
870 182 1214 251 Gnouovutttus

312 327 423 392 Nulla
441 347 515 390 esse
536 325 678 408 iudicia]
715 327 782 389 Iasn
807 324 899 412 quasi
930 323 1128 388 tractantium
1163 321 1388 389 allocutionem
1419 321 1550 386 inducit.

311 420 405 502 Quid
425 418 548 502 igitur]
588 419 750 484 Obiectio.

310 513 405 596 Quid
425 511 567 594 iudices]
602 515 719 577 lterum
742 511 969 596 interrogatio.

309 609 393 672 Noa
418 607 580 684 crimina,
613 626 682 670 non
703 606 817 688 testes]
852 605 935 686 Quia
959 605 1097 688 populus
1128 605 1292 670 Romanus
1316 603 1386 667 vult
1412 600 1552 666 dasnnari

201 711 392 764 inocentes.

310 789 407 872 Noa]
444 792 640 874 Responsio.

311 886 396 970 Cap.
415 888 514 951 vllt.
538 889 608 952 Iste
623 887 760 971 quidem
776 886 838 950 tibi
855 885 1036 971 eripietur]
1060 886 1170 948 Verba
1184 883 1379 967 optimorum
1393 882 1548 958 virornas,

225 980 281 1065 qui
302 1002 423 1042 mertun
447 981 673 1063 loquebantur.

262 1086 264 1091 '
308 1074 376 1139 Sed
397 1075 474 1154 uos]
512 1075 548 1137 ld
572 1087 637 1149 est,
662 1085 839 1162 senatores.

183 1181 215 1233 to
309 1170 363 1232 De
385 1163 661 1257 transferundis]
695 1171 748 1232 Ad
771 1169 905 1253 equites.

309 1261 362 1322 21.
384 1261 506 1344 Neque
530 1282 589 1323 eos
613 1273 685 1324 tam
706 1262 808 1324 istius
829 1260 989 1343 hominis]
1002 1261 1089 1324 ·Non
1105 1258 1325 1321 commovebat
1341 1276 1418 1338 spes
1434 1255 1548 1318 Verris

223 1375 300 1431 eos,
325 1353 438 1428 idest,
456 1365 637 1429 senatores,
662 1355 733 1438 quia
745 1353 894 1436 sperabat
910 1353 1035 1418 absolvi
1050 1375 1101 1430 se,
1122 1354 1177 1416 sed
1190 1349 1364 1439 gratulatio
1381 1348 1547 1413 Curionis.

306 1447 468 1512 Hominis
491 1448 707 1529 armatissimi]
732 1451 852 1521 idest,
878 1446 1041 1512 Curionis.

309 1544 412 1606 Nona
432 1542 624 1624 gratulatio
646 1539 887 1623 commovebat]
923 1542 1012 1605 Bene
1036 1538 1153 1603 addidit
1173 1558 1280 1616 anna,
1305 1538 1397 1621 quod
1420 1533 1548 1607 consule

183 1632 389 1719 tidesiguato
412 1634 592 1699 Hortensio
621 1636 728 1716 coepit
760 1634 926 1719 gratulari.

307 1729 350 1793 Id
372 1730 511 1791 moleste
521 1726 646 1818 serre]
671 1727 924 1792 Gratulationesn
948 1725 1114 1792 Curionis.

307 1822 493 1904 Cupiebain
517 1821 625 1884 animi
650 1822 804 1885 dolorem
828 1825 922 1885 uultu
947 1823 1077 1905 tegere]
1109 1821 1206 1902 Quod
1229 1819 1258 1880 in
1284 1814 1440 1879 mediocri
1469 1826 1547 1877 sueto

222 1913 292 1977 fieri
305 1925 433 1996 potest3
450 1936 521 1977 naus
536 1915 567 1976 in
582 1914 702 1980 rssaiore
717 1915 816 1980 dixit:
838 1918 930 2002 quod
944 1916 1049 1979 etiam
1064 1927 1138 1978 tato
1149 1935 1294 1996 corpore
1306 1913 1545 1995 perhorresco.

309 2006 456 2088 Tegere]
481 2008 610 2074 Celare.
857 2002 860 2007 ⁸

179 2117 212 2166 2⁰
306 2107 422 2184 Quum
442 2114 624 2184 praetores
646 2103 819 2187 designati
840 2101 1064 2182 sortirentur]
1103 2101 1156 2163 Ex
1185 2110 1275 2164 sorte
1305 2096 1388 2161 enirn
1414 2096 1546 2178 accipie·

223 2199 298 2258 bant
320 2195 515 2277 provincias.

305 2293 352 2354 Et
375 2293 595 2355 mutuato
617 2289 814 2373 obtigisset,
838 2301 876 2353 ut
897 2289 927 2353 is
950 2290 991 2352 de
1010 2286 1170 2370 pecuniis
1184 2284 1398 2370 repetundis]
1423 2283 1546 2348 Metelli

223 2394 288 2448 tres
309 2384 438 2446 leserunt
460 2384 597 2459 iratres,
621 2405 721 2459 unus,
746 2383 800 2468 qui
821 2404 899 2464 prae
922 2383 939 2417 ⁴
962 2382 980 2416 ⁶
1003 2382 1020 2415 ⁰

721 2495 740 2529 0
783 2495 801 2530 0
845 2497 863 2530 ῦ
907 2495 925 2530 Β
968 2500 986 2536 ο
1030 2493 1048 2529 0

179 2602 211 2652 25
307 2585 388 2668 Cap.
411 2588 477 2651 IX.
500 2588 553 2652 26.
588 2632 597 2652 .
631 2632 640 2653 .
673 2633 682 2653 .
715 2633 724 2653 .
750 2632 760 2652 .
787 2628 797 2652 .
823 2633 832 2653 .
859 2632 868 2652 .
894 2632 903 2651 .
927 2589 1044 2651 tellum
1077 2607 1185 2650 eausa
1213 2584 1401 2668 die-cretea]
1439 2586 1544 2650 Prima

221 2680 384 2744 consessio
411 2681 538 2749 Verris.
583 2683 790 2748 innocentem
815 2681 949 2745 iudicem
972 2682 1066 2764 fugit.

234 2829 238 2833 .
306 2778 349 2838 Ut
371 2776 465 2858 apud
488 2781 543 2841 M.
569 2779 764 2857 Metellum]
787 2777 852 2840 Hic
874 2777 1025 2839 Metellus
1048 2787 1113 2848 est,
1139 2773 1192 2857 qui
1215 2786 1381 2856 praesente
1406 2775 1493 2838 Sulla
1517 2784 1546 2835 et

221 2869 368 2932 assiliente
397 2873 435 2932 de
466 2872 719 2952 proscriptorum
754 2874 871 2934 ardore
903 2883 933 2932 et
964 2869 1034 2931 labe
1064 2881 1244 2950 teupernus
1279 2868 1374 2942 dixit,
1413 2882 1444 2931 et
1474 2869 1544 2931 idco

220 2965 335 3026 stultus
360 2966 543 3043 putabatur.
600 2965 650 3027 De
676 2963 768 3027 huius
796 2966 912 3030 faenilia
936 2985 1047 3029 ornnes
1074 2962 1223 3024 consules
1250 2960 1326 3023 l'acti
1352 2974 1439 3025 sunt.
1484 2963 1544 3024 llic

178 3068 238 3120 tta
265 3059 402 3123 Kalend.
427 3058 581 3121 Ianuariis
605 3061 643 3120 de
666 3058 808 3140 pecuniis
835 3057 1016 3141 repetundis
1042 3056 1147 3118 luerat
1173 3054 1388 3139 quaesiturus.

304 3150 411 3215 Dedit
431 3151 524 3214 enim
542 3141 840 3235 praerogatiuam]
874 3155 920 3215 Ne
944 3161 1151 3236 quaereretur
1182 3170 1199 3211 a
1224 3149 1354 3222 Tullio,
1380 3152 1463 3212 unde
1486 3150 1544 3212 hoe

219 3243 334 3318 sciret,
359 3245 431 3307 idco
459 3246 521 3307 hoc
547 3245 641 3320 dieit;
664 3246 757 3309 dedit
776 3247 867 3310 enim
887 3244 1183 3329 praerogatiuam.
1228 3242 1304 3305 Duo
1327 3264 1449 3325 genera
1473 3253 1542 3305 sunt

220 3336 351 3420 populi,
383 3339 669 3420 praerogativum
692 3340 843 3420 primum,
877 3340 989 3401 deinde
1014 3340 1089 3400 iure
1119 3347 1289 3399 uocatum.
1336 3335 1446 3399 Prinna
1472 3357 1542 3417 pars

220 3431 440 3515 praerogativi
462 3432 766 3516 generis-quidquid
789 3434 959 3508 sensisset,
995 3432 1063 3494 iure
1095 3440 1209 3492 vocata
1235 3429 1395 3491 firmabat.
1455 3432 1542 3512 Ergo

178 3536 209 3586 35
221 3523 248 3586 si
276 3523 345 3606 quis
367 3526 508 3588 honores
535 3531 643 3606 petere
670 3525 837 3604 voluisset,
862 3525 1120 3609 praerogativam
1145 3524 1277 3585 classem
1302 3526 1540 3604 corrumpebat.

219 3616 348 3681 Dicitur
373 3619 600 3704 praerogativa
625 3630 656 3680 et
685 3620 808 3703 signum
835 3621 1008 3684 voluntatis
1032 3619 1170 3681 suturae.
1226 3618 1321 3700 Ergo
1352 3617 1404 3678 hie
1435 3637 1541 3678 sensus

221 3724 286 3774 est:
310 3715 593 3795 queusadusodurn,
628 3716 755 3798 quaudo
785 3715 937 3779 Metellus
968 3717 1107 3775 honores
1130 3708 1262 3791 petivit,
1299 3711 1426 3772 Verres
1454 3730 1540 3791 prae-

220 3806 400 3889 rogativam
436 3807 601 3888 correspit,
638 3807 683 3869 sic
711 3809 807 3872 ruodo
834 3807 987 3871 Metellus
1013 3806 1245 3870 absolutionem
1273 3805 1373 3867 Verri
1399 3827 1462 3886 pro
1490 3806 1540 3866 illo

220 3898 289 3961 vult
314 3902 448 3963 reddere
471 3904 508 3964 de
535 3900 703 3963 beneficio.
749 3902 793 3963 Et
814 3902 878 3964 hoc
901 3901 990 3983 quasi
1011 3913 1169 3964 ‘secretum
1192 3901 1300 3983 prodit
1326 3899 1460 3964 Cicero.

177 4004 210 4055 u
305 3993 538 4058 27.'Ar·eessit
560 3991 803 4073 altercassent]
827 3993 923 4057 Siculi
949 3996 1048 4058 urinas
1071 3994 1172 4058 secuti
1197 4007 1270 4057 sssnt
1296 3995 1457 4069 consulis,
1483 4015 1539 4056 uon

221 4086 416 4150 voluntatem
441 4089 599 4154 vocantis.

305 4179 389 4263 Cap.
413 4183 459 4246 X.
484 4184 537 4247 28.
570 4183 663 4266 Quid
684 4195 753 4259 est,
789 4203 936 4267 quaeso,
960 4181 1115 4261 Metelle]
1139 4182 1283 4246 Iuventio
1307 4187 1347 4245 ad
1374 4185 1539 4246 Metellum

296 4428 341 4478 12.
362 4423 469 4475 luterni
490 4439 555 4482 eas,-
585 4421 648 4475 Scls.
669 4419 771 4476 delevit
790 4422 822 4474 at
839 4430 894 4476 est.
923 4423 975 4476 On.
1025 4420 1095 4475 ibid.
1117 4423 1163 4476 Sle
1183 4427 1293 4496 scripsi.
1313 4452 1350 4464 -
1370 4424 1481 4475 absolvi
1499 4441 1539 4480 ης

219 4495 469 4550 GttATULATIO
489 4498 525 4552 G.
546 4524 582 4537 ·-
600 4497 726 4562 absolvi,
758 4498 809 4549 sed
825 4499 986 4565 gratulatio
1008 4497 1058 4550 Gr.
1079 4497 1142 4550 Srln.
1197 4506 1241 4558 18.
1261 4498 1345 4566 prend]
1367 4500 1403 4552 G.
1426 4529 1461 4542 -
1480 4515 1539 4549 aaut

219 4573 270 4626 Gr.
293 4572 359 4626 Seli.
399 4579 442 4632 23.
473 4574 562 4638 ,Post
588 4573 642 4625 hac
670 4577 803 4645 praelatis
830 4577 940 4626 amissis
961 4577 1085 4644 seqnitur
1105 4590 1167 4640 pars
1188 4570 1369 4645 praefationis
1391 4579 1420 4626 ln
1442 4575 1501 4625 lib.
1520 4575 1539 4624 l.

218 4650 275 4698 Act.
296 4647 351 4698 ll.”
371 4648 498 4702 Gnoson.
536 4656 582 4709 28.
603 4653 645 4702 dn
662 4649 926 4719 proscriptionum?
945 4649 1000 4704 On.
1038 4653 1083 4710 37.
1104 4649 1151 4704 stc
1171 4653 1246 4703 conl.
1267 4653 1402 4704 usserius
1424 4667 1474 4724 pro
1489 4667 1538 4720 pe-

218 4725 285 4774 tivit
304 4721 422 4791 Verris,
439 4741 485 4793 pr.
524 4726 570 4788 59.
591 4722 655 4778 sch.
673 4719 773 4778 delenit
792 4723 836 4786 de,
