<?xml version="1.0" encoding="UTF-8"?>
<!DOCTYPE html PUBLIC "-//W3C//DTD XHTML 1.0 Transitional//EN"
    "http://www.w3.org/TR/xhtml1/DTD/xhtml1-transitional.dtd">
<html xmlns="http://www.w3.org/1999/xhtml" xml:lang="en" lang="en">
 <head>
  <title>
</title>
<meta http-equiv="Content-Type" content="text/html;charset=utf-8" />
  <meta name='ocr-system' content='tesseract 3.04.00' />
  <meta name='ocr-capabilities' content='ocr_page ocr_carea ocr_par ocr_line ocrx_word'/>
</head>
<body>
  <div class='ocr_page' id='page_1' title='image "./operaquaesupers03halmgoog_0120.png"; bbox 0 0 3210 5280; ppageno 0'>
   <div class='ocr_carea' id='block_1_1' title="bbox 172 215 1388 442">
    <p class='ocr_par' dir='ltr' id='par_1_1' title="bbox 172 215 1388 442">
     <span class='ocr_line' id='line_1_1' title="bbox 327 215 1388 285; baseline -0.004 -3"><span class='ocrx_word' id='word_1_1' title='bbox 327 215 377 282; x_wconf 81' lang='lat' dir='ltr'><strong>tit</strong></span> <span class='ocrx_word' id='word_1_2' title='bbox 401 215 685 284; x_wconf 77' lang='lat' dir='ltr'><strong>ORATIONEM</strong></span> <span class='ocrx_word' id='word_1_3' title='bbox 707 218 756 283; x_wconf 81' lang='lat' dir='ltr'><strong>lit</strong></span> <span class='ocrx_word' id='word_1_4' title='bbox 780 219 908 285; x_wconf 71' lang='lat' dir='ltr'><strong>Toou</strong></span> <span class='ocrx_word' id='word_1_5' title='bbox 930 215 1152 283; x_wconf 65' lang='lat' dir='ltr'><strong>cusnitit.</strong></span> <span class='ocrx_word' id='word_1_6' title='bbox 1346 215 1388 279; x_wconf 75' lang='lat'><strong>89</strong></span> 
     </span>
     <span class='ocr_line' id='line_1_2' title="bbox 172 311 1386 442; baseline -0.003 -21"><span class='ocrx_word' id='word_1_7' title='bbox 172 359 294 440; x_wconf 80' lang='lat' dir='ltr'>Legem</span> <span class='ocrx_word' id='word_1_8' title='bbox 328 355 530 438; x_wconf 72' lang='lat' dir='ltr'><strong>Calpurniam</strong></span> <span class='ocrx_word' id='word_1_9' title='bbox 565 357 744 440; x_wconf 77' lang='lat' dir='ltr'><strong>significet,</strong></span> <span class='ocrx_word' id='word_1_10' title='bbox 781 378 872 442; x_wconf 80' lang='lat' dir='ltr'><strong>quam</strong></span> <span class='ocrx_word' id='word_1_11' title='bbox 905 355 947 422; x_wconf 91' lang='lat' dir='ltr'><strong>C.</strong></span> <span class='ocrx_word' id='word_1_12' title='bbox 982 355 1171 437; x_wconf 72' lang='lat' dir='ltr'><strong>Calpurnius</strong></span> <span class='ocrx_word' id='word_1_13' title='bbox 1204 311 1281 418; x_wconf 74' lang='lat' dir='ltr'><strong>Piso</strong></span> <span class='ocrx_word' id='word_1_14' title='bbox 1316 365 1386 417; x_wconf 84' lang='lat' dir='ltr'><strong>ente</strong></span> 
     </span>
    </p>
   </div>
   <div class='ocr_carea' id='block_1_2' title="bbox 82 447 1429 2177">
    <p class='ocr_par' dir='ltr' id='par_1_2' title="bbox 83 447 1412 792">
     <span class='ocr_line' id='line_1_3' title="bbox 83 447 1387 531; baseline -0.004 -18"><span class='ocrx_word' id='word_1_15' title='bbox 83 450 251 514; x_wconf 76' lang='lat' dir='ltr'><strong>triennium</strong></span> <span class='ocrx_word' id='word_1_16' title='bbox 273 450 311 511; x_wconf 86' lang='lat' dir='ltr'><strong>de</strong></span> <span class='ocrx_word' id='word_1_17' title='bbox 336 449 454 512; x_wconf 89' lang='lat' dir='ltr'><strong>etnbitu</strong></span> <span class='ocrx_word' id='word_1_18' title='bbox 476 450 602 512; x_wconf 79' lang='lat' dir='ltr'><strong>tulerat.</strong></span> <span class='ocrx_word' id='word_1_19' title='bbox 647 450 743 530; x_wconf 85' lang='lat' dir='ltr'><strong>Quod</strong></span> <span class='ocrx_word' id='word_1_20' title='bbox 766 463 866 513; x_wconf 77' lang='lat' dir='ltr'><strong>etitem</strong></span> <span class='ocrx_word' id='word_1_21' title='bbox 890 450 981 527; x_wconf 86' lang='lat' dir='ltr'><strong>dicit,</strong></span> <span class='ocrx_word' id='word_1_22' title='bbox 1007 453 1167 512; x_wconf 81' lang='lat' dir='ltr'><strong>damnatos</strong></span> <span class='ocrx_word' id='word_1_23' title='bbox 1190 469 1257 511; x_wconf 89' lang='lat' dir='ltr'><strong>esse</strong></span> <span class='ocrx_word' id='word_1_24' title='bbox 1283 447 1387 531; x_wconf 79' lang='lat' dir='ltr'><strong>desig·</strong></span> 
     </span>
     <span class='ocr_line' id='line_1_4' title="bbox 83 539 1386 626; baseline -0.003 -20"><span class='ocrx_word' id='word_1_25' title='bbox 83 555 177 608; x_wconf 80' lang='lat' dir='ltr'><strong>ustos</strong></span> <span class='ocrx_word' id='word_1_26' title='bbox 200 543 362 618; x_wconf 88' lang='lat' dir='ltr'><strong>consules,</strong></span> <span class='ocrx_word' id='word_1_27' title='bbox 397 544 438 606; x_wconf 86' lang='lat' dir='ltr'><strong>P.</strong></span> <span class='ocrx_word' id='word_1_28' title='bbox 463 543 577 620; x_wconf 85' lang='lat' dir='ltr'><strong>Syllam</strong></span> <span class='ocrx_word' id='word_1_29' title='bbox 608 552 639 606; x_wconf 88' lang='lat' dir='ltr'><strong>et</strong></span> <span class='ocrx_word' id='word_1_30' title='bbox 661 543 702 606; x_wconf 88' lang='lat' dir='ltr'><strong>P.</strong></span> <span class='ocrx_word' id='word_1_31' title='bbox 730 543 938 619; x_wconf 81' lang='lat' dir='ltr'><strong>Autronium,</strong></span> <span class='ocrx_word' id='word_1_32' title='bbox 962 545 999 604; x_wconf 88' lang='lat' dir='ltr'><strong>de</strong></span> <span class='ocrx_word' id='word_1_33' title='bbox 1022 544 1134 626; x_wconf 89' lang='lat' dir='ltr'><strong>quibus</strong></span> <span class='ocrx_word' id='word_1_34' title='bbox 1155 541 1213 603; x_wconf 86' lang='lat' dir='ltr'><strong>ism</strong></span> <span class='ocrx_word' id='word_1_35' title='bbox 1239 539 1386 616; x_wconf 84' lang='lat' dir='ltr'><strong>diximus,</strong></span> 
     </span>
     <span class='ocr_line' id='line_1_5' title="bbox 83 632 1381 719; baseline -0.003 -21"><span class='ocrx_word' id='word_1_36' title='bbox 83 637 154 699; x_wconf 83' lang='lat' dir='ltr'><strong>vult</strong></span> <span class='ocrx_word' id='word_1_37' title='bbox 175 634 320 718; x_wconf 75' lang='lat' dir='ltr'><strong>intelligi.</strong></span> <span class='ocrx_word' id='word_1_38' title='bbox 364 632 557 719; x_wconf 78' lang='lat' dir='ltr'><strong>Cognosces</strong></span> <span class='ocrx_word' id='word_1_39' title='bbox 578 646 679 697; x_wconf 85' lang='lat' dir='ltr'><strong>eutem</strong></span> <span class='ocrx_word' id='word_1_40' title='bbox 709 635 752 714; x_wconf 81' lang='lat' dir='ltr'><strong>Q.</strong></span> <span class='ocrx_word' id='word_1_41' title='bbox 785 636 897 700; x_wconf 89' lang='lat' dir='ltr'><strong>Mucio</strong></span> <span class='ocrx_word' id='word_1_42' title='bbox 926 635 1071 711; x_wconf 88' lang='lat' dir='ltr'><strong>tribuno,</strong></span> <span class='ocrx_word' id='word_1_43' title='bbox 1109 654 1199 718; x_wconf 89' lang='lat' dir='ltr'><strong>quem</strong></span> <span class='ocrx_word' id='word_1_44' title='bbox 1228 633 1381 709; x_wconf 81' lang='lat' dir='ltr'><strong>nominat,</strong></span> 
     </span>
     <span class='ocr_line' id='line_1_6' title="bbox 83 725 1412 792; baseline -0.004 0"><span class='ocrx_word' id='word_1_45' title='bbox 83 727 145 792; x_wconf 84' lang='lat' dir='ltr'><strong>tuit</strong></span> <span class='ocrx_word' id='word_1_46' title='bbox 172 727 352 792; x_wconf 78' lang='lat' dir='ltr'><strong>Orestinus.</strong></span> <span class='ocrx_word' id='word_1_47' title='bbox 1355 731 1360 739; x_wconf 87' lang='grc'><strong>’</strong></span> <span class='ocrx_word' id='word_1_48' title='bbox 1397 725 1412 776; x_wconf 77' lang='lat' dir='ltr'><strong>l</strong></span> 
     </span>
    </p>

    <p class='ocr_par' dir='ltr' id='par_1_3' title="bbox 84 818 1388 990">
     <span class='ocr_line' id='line_1_7' title="bbox 164 818 1388 904; baseline -0.003 -22"><span class='ocrx_word' id='word_1_49' title='bbox 164 819 280 904; x_wconf 84' lang='lat' dir='ltr'><strong>Atque</strong></span> <span class='ocrx_word' id='word_1_50' title='bbox 302 829 339 880; x_wconf 86' lang='lat' dir='ltr'><strong>at</strong></span> <span class='ocrx_word' id='word_1_51' title='bbox 365 822 465 882; x_wconf 86' lang='lat' dir='ltr'><strong>istam</strong></span> <span class='ocrx_word' id='word_1_52' title='bbox 483 823 655 898; x_wconf 85' lang='lat' dir='ltr'><strong>omittam,</strong></span> <span class='ocrx_word' id='word_1_53' title='bbox 688 821 722 880; x_wconf 88' lang='lat' dir='ltr'><strong>in</strong></span> <span class='ocrx_word' id='word_1_54' title='bbox 750 821 900 883; x_wconf 77' lang='lat' dir='ltr'><strong>exercitu</strong></span> <span class='ocrx_word' id='word_1_55' title='bbox 927 818 1073 900; x_wconf 81' lang='lat' dir='ltr'><strong>Syllano</strong></span> <span class='ocrx_word' id='word_1_56' title='bbox 1099 818 1321 900; x_wconf 86' lang='lat' dir='ltr'><strong>praedonem,</strong></span> <span class='ocrx_word' id='word_1_57' title='bbox 1353 818 1388 879; x_wconf 86' lang='lat' dir='ltr'><strong>in</strong></span> 
     </span>
     <span class='ocr_line' id='line_1_8' title="bbox 84 906 1060 990; baseline -0.001 -20"><span class='ocrx_word' id='word_1_58' title='bbox 84 910 226 970; x_wconf 71' lang='lat' dir='ltr'><strong>itrmoitu</strong></span> <span class='ocrx_word' id='word_1_59' title='bbox 247 909 496 990; x_wconf 80' lang='lat' dir='ltr'><strong>gladiatorem,</strong></span> <span class='ocrx_word' id='word_1_60' title='bbox 520 911 553 972; x_wconf 88' lang='lat' dir='ltr'><strong>in</strong></span> <span class='ocrx_word' id='word_1_61' title='bbox 574 910 718 971; x_wconf 79' lang='lat' dir='ltr'><strong>victoria</strong></span> <span class='ocrx_word' id='word_1_62' title='bbox 740 906 1000 990; x_wconf 79' lang='lat' dir='ltr'><strong>quadrigarium</strong></span> <span class='ocrx_word' id='word_1_63' title='bbox 1021 941 1060 955; x_wconf 88' lang='lat'>-</span> 
     </span>
    </p>

    <p class='ocr_par' dir='ltr' id='par_1_4' title="bbox 83 995 1429 1547">
     <span class='ocr_line' id='line_1_9' title="bbox 169 995 1389 1063; baseline -0.003 -1"><span class='ocrx_word' id='word_1_64' title='bbox 169 999 219 1062; x_wconf 88' lang='lat' dir='ltr'><strong>De</strong></span> <span class='ocrx_word' id='word_1_65' title='bbox 257 998 400 1061; x_wconf 80' lang='lat' dir='ltr'><strong>Antonio</strong></span> <span class='ocrx_word' id='word_1_66' title='bbox 428 998 489 1063; x_wconf 90' lang='lat' dir='ltr'><strong>dici</strong></span> <span class='ocrx_word' id='word_1_67' title='bbox 521 999 715 1062; x_wconf 79' lang='lat' dir='ltr'><strong>manifestum</strong></span> <span class='ocrx_word' id='word_1_68' title='bbox 749 1009 807 1059; x_wconf 92' lang='lat' dir='ltr'><strong>est.</strong></span> <span class='ocrx_word' id='word_1_69' title='bbox 868 999 930 1059; x_wconf 86' lang='lat' dir='ltr'><strong>Sed</strong></span> <span class='ocrx_word' id='word_1_70' title='bbox 962 998 1035 1060; x_wconf 91' lang='lat' dir='ltr'><strong>dicit</strong></span> <span class='ocrx_word' id='word_1_71' title='bbox 1068 1019 1136 1061; x_wconf 87' lang='lat' dir='ltr'><strong>eum</strong></span> <span class='ocrx_word' id='word_1_72' title='bbox 1168 997 1204 1060; x_wconf 86' lang='lat' dir='ltr'><strong>in</strong></span> <span class='ocrx_word' id='word_1_73' title='bbox 1234 995 1389 1059; x_wconf 77' lang='lat' dir='ltr'><strong>exercitis</strong></span> 
     </span>
     <span class='ocr_line' id='line_1_10' title="bbox 83 1089 1387 1178; baseline -0.002 -22"><span class='ocrx_word' id='word_1_74' title='bbox 83 1093 200 1178; x_wconf 78' lang='lat' dir='ltr'><strong>Syllae</strong></span> <span class='ocrx_word' id='word_1_75' title='bbox 229 1093 439 1174; x_wconf 77' lang='lat' dir='ltr'><strong>praedonem</strong></span> <span class='ocrx_word' id='word_1_76' title='bbox 467 1104 598 1175; x_wconf 87' lang='lat' dir='ltr'><strong>propter</strong></span> <span class='ocrx_word' id='word_1_77' title='bbox 623 1089 760 1173; x_wconf 90' lang='lat' dir='ltr'><strong>equitum</strong></span> <span class='ocrx_word' id='word_1_78' title='bbox 792 1101 929 1166; x_wconf 80' lang='lat' dir='ltr'><strong>turmas,</strong></span> <span class='ocrx_word' id='word_1_79' title='bbox 967 1091 1079 1172; x_wconf 87' lang='lat' dir='ltr'><strong>quibus</strong></span> <span class='ocrx_word' id='word_1_80' title='bbox 1106 1090 1258 1155; x_wconf 82' lang='lat' dir='ltr'><strong>Achaiam</strong></span> <span class='ocrx_word' id='word_1_81' title='bbox 1286 1091 1387 1154; x_wconf 85' lang='lat' dir='ltr'><strong>abeo</strong></span> 
     </span>
     <span class='ocr_line' id='line_1_11' title="bbox 83 1180 1429 1268; baseline -0.003 -23"><span class='ocrx_word' id='word_1_82' title='bbox 83 1195 230 1246; x_wconf 81' lang='lat' dir='ltr'><strong>venetam</strong></span> <span class='ocrx_word' id='word_1_83' title='bbox 253 1205 322 1246; x_wconf 86' lang='lat' dir='ltr'><strong>esse</strong></span> <span class='ocrx_word' id='word_1_84' title='bbox 350 1184 610 1268; x_wconf 69' lang='lat' dir='ltr'><strong>significavimust</strong></span> <span class='ocrx_word' id='word_1_85' title='bbox 646 1183 681 1246; x_wconf 86' lang='lat' dir='ltr'><strong>in</strong></span> <span class='ocrx_word' id='word_1_86' title='bbox 711 1182 855 1246; x_wconf 82' lang='lat' dir='ltr'><strong>introitu</strong></span> <span class='ocrx_word' id='word_1_87' title='bbox 875 1185 1101 1266; x_wconf 78' lang='lat' dir='ltr'><strong>gladiatorem</strong></span> <span class='ocrx_word' id='word_1_88' title='bbox 1122 1182 1257 1265; x_wconf 77' lang='lat' dir='ltr'><strong>pertinet</strong></span> <span class='ocrx_word' id='word_1_89' title='bbox 1280 1182 1318 1244; x_wconf 86' lang='lat' dir='ltr'><strong>ed</strong></span> <span class='ocrx_word' id='word_1_90' title='bbox 1339 1180 1386 1244; x_wconf 90' lang='lat' dir='ltr'><strong>in·</strong></span> <span class='ocrx_word' id='word_1_91' title='bbox 1397 1191 1429 1241; x_wconf 86' lang='lat' dir='ltr'><strong>tt</strong></span> 
     </span>
     <span class='ocr_line' id='line_1_12' title="bbox 85 1273 1384 1362; baseline -0.004 -21"><span class='ocrx_word' id='word_1_92' title='bbox 85 1277 198 1341; x_wconf 79' lang='lat' dir='ltr'><strong>vidium</strong></span> <span class='ocrx_word' id='word_1_93' title='bbox 220 1276 482 1359; x_wconf 79' lang='lat' dir='ltr'><strong>proscriptionis,</strong></span> <span class='ocrx_word' id='word_1_94' title='bbox 506 1300 586 1362; x_wconf 79' lang='lat' dir='ltr'><strong>quae</strong></span> <span class='ocrx_word' id='word_1_95' title='bbox 608 1287 672 1338; x_wconf 91' lang='lat' dir='ltr'><strong>tum</strong></span> <span class='ocrx_word' id='word_1_96' title='bbox 694 1273 776 1336; x_wconf 81' lang='lat' dir='ltr'><strong>iacta</strong></span> <span class='ocrx_word' id='word_1_97' title='bbox 800 1286 865 1350; x_wconf 89' lang='lat' dir='ltr'><strong>est;</strong></span> <span class='ocrx_word' id='word_1_98' title='bbox 887 1278 923 1338; x_wconf 87' lang='lat' dir='ltr'><strong>in</strong></span> <span class='ocrx_word' id='word_1_99' title='bbox 944 1276 1087 1340; x_wconf 85' lang='lat' dir='ltr'><strong>victoria</strong></span> <span class='ocrx_word' id='word_1_100' title='bbox 1105 1274 1384 1360; x_wconf 79' lang='lat' dir='ltr'><strong>quadrigarium,</strong></span> 
     </span>
     <span class='ocr_line' id='line_1_13' title="bbox 83 1364 1388 1452; baseline 0.002 -23"><span class='ocrx_word' id='word_1_101' title='bbox 83 1370 188 1452; x_wconf 86' lang='lat' dir='ltr'><strong>quod,</strong></span> <span class='ocrx_word' id='word_1_102' title='bbox 210 1391 280 1432; x_wconf 84' lang='lat' dir='ltr'><strong>cum</strong></span> <span class='ocrx_word' id='word_1_103' title='bbox 307 1371 392 1449; x_wconf 81' lang='lat' dir='ltr'><strong>Sylla</strong></span> <span class='ocrx_word' id='word_1_104' title='bbox 417 1381 492 1452; x_wconf 92' lang='lat' dir='ltr'><strong>post</strong></span> <span class='ocrx_word' id='word_1_105' title='bbox 516 1367 679 1432; x_wconf 78' lang='lat' dir='ltr'><strong>victoriam</strong></span> <span class='ocrx_word' id='word_1_106' title='bbox 702 1364 870 1431; x_wconf 83' lang='lat' dir='ltr'><strong>Circenses</strong></span> <span class='ocrx_word' id='word_1_107' title='bbox 890 1370 1012 1434; x_wconf 80' lang='lat' dir='ltr'><strong>laceret</strong></span> <span class='ocrx_word' id='word_1_108' title='bbox 1033 1369 1098 1445; x_wconf 84' lang='lat' dir='ltr'><strong>ite,</strong></span> <span class='ocrx_word' id='word_1_109' title='bbox 1124 1379 1158 1431; x_wconf 90' lang='lat' dir='ltr'><strong>ut</strong></span> <span class='ocrx_word' id='word_1_110' title='bbox 1182 1364 1308 1432; x_wconf 87' lang='lat' dir='ltr'><strong>honesti</strong></span> <span class='ocrx_word' id='word_1_111' title='bbox 1326 1368 1388 1431; x_wconf 88' lang='lat' dir='ltr'><strong>ha·</strong></span> 
     </span>
     <span class='ocr_line' id='line_1_14' title="bbox 88 1459 1087 1547; baseline 0.002 -23"><span class='ocrx_word' id='word_1_112' title='bbox 88 1462 186 1525; x_wconf 74' lang='lat' dir='ltr'><strong>niues</strong></span> <span class='ocrx_word' id='word_1_113' title='bbox 208 1461 374 1547; x_wconf 81' lang='lat' dir='ltr'><strong>quadrigas</strong></span> <span class='ocrx_word' id='word_1_114' title='bbox 397 1463 568 1545; x_wconf 80' lang='lat' dir='ltr'><strong>agitarent,</strong></span> <span class='ocrx_word' id='word_1_115' title='bbox 591 1461 651 1523; x_wconf 82' lang='lat' dir='ltr'><strong>tuit</strong></span> <span class='ocrx_word' id='word_1_116' title='bbox 673 1459 754 1522; x_wconf 87' lang='lat' dir='ltr'><strong>inter</strong></span> <span class='ocrx_word' id='word_1_117' title='bbox 775 1480 830 1523; x_wconf 91' lang='lat' dir='ltr'><strong>eos</strong></span> <span class='ocrx_word' id='word_1_118' title='bbox 852 1460 894 1527; x_wconf 92' lang='lat' dir='ltr'><strong>C.</strong></span> <span class='ocrx_word' id='word_1_119' title='bbox 916 1463 1087 1527; x_wconf 82' lang='lat' dir='ltr'><strong>Antonius.</strong></span> 
     </span>
    </p>

    <p class='ocr_par' dir='ltr' id='par_1_5' title="bbox 84 1550 1429 1902">
     <span class='ocr_line' id='line_1_15' title="bbox 165 1550 1386 1635; baseline -0.002 -19"><span class='ocrx_word' id='word_1_120' title='bbox 165 1553 213 1616; x_wconf 80' lang='lat' dir='ltr'><strong>Te</strong></span> <span class='ocrx_word' id='word_1_121' title='bbox 234 1574 330 1632; x_wconf 82' lang='lat' dir='ltr'><strong>vero,</strong></span> <span class='ocrx_word' id='word_1_122' title='bbox 351 1556 517 1635; x_wconf 82' lang='lat' dir='ltr'><strong>Catilina,</strong></span> <span class='ocrx_word' id='word_1_123' title='bbox 538 1552 755 1618; x_wconf 87' lang='lat' dir='ltr'><strong>consulatum</strong></span> <span class='ocrx_word' id='word_1_124' title='bbox 775 1572 909 1633; x_wconf 85' lang='lat' dir='ltr'><strong>sperare</strong></span> <span class='ocrx_word' id='word_1_125' title='bbox 930 1565 991 1619; x_wconf 88' lang='lat' dir='ltr'><strong>aui</strong></span> <span class='ocrx_word' id='word_1_126' title='bbox 1012 1558 1168 1635; x_wconf 76' lang='lat' dir='ltr'><strong>cogitare</strong></span> <span class='ocrx_word' id='word_1_127' title='bbox 1186 1575 1254 1618; x_wconf 92' lang='lat' dir='ltr'><strong>non</strong></span> <span class='ocrx_word' id='word_1_128' title='bbox 1273 1550 1386 1634; x_wconf 85' lang='lat' dir='ltr'><strong>prodi·</strong></span> 
     </span>
     <span class='ocr_line' id='line_1_16' title="bbox 84 1639 1429 1727; baseline 0.003 -25"><span class='ocrx_word' id='word_1_129' title='bbox 84 1643 183 1722; x_wconf 78' lang='lat' dir='ltr'><strong>gium</strong></span> <span class='ocrx_word' id='word_1_130' title='bbox 212 1650 317 1722; x_wconf 86' lang='lat' dir='ltr'><strong>alque</strong></span> <span class='ocrx_word' id='word_1_131' title='bbox 346 1653 536 1723; x_wconf 81' lang='lat' dir='ltr'><strong>portentum</strong></span> <span class='ocrx_word' id='word_1_132' title='bbox 569 1642 643 1709; x_wconf 78' lang='lat' dir='ltr'><strong>est?</strong></span> <span class='ocrx_word' id='word_1_133' title='bbox 673 1643 699 1704; x_wconf 77' lang='lat' dir='ltr'><strong><em>A</em></strong></span> <span class='ocrx_word' id='word_1_134' title='bbox 725 1639 845 1723; x_wconf 79' lang='lat' dir='ltr'><strong>qat&#39;bus</strong></span> <span class='ocrx_word' id='word_1_135' title='bbox 868 1647 955 1708; x_wconf 86' lang='lat' dir='ltr'><strong>enim</strong></span> <span class='ocrx_word' id='word_1_136' title='bbox 984 1645 1094 1726; x_wconf 75' lang='lat' dir='ltr'><strong>petis?</strong></span> <span class='ocrx_word' id='word_1_137' title='bbox 1127 1643 1152 1710; x_wconf 77' lang='grc'><strong>,1</strong></span> <span class='ocrx_word' id='word_1_138' title='bbox 1180 1640 1387 1727; x_wconf 81' lang='lat' dir='ltr'><strong>principibus</strong></span> <span class='ocrx_word' id='word_1_139' title='bbox 1397 1655 1429 1706; x_wconf 75' lang='lat' dir='ltr'><strong>st</strong></span> 
     </span>
     <span class='ocr_line' id='line_1_17' title="bbox 85 1731 1386 1817; baseline 0.005 -28"><span class='ocrx_word' id='word_1_140' title='bbox 85 1731 345 1817; x_wconf 73' lang='lat' dir='ltr'><strong>civitartsiqui</strong></span> <span class='ocrx_word' id='word_1_141' title='bbox 361 1732 439 1809; x_wconf 78' lang='lat' dir='ltr'><strong>tilii,</strong></span> <span class='ocrx_word' id='word_1_142' title='bbox 460 1752 539 1795; x_wconf 89' lang='lat' dir='ltr'><strong>cum</strong></span> <span class='ocrx_word' id='word_1_143' title='bbox 555 1731 591 1796; x_wconf 82' lang='lat' dir='ltr'><strong>l..</strong></span> <span class='ocrx_word' id='word_1_144' title='bbox 606 1731 762 1794; x_wconf 83' lang='lat' dir='ltr'><strong>Volcatio</strong></span> <span class='ocrx_word' id='word_1_145' title='bbox 785 1751 853 1796; x_wconf 89' lang='lat' dir='ltr'><strong>cos.</strong></span> <span class='ocrx_word' id='word_1_146' title='bbox 875 1735 909 1795; x_wconf 87' lang='lat' dir='ltr'><strong>in</strong></span> <span class='ocrx_word' id='word_1_147' title='bbox 930 1734 1072 1796; x_wconf 85' lang='lat' dir='ltr'><strong>consilio</strong></span> <span class='ocrx_word' id='word_1_148' title='bbox 1086 1732 1254 1812; x_wconf 87' lang='lat' dir='ltr'><strong>fuissent,</strong></span> <span class='ocrx_word' id='word_1_149' title='bbox 1273 1751 1313 1794; x_wconf 91' lang='lat' dir='ltr'><strong>ne</strong></span> <span class='ocrx_word' id='word_1_150' title='bbox 1332 1749 1386 1810; x_wconf 82' lang='lat' dir='ltr'><strong>pe·</strong></span> 
     </span>
     <span class='ocr_line' id='line_1_18' title="bbox 84 1818 844 1902; baseline 0.003 -22"><span class='ocrx_word' id='word_1_151' title='bbox 84 1818 177 1881; x_wconf 86' lang='lat' dir='ltr'><strong>tendi</strong></span> <span class='ocrx_word' id='word_1_152' title='bbox 196 1821 329 1901; x_wconf 85' lang='lat' dir='ltr'><strong>quidem</strong></span> <span class='ocrx_word' id='word_1_153' title='bbox 348 1830 547 1902; x_wconf 87' lang='lat' dir='ltr'><strong>potestatem</strong></span> <span class='ocrx_word' id='word_1_154' title='bbox 567 1841 636 1884; x_wconf 87' lang='lat' dir='ltr'><strong>esse</strong></span> <span class='ocrx_word' id='word_1_155' title='bbox 658 1820 844 1885; x_wconf 86' lang='lat' dir='ltr'><strong>voluerunt.</strong></span> 
     </span>
    </p>

    <p class='ocr_par' dir='ltr' id='par_1_6' title="bbox 82 1909 1429 2177">
     <span class='ocr_line' id='line_1_19' title="bbox 168 1909 1388 1992; baseline -0.002 -19"><span class='ocrx_word' id='word_1_156' title='bbox 168 1909 273 1973; x_wconf 80' lang='lat' dir='ltr'><strong>Paulo</strong></span> <span class='ocrx_word' id='word_1_157' title='bbox 288 1923 360 1972; x_wconf 82' lang='lat' dir='ltr'><strong>ante</strong></span> <span class='ocrx_word' id='word_1_158' title='bbox 386 1910 542 1988; x_wconf 81' lang='lat' dir='ltr'><strong>diximus,</strong></span> <span class='ocrx_word' id='word_1_159' title='bbox 566 1909 754 1987; x_wconf 79' lang='lat' dir='ltr'><strong>Catilinam,</strong></span> <span class='ocrx_word' id='word_1_160' title='bbox 778 1932 848 1973; x_wconf 90' lang='lat' dir='ltr'><strong>cum</strong></span> <span class='ocrx_word' id='word_1_161' title='bbox 864 1912 903 1973; x_wconf 90' lang='lat' dir='ltr'><strong>de</strong></span> <span class='ocrx_word' id='word_1_162' title='bbox 915 1909 1079 1992; x_wconf 78' lang='lat' dir='ltr'><strong>provincia</strong></span> <span class='ocrx_word' id='word_1_163' title='bbox 1095 1909 1204 1974; x_wconf 82' lang='lat' dir='ltr'><strong>Africa</strong></span> <span class='ocrx_word' id='word_1_164' title='bbox 1221 1911 1388 1974; x_wconf 85' lang='lat' dir='ltr'><strong>decederet</strong></span> 
     </span>
     <span class='ocr_line' id='line_1_20' title="bbox 82 1999 1387 2088; baseline 0 -25"><span class='ocrx_word' id='word_1_165' title='bbox 82 1999 239 2082; x_wconf 71' lang='lat' dir='ltr'><strong>petitum</strong></span> <span class='ocrx_word' id='word_1_166' title='bbox 260 2003 453 2066; x_wconf 77' lang='lat' dir='ltr'><strong>consulatum</strong></span> <span class='ocrx_word' id='word_1_167' title='bbox 486 2012 517 2065; x_wconf 89' lang='lat' dir='ltr'><strong>et</strong></span> <span class='ocrx_word' id='word_1_168' title='bbox 545 2001 643 2086; x_wconf 81' lang='lat' dir='ltr'><strong>legati</strong></span> <span class='ocrx_word' id='word_1_169' title='bbox 671 2003 747 2066; x_wconf 83' lang='lat' dir='ltr'><strong>Afri</strong></span> <span class='ocrx_word' id='word_1_170' title='bbox 773 2004 876 2088; x_wconf 85' lang='lat' dir='ltr'><strong>questi</strong></span> <span class='ocrx_word' id='word_1_171' title='bbox 897 2005 935 2067; x_wconf 92' lang='lat' dir='ltr'><strong>de</strong></span> <span class='ocrx_word' id='word_1_172' title='bbox 958 2026 997 2067; x_wconf 90' lang='lat' dir='ltr'><strong>eo</strong></span> <span class='ocrx_word' id='word_1_173' title='bbox 1019 2004 1050 2066; x_wconf 90' lang='lat' dir='ltr'><strong>in</strong></span> <span class='ocrx_word' id='word_1_174' title='bbox 1072 2014 1180 2067; x_wconf 78' lang='lat' dir='ltr'><strong>senatu</strong></span> <span class='ocrx_word' id='word_1_175' title='bbox 1201 2003 1387 2088; x_wconf 70' lang='lat' dir='ltr'><strong>graviterl·</strong></span> 
     </span>
     <span class='ocr_line' id='line_1_21' title="bbox 83 2093 1429 2177; baseline 0.005 -22"><span class='ocrx_word' id='word_1_176' title='bbox 83 2094 322 2176; x_wconf 83' lang='lat' dir='ltr'><strong>pervenissent:</strong></span> <span class='ocrx_word' id='word_1_177' title='bbox 345 2095 508 2176; x_wconf 82' lang='lat' dir='ltr'><strong>professus</strong></span> <span class='ocrx_word' id='word_1_178' title='bbox 530 2096 642 2159; x_wconf 90' lang='lat' dir='ltr'><strong>deinde</strong></span> <span class='ocrx_word' id='word_1_179' title='bbox 664 2106 712 2159; x_wconf 91' lang='lat' dir='ltr'><strong>est</strong></span> <span class='ocrx_word' id='word_1_180' title='bbox 727 2093 879 2168; x_wconf 80' lang='lat' dir='ltr'><strong>Catilina,</strong></span> <span class='ocrx_word' id='word_1_181' title='bbox 902 2107 1012 2177; x_wconf 87' lang='lat' dir='ltr'><strong>petere</strong></span> <span class='ocrx_word' id='word_1_182' title='bbox 1034 2117 1068 2160; x_wconf 88' lang='lat' dir='ltr'><strong>se</strong></span> <span class='ocrx_word' id='word_1_183' title='bbox 1090 2096 1297 2160; x_wconf 79' lang='lat' dir='ltr'><strong>consulatum.</strong></span> <span class='ocrx_word' id='word_1_184' title='bbox 1340 2094 1429 2163; x_wconf 63' lang='lat' dir='ltr'><strong>Lat</strong></span> 
     </span>
    </p>
   </div>
   <div class='ocr_carea' id='block_1_3' title="bbox 79 2224 1489 2820">
    <p class='ocr_par' dir='ltr' id='par_1_7' title="bbox 79 2224 1489 2820">
     <span class='ocr_line' id='line_1_22' title="bbox 83 2224 1386 2298; baseline 0.002 -22"><span class='ocrx_word' id='word_1_185' title='bbox 83 2239 162 2276; x_wconf 85' lang='lat' dir='ltr'><strong>rents</strong></span> <span class='ocrx_word' id='word_1_186' title='bbox 182 2241 240 2289; x_wconf 90' lang='lat' dir='ltr'><strong>est,</strong></span> <span class='ocrx_word' id='word_1_187' title='bbox 260 2231 283 2278; x_wconf 88' lang='lat' dir='ltr'><strong>si</strong></span> <span class='ocrx_word' id='word_1_188' title='bbox 303 2243 358 2278; x_wconf 88' lang='lat' dir='ltr'><strong>non</strong></span> <span class='ocrx_word' id='word_1_189' title='bbox 378 2242 469 2291; x_wconf 86' lang='lat' dir='ltr'><strong>certe,</strong></span> <span class='ocrx_word' id='word_1_190' title='bbox 489 2240 516 2279; x_wconf 90' lang='lat' dir='ltr'><strong>et</strong></span> <span class='ocrx_word' id='word_1_191' title='bbox 535 2224 685 2298; x_wconf 83' lang='lat' dir='ltr'><strong>probabilis</strong></span> <span class='ocrx_word' id='word_1_192' title='bbox 705 2240 806 2277; x_wconf 88' lang='lat' dir='ltr'><strong>temen.</strong></span> <span class='ocrx_word' id='word_1_193' title='bbox 843 2225 957 2278; x_wconf 85' lang='lat' dir='ltr'><strong>Videtur</strong></span> <span class='ocrx_word' id='word_1_194' title='bbox 976 2231 1049 2278; x_wconf 89' lang='lat' dir='ltr'><strong>enim</strong></span> <span class='ocrx_word' id='word_1_195' title='bbox 1064 2227 1162 2278; x_wconf 86' lang='lat' dir='ltr'><strong>Cicero</strong></span> <span class='ocrx_word' id='word_1_196' title='bbox 1176 2231 1214 2279; x_wconf 89' lang='lat' dir='ltr'><strong>ite</strong></span> <span class='ocrx_word' id='word_1_197' title='bbox 1227 2230 1386 2297; x_wconf 85' lang='lat' dir='ltr'><strong>scripsisse:</strong></span> 
     </span>
     <span class='ocr_line' id='line_1_23' title="bbox 83 2297 1387 2368; baseline 0.001 -19"><span class='ocrx_word' id='word_1_198' title='bbox 83 2297 267 2368; x_wconf 78' lang='lat' dir='ltr'><strong>Quamobrem</strong></span> <span class='ocrx_word' id='word_1_199' title='bbox 286 2310 389 2368; x_wconf 74' lang='lat' dir='ltr'><strong>augete</strong></span> <span class='ocrx_word' id='word_1_200' title='bbox 408 2307 492 2352; x_wconf 86' lang='lat' dir='ltr'><strong>etiam</strong></span> <span class='ocrx_word' id='word_1_201' title='bbox 510 2299 676 2364; x_wconf 84' lang='lat' dir='ltr'><strong>mercedem,</strong></span> <span class='ocrx_word' id='word_1_202' title='bbox 695 2304 722 2350; x_wconf 85' lang='lat' dir='ltr'><strong>si</strong></span> <span class='ocrx_word' id='word_1_203' title='bbox 737 2300 839 2366; x_wconf 77' lang='lat' dir='ltr'><strong>visitis,</strong></span> <span class='ocrx_word' id='word_1_204' title='bbox 859 2299 894 2368; x_wconf 82' lang='lat' dir='ltr'><strong>Q.</strong></span> <span class='ocrx_word' id='word_1_205' title='bbox 912 2300 1023 2352; x_wconf 82' lang='lat' dir='ltr'><strong>Mucii!</strong></span> <span class='ocrx_word' id='word_1_206' title='bbox 1041 2300 1205 2353; x_wconf 72' lang='lat' dir='ltr'><strong>perseveret</strong></span> <span class='ocrx_word' id='word_1_207' title='bbox 1222 2300 1312 2368; x_wconf 77' lang='lat' dir='ltr'><strong>legem</strong></span> <span class='ocrx_word' id='word_1_208' title='bbox 1328 2304 1387 2350; x_wconf 86' lang='lat' dir='ltr'><strong>im-</strong></span> 
     </span>
     <span class='ocr_line' id='line_1_24' title="bbox 79 2373 1386 2446; baseline 0.003 -23"><span class='ocrx_word' id='word_1_209' title='bbox 79 2373 197 2444; x_wconf 77' lang='lat' dir='ltr'><strong>pedire,</strong></span> <span class='ocrx_word' id='word_1_210' title='bbox 227 2383 259 2426; x_wconf 88' lang='lat' dir='ltr'><strong>ut</strong></span> <span class='ocrx_word' id='word_1_211' title='bbox 283 2380 373 2446; x_wconf 79' lang='lat' dir='ltr'><strong>coepit</strong></span> <span class='ocrx_word' id='word_1_212' title='bbox 391 2375 694 2444; x_wconf 45' lang='lat' dir='ltr'><strong>renatus0consultum5</strong></span> <span class='ocrx_word' id='word_1_213' title='bbox 723 2390 778 2442; x_wconf 72' lang='lat' dir='ltr'><strong>ego</strong></span> <span class='ocrx_word' id='word_1_214' title='bbox 796 2392 829 2425; x_wconf 85' lang='lat' dir='ltr'><strong>ea</strong></span> <span class='ocrx_word' id='word_1_215' title='bbox 848 2374 909 2442; x_wconf 76' lang='lat' dir='ltr'><strong>lege</strong></span> <span class='ocrx_word' id='word_1_216' title='bbox 928 2389 983 2429; x_wconf 83' lang='lat' dir='ltr'><strong>cet.</strong></span> <span class='ocrx_word' id='word_1_217' title='bbox 1020 2375 1107 2429; x_wconf 84' lang='lat' dir='ltr'><strong>Melut</strong></span> <span class='ocrx_word' id='word_1_218' title='bbox 1127 2374 1294 2434; x_wconf 72' lang='lat' dir='ltr'><strong>mereedemr</strong></span> <span class='ocrx_word' id='word_1_219' title='bbox 1321 2389 1386 2427; x_wconf 88' lang='lat' dir='ltr'><strong>aem</strong></span> 
     </span>
     <span class='ocr_line' id='line_1_25' title="bbox 82 2447 1387 2520; baseline -0.001 -23"><span class='ocrx_word' id='word_1_220' title='bbox 82 2447 222 2500; x_wconf 62' lang='lat' dir='ltr'><strong>mercedes</strong></span> <span class='ocrx_word' id='word_1_221' title='bbox 245 2453 289 2502; x_wconf 81' lang='lat' dir='ltr'><strong>rix</strong></span> <span class='ocrx_word' id='word_1_222' title='bbox 312 2448 441 2503; x_wconf 86' lang='lat' dir='ltr'><strong>dieantur</strong></span> <span class='ocrx_word' id='word_1_223' title='bbox 466 2455 520 2503; x_wconf 86' lang='lat' dir='ltr'><strong>nisi</strong></span> <span class='ocrx_word' id='word_1_224' title='bbox 547 2447 580 2501; x_wconf 91' lang='lat' dir='ltr'><strong>de</strong></span> <span class='ocrx_word' id='word_1_225' title='bbox 605 2447 737 2503; x_wconf 81' lang='lat' dir='ltr'><strong>reditibus</strong></span> <span class='ocrx_word' id='word_1_226' title='bbox 762 2447 881 2520; x_wconf 84' lang='lat' dir='ltr'><strong>plurium</strong></span> <span class='ocrx_word' id='word_1_227' title='bbox 907 2465 1007 2502; x_wconf 89' lang='lat' dir='ltr'><strong>rerum.</strong></span> <span class='ocrx_word' id='word_1_228' title='bbox 1056 2451 1139 2503; x_wconf 84' lang='lat' dir='ltr'><strong>Error</strong></span> <span class='ocrx_word' id='word_1_229' title='bbox 1164 2465 1239 2502; x_wconf 87' lang='lat' dir='ltr'><strong>ortae</strong></span> <span class='ocrx_word' id='word_1_230' title='bbox 1259 2466 1291 2501; x_wconf 81' lang='lat' dir='ltr'><strong>ex</strong></span> <span class='ocrx_word' id='word_1_231' title='bbox 1309 2465 1387 2499; x_wconf 89' lang='lat' dir='ltr'><strong>mer..</strong></span> 
     </span>
     <span class='ocr_line' id='line_1_26' title="bbox 83 2521 1386 2596; baseline 0.001 -21"><span class='ocrx_word' id='word_1_232' title='bbox 83 2521 151 2576; x_wconf 71' lang='lat' dir='ltr'><strong>ude</strong></span> <span class='ocrx_word' id='word_1_233' title='bbox 169 2539 301 2593; x_wconf 87' lang='lat' dir='ltr'><strong>sequente</strong></span> <span class='ocrx_word' id='word_1_234' title='bbox 319 2524 400 2577; x_wconf 86' lang='lat' dir='ltr'><strong>litere</strong></span> <span class='ocrx_word' id='word_1_235' title='bbox 417 2542 441 2578; x_wconf 85' lang='lat' dir='ltr'><strong>e.</strong></span> <span class='ocrx_word' id='word_1_236' title='bbox 459 2525 552 2576; x_wconf 80' lang='lat' dir='ltr'><strong>Mucii</strong></span> <span class='ocrx_word' id='word_1_237' title='bbox 577 2541 611 2576; x_wconf 79' lang='lat' dir='ltr'><strong>ex</strong></span> <span class='ocrx_word' id='word_1_238' title='bbox 634 2523 759 2574; x_wconf 80' lang='lat' dir='ltr'><strong>Mucium</strong></span> <span class='ocrx_word' id='word_1_239' title='bbox 777 2521 866 2581; x_wconf 72' lang='lat' dir='ltr'><strong>isoio:</strong></span> <span class='ocrx_word' id='word_1_240' title='bbox 898 2540 988 2596; x_wconf 86' lang='lat' dir='ltr'><strong>potest</strong></span> <span class='ocrx_word' id='word_1_241' title='bbox 1017 2524 1117 2580; x_wconf 76' lang='lat' dir='ltr'><strong>Mescini</strong></span> <span class='ocrx_word' id='word_1_242' title='bbox 1141 2541 1196 2577; x_wconf 86' lang='lat' dir='ltr'><strong>aaa</strong></span> <span class='ocrx_word' id='word_1_243' title='bbox 1223 2528 1260 2576; x_wconf 89' lang='lat' dir='ltr'><strong>ite</strong></span> <span class='ocrx_word' id='word_1_244' title='bbox 1287 2538 1386 2595; x_wconf 77' lang='lat' dir='ltr'><strong>magno</strong></span> 
     </span>
     <span class='ocr_line' id='line_1_27' title="bbox 82 2596 1387 2664; baseline 0.002 -16"><span class='ocrx_word' id='word_1_245' title='bbox 82 2613 177 2650; x_wconf 88' lang='lat' dir='ltr'><strong>errore</strong></span> <span class='ocrx_word' id='word_1_246' title='bbox 197 2616 228 2651; x_wconf 84' lang='lat' dir='ltr'><strong>es</strong></span> <span class='ocrx_word' id='word_1_247' title='bbox 249 2598 298 2651; x_wconf 87' lang='lat' dir='ltr'><strong>illo</strong></span> <span class='ocrx_word' id='word_1_248' title='bbox 316 2603 398 2659; x_wconf 73' lang='lat' dir='ltr'><strong>oriri:</strong></span> <span class='ocrx_word' id='word_1_249' title='bbox 427 2600 474 2652; x_wconf 87' lang='lat' dir='ltr'><strong>sed</strong></span> <span class='ocrx_word' id='word_1_250' title='bbox 502 2603 614 2652; x_wconf 86' lang='lat' dir='ltr'><strong>omnino</strong></span> <span class='ocrx_word' id='word_1_251' title='bbox 640 2603 669 2651; x_wconf 88' lang='lat' dir='ltr'><strong>tn</strong></span> <span class='ocrx_word' id='word_1_252' title='bbox 696 2599 740 2650; x_wconf 80' lang='lat' dir='ltr'><strong>tus</strong></span> <span class='ocrx_word' id='word_1_253' title='bbox 760 2597 840 2650; x_wconf 82' lang='lat' dir='ltr'><strong>rebus</strong></span> <span class='ocrx_word' id='word_1_254' title='bbox 860 2596 972 2653; x_wconf 81' lang='lat' dir='ltr'><strong>libertes</strong></span> <span class='ocrx_word' id='word_1_255' title='bbox 992 2603 1079 2652; x_wconf 88' lang='lat' dir='ltr'><strong>metor</strong></span> <span class='ocrx_word' id='word_1_256' title='bbox 1098 2615 1138 2653; x_wconf 91' lang='lat' dir='ltr'><strong>est</strong></span> <span class='ocrx_word' id='word_1_257' title='bbox 1159 2605 1187 2652; x_wconf 87' lang='lat' dir='ltr'><strong>tn</strong></span> <span class='ocrx_word' id='word_1_258' title='bbox 1207 2602 1387 2664; x_wconf 79' lang='lat' dir='ltr'><strong>Asconients,</strong></span> 
     </span>
     <span class='ocr_line' id='line_1_28' title="bbox 84 2671 1489 2747; baseline 0.003 -24"><span class='ocrx_word' id='word_1_259' title='bbox 84 2685 166 2740; x_wconf 81' lang='lat' dir='ltr'><strong>quent</strong></span> <span class='ocrx_word' id='word_1_260' title='bbox 187 2677 216 2725; x_wconf 86' lang='lat' dir='ltr'><strong>in</strong></span> <span class='ocrx_word' id='word_1_261' title='bbox 236 2678 269 2726; x_wconf 89' lang='lat' dir='ltr'><strong>tie</strong></span> <span class='ocrx_word' id='word_1_262' title='bbox 288 2678 414 2747; x_wconf 86' lang='lat' dir='ltr'><strong>seriptis,</strong></span> <span class='ocrx_word' id='word_1_263' title='bbox 443 2673 589 2744; x_wconf 83' lang='lat' dir='ltr'><strong>inquibus</strong></span> <span class='ocrx_word' id='word_1_264' title='bbox 609 2674 651 2726; x_wconf 85' lang='lat' dir='ltr'><strong>rel</strong></span> <span class='ocrx_word' id='word_1_265' title='bbox 671 2671 845 2725; x_wconf 82' lang='lat' dir='ltr'><strong>uaueeodee</strong></span> <span class='ocrx_word' id='word_1_266' title='bbox 862 2689 915 2726; x_wconf 85' lang='lat' dir='ltr'><strong>nee</strong></span> <span class='ocrx_word' id='word_1_267' title='bbox 933 2679 972 2728; x_wconf 87' lang='lat' dir='ltr'><strong>ite</strong></span> <span class='ocrx_word' id='word_1_268' title='bbox 989 2674 1078 2728; x_wconf 77' lang='lat' dir='ltr'><strong>bonus</strong></span> <span class='ocrx_word' id='word_1_269' title='bbox 1098 2674 1236 2728; x_wconf 82' lang='lat' dir='ltr'><strong>edhibltue</strong></span> <span class='ocrx_word' id='word_1_270' title='bbox 1256 2687 1310 2737; x_wconf 87' lang='lat' dir='ltr'><strong>est;</strong></span> <span class='ocrx_word' id='word_1_271' title='bbox 1340 2673 1388 2727; x_wconf 81' lang='lat' dir='ltr'><strong>leia</strong></span> <span class='ocrx_word' id='word_1_272' title='bbox 1486 2716 1489 2721; x_wconf 93' lang='lat'><strong>.</strong></span> 
     </span>
     <span class='ocr_line' id='line_1_29' title="bbox 83 2747 900 2820; baseline 0.001 -19"><span class='ocrx_word' id='word_1_273' title='bbox 83 2747 179 2819; x_wconf 66' lang='lat' dir='ltr'><strong>tuggo</strong></span> <span class='ocrx_word' id='word_1_274' title='bbox 199 2763 226 2801; x_wconf 92' lang='lat' dir='ltr'><strong>et</strong></span> <span class='ocrx_word' id='word_1_275' title='bbox 246 2748 414 2819; x_wconf 85' lang='lat' dir='ltr'><strong>reliquorum</strong></span> <span class='ocrx_word' id='word_1_276' title='bbox 433 2764 540 2802; x_wconf 89' lang='lat' dir='ltr'><strong>errores</strong></span> <span class='ocrx_word' id='word_1_277' title='bbox 557 2747 751 2820; x_wconf 64' lang='lat' dir='ltr'><strong>eonigtmusJ’</strong></span> <span class='ocrx_word' id='word_1_278' title='bbox 782 2747 900 2802; x_wconf 77' lang='lat' dir='ltr'><strong>ment.</strong></span> 
     </span>
    </p>
   </div>
   <div class='ocr_carea' id='block_1_4' title="bbox 83 2893 1460 4838">
    <p class='ocr_par' dir='ltr' id='par_1_8' title="bbox 86 2893 1388 3117">
     <span class='ocr_line' id='line_1_30' title="bbox 154 2893 1387 2966; baseline 0.002 -18"><span class='ocrx_word' id='word_1_279' title='bbox 154 2901 160 2911; x_wconf 85' lang='grc'><em>“</em></span> <span class='ocrx_word' id='word_1_280' title='bbox 180 2904 207 2953; x_wconf 86' lang='lat' dir='ltr'><strong>t.</strong></span> <span class='ocrx_word' id='word_1_281' title='bbox 229 2896 407 2966; x_wconf 81' lang='lat' dir='ltr'><strong>Calpurniani</strong></span> <span class='ocrx_word' id='word_1_282' title='bbox 426 2925 444 2940; x_wconf 91' lang='lat'>-</span> <span class='ocrx_word' id='word_1_283' title='bbox 463 2925 482 2940; x_wconf 88' lang='lat'><em>-</em></span> <span class='ocrx_word' id='word_1_284' title='bbox 500 2895 678 2964; x_wconf 78' lang='lat' dir='ltr'><strong>Calpurnius]</strong></span> <span class='ocrx_word' id='word_1_285' title='bbox 709 2893 906 2966; x_wconf 69' lang='lat' dir='ltr'><strong>calphurnium</strong></span> <span class='ocrx_word' id='word_1_286' title='bbox 925 2926 944 2940; x_wconf 92' lang='lat'>-</span> <span class='ocrx_word' id='word_1_287' title='bbox 962 2923 981 2940; x_wconf 87' lang='lat'>-</span> <span class='ocrx_word' id='word_1_288' title='bbox 1007 2895 1191 2966; x_wconf 74' lang='lat' dir='ltr'><strong>Calplsurnt&#39;su</strong></span> <span class='ocrx_word' id='word_1_289' title='bbox 1209 2897 1299 2949; x_wconf 83' lang='lat' dir='ltr'><strong>Priae.</strong></span> <span class='ocrx_word' id='word_1_290' title='bbox 1324 2895 1387 2952; x_wconf 79' lang='lat' dir='ltr'><strong>tid.</strong></span> 
     </span>
     <span class='ocr_line' id='line_1_31' title="bbox 178 2968 1388 3043; baseline 0.002 -22"><span class='ocrx_word' id='word_1_291' title='bbox 178 2972 206 3028; x_wconf 79' lang='grc'><strong>5.</strong></span> <span class='ocrx_word' id='word_1_292' title='bbox 228 2972 408 3039; x_wconf 85' lang='lat' dir='ltr'><strong>Autronium]</strong></span> <span class='ocrx_word' id='word_1_293' title='bbox 448 2968 525 3024; x_wconf 78' lang='lat' dir='ltr'><strong>Men.</strong></span> <span class='ocrx_word' id='word_1_294' title='bbox 544 2970 601 3043; x_wconf 67' lang='lat' dir='ltr'><strong>erg.</strong></span> <span class='ocrx_word' id='word_1_295' title='bbox 620 2971 701 3025; x_wconf 84' lang='lat' dir='ltr'><strong>Creu.</strong></span> <span class='ocrx_word' id='word_1_296' title='bbox 721 2999 755 3015; x_wconf 91' lang='lat'><strong>·-</strong></span> <span class='ocrx_word' id='word_1_297' title='bbox 776 2973 929 3024; x_wconf 85' lang='lat' dir='ltr'><strong>Antonium</strong></span> <span class='ocrx_word' id='word_1_298' title='bbox 947 2972 1041 3025; x_wconf 86' lang='lat' dir='ltr'><strong>Prlnc.</strong></span> <span class='ocrx_word' id='word_1_299' title='bbox 1059 2971 1166 3025; x_wconf 81' lang='lat' dir='ltr'><strong>Bereld.</strong></span> <span class='ocrx_word' id='word_1_300' title='bbox 1187 2970 1250 3026; x_wconf 80' lang='lat' dir='ltr'><strong>sti.</strong></span> <span class='ocrx_word' id='word_1_301' title='bbox 1267 2999 1304 3016; x_wconf 92' lang='lat'>-</span> <span class='ocrx_word' id='word_1_302' title='bbox 1324 2974 1388 3024; x_wconf 82' lang='lat' dir='ltr'><strong>Aa·</strong></span> 
     </span>
     <span class='ocr_line' id='line_1_32' title="bbox 86 3043 484 3117; baseline 0.008 -20"><span class='ocrx_word' id='word_1_303' title='bbox 86 3049 209 3097; x_wconf 83' lang='lat' dir='ltr'><strong>tranium</strong></span> <span class='ocrx_word' id='word_1_304' title='bbox 228 3044 293 3099; x_wconf 84' lang='lat' dir='ltr'><strong>tad.</strong></span> <span class='ocrx_word' id='word_1_305' title='bbox 314 3043 399 3117; x_wconf 76' lang='lat' dir='ltr'><strong>lugd.</strong></span> <span class='ocrx_word' id='word_1_306' title='bbox 418 3045 484 3101; x_wconf 86' lang='lat' dir='ltr'><strong>ilat.</strong></span> 
     </span>
    </p>

    <p class='ocr_par' dir='ltr' id='par_1_9' title="bbox 162 3116 932 3190">
     <span class='ocr_line' id='line_1_33' title="bbox 162 3116 932 3190; baseline 0 -16"><span class='ocrx_word' id='word_1_307' title='bbox 162 3118 233 3174; x_wconf 82' lang='lat' dir='ltr'><strong>lbid.</strong></span> <span class='ocrx_word' id='word_1_308' title='bbox 252 3119 285 3170; x_wconf 87' lang='lat' dir='ltr'><strong>de</strong></span> <span class='ocrx_word' id='word_1_309' title='bbox 303 3121 400 3190; x_wconf 80' lang='lat' dir='ltr'><strong>quibus</strong></span> <span class='ocrx_word' id='word_1_310' title='bbox 417 3124 474 3171; x_wconf 85' lang='lat' dir='ltr'><strong>iarn</strong></span> <span class='ocrx_word' id='word_1_311' title='bbox 492 3116 627 3188; x_wconf 70' lang='lat' dir='ltr'><strong>diximus]</strong></span> <span class='ocrx_word' id='word_1_312' title='bbox 655 3116 718 3172; x_wconf 83' lang='lat' dir='ltr'><strong>vid.</strong></span> <span class='ocrx_word' id='word_1_313' title='bbox 738 3136 764 3189; x_wconf 85' lang='lat' dir='ltr'><strong>p.</strong></span> <span class='ocrx_word' id='word_1_314' title='bbox 785 3117 848 3177; x_wconf 72' lang='grc'><strong>101·</strong></span> <span class='ocrx_word' id='word_1_315' title='bbox 867 3119 932 3174; x_wconf 79' lang='lat' dir='ltr'><strong>ilat.</strong></span> 
     </span>
    </p>

    <p class='ocr_par' dir='ltr' id='par_1_10' title="bbox 176 3191 957 3264">
     <span class='ocr_line' id='line_1_34' title="bbox 176 3191 957 3264; baseline 0.004 -19"><span class='ocrx_word' id='word_1_316' title='bbox 176 3197 207 3252; x_wconf 89' lang='lat'><strong>9.</strong></span> <span class='ocrx_word' id='word_1_317' title='bbox 228 3193 375 3262; x_wconf 71' lang='lat' dir='ltr'><strong>Achaiam]</strong></span> <span class='ocrx_word' id='word_1_318' title='bbox 405 3191 511 3247; x_wconf 77' lang='lat' dir='ltr'><strong>Beseld.</strong></span> <span class='ocrx_word' id='word_1_319' title='bbox 531 3209 557 3247; x_wconf 93' lang='lat' dir='ltr'><strong>et</strong></span> <span class='ocrx_word' id='word_1_320' title='bbox 577 3211 653 3264; x_wconf 87' lang='lat' dir='ltr'><strong>seqq.</strong></span> <span class='ocrx_word' id='word_1_321' title='bbox 671 3220 709 3237; x_wconf 91' lang='lat'><strong>·-</strong></span> <span class='ocrx_word' id='word_1_322' title='bbox 727 3198 846 3245; x_wconf 82' lang='lat' dir='ltr'><strong>eemieae</strong></span> <span class='ocrx_word' id='word_1_323' title='bbox 865 3195 957 3248; x_wconf 85' lang='lat' dir='ltr'><strong>Prtne.</strong></span> 
     </span>
    </p>

    <p class='ocr_par' dir='ltr' id='par_1_11' title="bbox 86 3266 1388 3416">
     <span class='ocr_line' id='line_1_35' title="bbox 161 3266 1388 3344; baseline 0.002 -21"><span class='ocrx_word' id='word_1_324' title='bbox 161 3278 204 3326; x_wconf 85' lang='grc'><strong>10.</strong></span> <span class='ocrx_word' id='word_1_325' title='bbox 222 3267 458 3341; x_wconf 71' lang='lat' dir='ltr'><strong>significavimus]</strong></span> <span class='ocrx_word' id='word_1_326' title='bbox 494 3266 581 3340; x_wconf 64' lang='lat' dir='ltr'><strong>Lugii.</strong></span> <span class='ocrx_word' id='word_1_327' title='bbox 600 3267 665 3322; x_wconf 75' lang='lat' dir='ltr'><strong>ttae</strong></span> <span class='ocrx_word' id='word_1_328' title='bbox 685 3267 762 3322; x_wconf 71' lang='lat' dir='ltr'><strong>Mes.</strong></span> <span class='ocrx_word' id='word_1_329' title='bbox 781 3270 862 3322; x_wconf 84' lang='lat' dir='ltr'><strong>Creu.</strong></span> <span class='ocrx_word' id='word_1_330' title='bbox 880 3296 918 3311; x_wconf 91' lang='lat'>-</span> <span class='ocrx_word' id='word_1_331' title='bbox 935 3266 1129 3343; x_wconf 65' lang='lat' dir='ltr'><strong>significemus</strong></span> <span class='ocrx_word' id='word_1_332' title='bbox 1146 3274 1261 3344; x_wconf 80' lang='lat' dir='ltr'><strong>priores.</strong></span> <span class='ocrx_word' id='word_1_333' title='bbox 1297 3269 1340 3324; x_wconf 80' lang='lat' dir='ltr'><strong>De</strong></span> <span class='ocrx_word' id='word_1_334' title='bbox 1359 3287 1388 3325; x_wconf 82' lang='lat' dir='ltr'><strong>se</strong></span> 
     </span>
     <span class='ocr_line' id='line_1_36' title="bbox 86 3341 1065 3416; baseline 0.001 -18"><span class='ocrx_word' id='word_1_335' title='bbox 86 3341 158 3398; x_wconf 80' lang='lat' dir='ltr'><strong>coni.</strong></span> <span class='ocrx_word' id='word_1_336' title='bbox 176 3357 237 3416; x_wconf 68' lang='lat' dir='ltr'><strong>pag.</strong></span> <span class='ocrx_word' id='word_1_337' title='bbox 258 3353 320 3400; x_wconf 83' lang='lat' dir='ltr'><strong>tto.</strong></span> <span class='ocrx_word' id='word_1_338' title='bbox 339 3361 394 3414; x_wconf 90' lang='lat' dir='ltr'><strong>seq.</strong></span> <span class='ocrx_word' id='word_1_339' title='bbox 416 3345 479 3396; x_wconf 86' lang='lat' dir='ltr'><strong>llos.</strong></span> <span class='ocrx_word' id='word_1_340' title='bbox 754 3347 798 3402; x_wconf 76' lang='grc'><strong>15.</strong></span> <span class='ocrx_word' id='word_1_341' title='bbox 817 3345 875 3411; x_wconf 87' lang='lat' dir='ltr'><strong>eae]</strong></span> <span class='ocrx_word' id='word_1_342' title='bbox 895 3361 950 3398; x_wconf 87' lang='lat' dir='ltr'><strong>eae.</strong></span> <span class='ocrx_word' id='word_1_343' title='bbox 969 3345 1065 3399; x_wconf 84' lang='lat' dir='ltr'><strong>Prine.</strong></span> 
     </span>
    </p>

    <p class='ocr_par' dir='ltr' id='par_1_12' title="bbox 83 3414 1388 3788">
     <span class='ocr_line' id='line_1_37' title="bbox 161 3414 1387 3493; baseline 0.002 -24"><span class='ocrx_word' id='word_1_344' title='bbox 161 3423 207 3475; x_wconf 73' lang='lat'><strong>15.</strong></span> <span class='ocrx_word' id='word_1_345' title='bbox 226 3420 255 3469; x_wconf 86' lang='lat' dir='ltr'><em>A</em></span> <span class='ocrx_word' id='word_1_346' title='bbox 272 3418 381 3491; x_wconf 78' lang='lat' dir='ltr'><strong>quitus]</strong></span> <span class='ocrx_word' id='word_1_347' title='bbox 412 3415 496 3489; x_wconf 71' lang='lat' dir='ltr'><strong>Lugd.</strong></span> <span class='ocrx_word' id='word_1_348' title='bbox 516 3416 581 3471; x_wconf 81' lang='lat' dir='ltr'><strong>Hot.</strong></span> <span class='ocrx_word' id='word_1_349' title='bbox 601 3417 676 3469; x_wconf 77' lang='lat' dir='ltr'><strong>tien.</strong></span> <span class='ocrx_word' id='word_1_350' title='bbox 695 3414 777 3469; x_wconf 87' lang='lat' dir='ltr'><strong>Creu.</strong></span> <span class='ocrx_word' id='word_1_351' title='bbox 793 3444 828 3459; x_wconf 90' lang='lat'>-</span> <span class='ocrx_word' id='word_1_352' title='bbox 841 3421 985 3487; x_wconf 73' lang='lat' dir='ltr'><strong>exquibus</strong></span> <span class='ocrx_word' id='word_1_353' title='bbox 997 3423 1180 3490; x_wconf 77' lang='lat' dir='ltr'><strong>antiquiores:</strong></span> <span class='ocrx_word' id='word_1_354' title='bbox 1199 3435 1265 3493; x_wconf 86' lang='lat' dir='ltr'><strong>ques</strong></span> <span class='ocrx_word' id='word_1_355' title='bbox 1278 3435 1387 3473; x_wconf 70' lang='lat' dir='ltr'><strong>mutus</strong></span> 
     </span>
     <span class='ocr_line' id='line_1_38' title="bbox 86 3489 1388 3567; baseline 0.001 -21"><span class='ocrx_word' id='word_1_356' title='bbox 86 3508 191 3555; x_wconf 78' lang='lat' dir='ltr'><strong>suem,</strong></span> <span class='ocrx_word' id='word_1_357' title='bbox 210 3496 264 3545; x_wconf 85' lang='lat' dir='ltr'><strong>nisi</strong></span> <span class='ocrx_word' id='word_1_358' title='bbox 284 3510 348 3545; x_wconf 83' lang='lat' dir='ltr'><strong>mox</strong></span> <span class='ocrx_word' id='word_1_359' title='bbox 366 3494 499 3566; x_wconf 70' lang='lat' dir='ltr'><strong>legeretur</strong></span> <span class='ocrx_word' id='word_1_360' title='bbox 519 3493 547 3541; x_wconf 82' lang='lat' dir='ltr'><em>A</em></span> <span class='ocrx_word' id='word_1_361' title='bbox 555 3489 744 3562; x_wconf 73' lang='lat' dir='ltr'><strong>principibus?</strong></span> <span class='ocrx_word' id='word_1_362' title='bbox 762 3507 789 3545; x_wconf 92' lang='lat' dir='ltr'><strong>et</strong></span> <span class='ocrx_word' id='word_1_363' title='bbox 803 3496 832 3544; x_wconf 88' lang='lat' dir='ltr'><strong>ln</strong></span> <span class='ocrx_word' id='word_1_364' title='bbox 846 3498 970 3563; x_wconf 80' lang='lat' dir='ltr'><strong>proximo</strong></span> <span class='ocrx_word' id='word_1_365' title='bbox 984 3493 1139 3567; x_wconf 69' lang='lat' dir='ltr'><strong>{tegmento</strong></span> <span class='ocrx_word' id='word_1_366' title='bbox 1155 3499 1180 3546; x_wconf 83' lang='lat' dir='ltr'><em>A</em></span> <span class='ocrx_word' id='word_1_367' title='bbox 1191 3494 1388 3548; x_wconf 77' lang='lat' dir='ltr'><strong>senatoribus?</strong></span> 
     </span>
     <span class='ocr_line' id='line_1_39' title="bbox 86 3563 1388 3640; baseline -0.001 -17"><span class='ocrx_word' id='word_1_368' title='bbox 86 3568 156 3623; x_wconf 78' lang='lat' dir='ltr'><strong>tien</strong></span> <span class='ocrx_word' id='word_1_369' title='bbox 176 3567 279 3622; x_wconf 83' lang='lat' dir='ltr'><strong>lacutlo</strong></span> <span class='ocrx_word' id='word_1_370' title='bbox 296 3576 391 3640; x_wconf 76' lang='lat' dir='ltr'><strong>petere</strong></span> <span class='ocrx_word' id='word_1_371' title='bbox 409 3586 445 3618; x_wconf 74' lang='lat' dir='ltr'><strong>ex</strong></span> <span class='ocrx_word' id='word_1_372' title='bbox 463 3566 555 3637; x_wconf 83' lang='lat' dir='ltr'><strong>aliqua</strong></span> <span class='ocrx_word' id='word_1_373' title='bbox 574 3564 698 3636; x_wconf 73' lang='lat' dir='ltr'><strong>legitime</strong></span> <span class='ocrx_word' id='word_1_374' title='bbox 716 3563 831 3620; x_wconf 82' lang='lat' dir='ltr'><strong>ridetur.</strong></span> <span class='ocrx_word' id='word_1_375' title='bbox 881 3566 983 3622; x_wconf 72' lang='lat' dir='ltr'><strong>sutem</strong></span> <span class='ocrx_word' id='word_1_376' title='bbox 1002 3586 1084 3623; x_wconf 86' lang='lat' dir='ltr'><strong>nemo</strong></span> <span class='ocrx_word' id='word_1_377' title='bbox 1102 3585 1162 3623; x_wconf 85' lang='lat' dir='ltr'><strong>eem</strong></span> <span class='ocrx_word' id='word_1_378' title='bbox 1182 3575 1297 3625; x_wconf 80' lang='lat' dir='ltr'><strong>tentetis</strong></span> <span class='ocrx_word' id='word_1_379' title='bbox 1317 3567 1388 3622; x_wconf 87' lang='lat' dir='ltr'><strong>inire</strong></span> 
     </span>
     <span class='ocr_line' id='line_1_40' title="bbox 86 3640 1388 3716; baseline -0.004 -16"><span class='ocrx_word' id='word_1_380' title='bbox 86 3659 112 3716; x_wconf 72' lang='lat' dir='ltr'><strong>p.</strong></span> <span class='ocrx_word' id='word_1_381' title='bbox 141 3646 206 3700; x_wconf 83' lang='grc'><strong>117.</strong></span> <span class='ocrx_word' id='word_1_382' title='bbox 231 3641 298 3696; x_wconf 86' lang='lat' dir='ltr'><strong>llot.</strong></span> <span class='ocrx_word' id='word_1_383' title='bbox 326 3647 354 3695; x_wconf 93' lang='lat' dir='ltr'><strong>tn</strong></span> <span class='ocrx_word' id='word_1_384' title='bbox 383 3642 472 3695; x_wconf 81' lang='lat' dir='ltr'><strong>uerbis</strong></span> <span class='ocrx_word' id='word_1_385' title='bbox 498 3643 653 3694; x_wconf 81' lang='lat' dir='ltr'><strong>Ciceroatsr</strong></span> <span class='ocrx_word' id='word_1_386' title='bbox 687 3644 733 3691; x_wconf 79' lang='lat' dir='ltr'><strong>Ars</strong></span> <span class='ocrx_word' id='word_1_387' title='bbox 758 3640 861 3693; x_wconf 77' lang='lat' dir='ltr'><strong>obiitus</strong></span> <span class='ocrx_word' id='word_1_388' title='bbox 883 3659 928 3710; x_wconf 88' lang='lat' dir='ltr'><strong>es,</strong></span> <span class='ocrx_word' id='word_1_389' title='bbox 954 3652 983 3697; x_wconf 87' lang='lat' dir='ltr'><strong>te</strong></span> <span class='ocrx_word' id='word_1_390' title='bbox 1007 3663 1043 3698; x_wconf 73' lang='lat' dir='ltr'><strong>ea</strong></span> <span class='ocrx_word' id='word_1_391' title='bbox 1061 3663 1119 3712; x_wconf 86' lang='lat' dir='ltr'><strong>nte,</strong></span> <span class='ocrx_word' id='word_1_392' title='bbox 1147 3662 1208 3698; x_wconf 80' lang='lat' dir='ltr'><strong>eune</strong></span> <span class='ocrx_word' id='word_1_393' title='bbox 1223 3652 1388 3716; x_wconf 71' lang='lat' dir='ltr'><strong>pmruran</strong></span> 
     </span>
     <span class='ocr_line' id='line_1_41' title="bbox 83 3713 865 3788; baseline 0.004 -20"><span class='ocrx_word' id='word_1_394' title='bbox 83 3725 254 3788; x_wconf 74' lang='lat' dir='ltr'><strong>peteremus,</strong></span> <span class='ocrx_word' id='word_1_395' title='bbox 276 3723 381 3788; x_wconf 74' lang='lat' dir='ltr'><strong>petisse</strong></span> <span class='ocrx_word' id='word_1_396' title='bbox 399 3725 430 3768; x_wconf 86' lang='lat' dir='ltr'><strong>ut</strong></span> <span class='ocrx_word' id='word_1_397' title='bbox 448 3731 501 3769; x_wconf 88' lang='lat' dir='ltr'><strong>cet.</strong></span> <span class='ocrx_word' id='word_1_398' title='bbox 539 3714 646 3767; x_wconf 83' lang='lat' dir='ltr'><strong>Leetals</strong></span> <span class='ocrx_word' id='word_1_399' title='bbox 667 3730 760 3769; x_wconf 81' lang='lat' dir='ltr'><strong>temen</strong></span> <span class='ocrx_word' id='word_1_400' title='bbox 778 3713 865 3771; x_wconf 80' lang='lat' dir='ltr'><strong>deest.</strong></span> 
     </span>
    </p>

    <p class='ocr_par' dir='ltr' id='par_1_13' title="bbox 160 3789 1250 3866">
     <span class='ocr_line' id='line_1_42' title="bbox 160 3789 1250 3866; baseline 0.001 -21"><span class='ocrx_word' id='word_1_401' title='bbox 160 3789 231 3845; x_wconf 82' lang='lat' dir='ltr'><strong>ibid.</strong></span> <span class='ocrx_word' id='word_1_402' title='bbox 253 3796 280 3843; x_wconf 83' lang='lat' dir='ltr'><em>A</em></span> <span class='ocrx_word' id='word_1_403' title='bbox 295 3791 481 3864; x_wconf 71' lang='lat' dir='ltr'><strong>principibus]</strong></span> <span class='ocrx_word' id='word_1_404' title='bbox 497 3790 668 3859; x_wconf 77' lang='lat' dir='ltr'><strong>principibus</strong></span> <span class='ocrx_word' id='word_1_405' title='bbox 684 3793 799 3856; x_wconf 75' lang='lat' dir='ltr'><strong>(outae</strong></span> <span class='ocrx_word' id='word_1_406' title='bbox 818 3791 1033 3866; x_wconf 81' lang='lat' dir='ltr'><strong>praepositione)</strong></span> <span class='ocrx_word' id='word_1_407' title='bbox 1051 3794 1133 3848; x_wconf 87' lang='lat' dir='ltr'><strong>Creu.</strong></span> <span class='ocrx_word' id='word_1_408' title='bbox 1151 3793 1250 3847; x_wconf 84' lang='lat' dir='ltr'><strong>Greer.</strong></span> 
     </span>
    </p>

    <p class='ocr_par' dir='ltr' id='par_1_14' title="bbox 86 3863 1460 4312">
     <span class='ocr_line' id='line_1_43' title="bbox 160 3863 1389 3941; baseline 0.002 -24"><span class='ocrx_word' id='word_1_409' title='bbox 160 3868 205 3923; x_wconf 73' lang='lat'><strong>16.</strong></span> <span class='ocrx_word' id='word_1_410' title='bbox 224 3883 284 3917; x_wconf 86' lang='lat' dir='ltr'><strong>eum</strong></span> <span class='ocrx_word' id='word_1_411' title='bbox 303 3867 334 3920; x_wconf 86' lang='lat' dir='ltr'><strong>l..</strong></span> <span class='ocrx_word' id='word_1_412' title='bbox 353 3867 487 3919; x_wconf 76' lang='lat' dir='ltr'><strong>Volcatio</strong></span> <span class='ocrx_word' id='word_1_413' title='bbox 505 3882 562 3919; x_wconf 87' lang='lat' dir='ltr'><strong>eos.</strong></span> <span class='ocrx_word' id='word_1_414' title='bbox 580 3869 610 3916; x_wconf 88' lang='lat' dir='ltr'><strong>in</strong></span> <span class='ocrx_word' id='word_1_415' title='bbox 627 3865 743 3916; x_wconf 84' lang='lat' dir='ltr'><strong>consilia</strong></span> <span class='ocrx_word' id='word_1_416' title='bbox 753 3863 898 3937; x_wconf 73' lang='lat' dir='ltr'><strong>jecissent]</strong></span> <span class='ocrx_word' id='word_1_417' title='bbox 926 3867 1092 3941; x_wconf 70' lang='lat' dir='ltr'><strong>ldedtigtue.</strong></span> <span class='ocrx_word' id='word_1_418' title='bbox 1122 3896 1153 3911; x_wconf 90' lang='lat'>-</span> <span class='ocrx_word' id='word_1_419' title='bbox 1179 3885 1241 3920; x_wconf 80' lang='lat' dir='ltr'><strong>certe</strong></span> <span class='ocrx_word' id='word_1_420' title='bbox 1259 3865 1292 3920; x_wconf 69' lang='grc' dir='ltr'><strong>Ι..</strong></span> <span class='ocrx_word' id='word_1_421' title='bbox 1311 3865 1389 3920; x_wconf 75' lang='lat' dir='ltr'><strong>Vot-</strong></span> 
     </span>
     <span class='ocr_line' id='line_1_44' title="bbox 86 3939 1388 4015; baseline 0 -21"><span class='ocrx_word' id='word_1_422' title='bbox 86 3945 177 3994; x_wconf 85' lang='lat' dir='ltr'><strong>eettes</strong></span> <span class='ocrx_word' id='word_1_423' title='bbox 193 3958 249 3993; x_wconf 81' lang='lat' dir='ltr'><strong>cas.</strong></span> <span class='ocrx_word' id='word_1_424' title='bbox 269 3945 299 3992; x_wconf 89' lang='lat' dir='ltr'><strong>in</strong></span> <span class='ocrx_word' id='word_1_425' title='bbox 317 3943 433 3993; x_wconf 75' lang='lat' dir='ltr'><strong>tumido</strong></span> <span class='ocrx_word' id='word_1_426' title='bbox 443 3939 555 4010; x_wconf 68' lang='lat' dir='ltr'><strong>seusei</strong></span> <span class='ocrx_word' id='word_1_427' title='bbox 573 3942 667 3992; x_wconf 77' lang='lat' dir='ltr'><strong>ceteri.</strong></span> <span class='ocrx_word' id='word_1_428' title='bbox 703 3940 801 4009; x_wconf 82' lang='lat' dir='ltr'><strong>,lisso</strong></span> <span class='ocrx_word' id='word_1_429' title='bbox 818 3940 890 3995; x_wconf 85' lang='lat' dir='ltr'><strong>nihil</strong></span> <span class='ocrx_word' id='word_1_430' title='bbox 906 3941 980 3995; x_wconf 85' lang='lat' dir='ltr'><strong>eliud</strong></span> <span class='ocrx_word' id='word_1_431' title='bbox 993 3942 1145 4015; x_wconf 66' lang='lat' dir='ltr'><strong>significere</strong></span> <span class='ocrx_word' id='word_1_432' title='bbox 1158 3956 1288 4014; x_wconf 86' lang='lat' dir='ltr'><strong>pessunt,</strong></span> <span class='ocrx_word' id='word_1_433' title='bbox 1305 3957 1388 4011; x_wconf 59' lang='lat' dir='ltr'><strong>meta</strong></span> 
     </span>
     <span class='ocr_line' id='line_1_45' title="bbox 87 4004 1460 4090; baseline -0.001 -21"><span class='ocrx_word' id='word_1_434' title='bbox 87 4020 224 4090; x_wconf 74' lang='lat' dir='ltr'><strong>principes</strong></span> <span class='ocrx_word' id='word_1_435' title='bbox 244 4016 390 4069; x_wconf 85' lang='lat' dir='ltr'><strong>consilium</strong></span> <span class='ocrx_word' id='word_1_436' title='bbox 410 4015 537 4068; x_wconf 77' lang='lat' dir='ltr'><strong>hebetus</strong></span> <span class='ocrx_word' id='word_1_437' title='bbox 556 4028 584 4066; x_wconf 92' lang='lat' dir='ltr'><strong>et</strong></span> <span class='ocrx_word' id='word_1_438' title='bbox 603 4012 758 4066; x_wconf 81' lang='lat' dir='ltr'><strong>Volcatium</strong></span> <span class='ocrx_word' id='word_1_439' title='bbox 778 4015 918 4069; x_wconf 84' lang='lat' dir='ltr'><strong>consulem</strong></span> <span class='ocrx_word' id='word_1_440' title='bbox 944 4016 1117 4079; x_wconf 68' lang='lat' dir='ltr'><strong>sdhthutrm</strong></span> <span class='ocrx_word' id='word_1_441' title='bbox 1144 4033 1186 4070; x_wconf 90' lang='lat' dir='ltr'><strong>res</strong></span> <span class='ocrx_word' id='word_1_442' title='bbox 1212 4032 1302 4070; x_wconf 85' lang='lat' dir='ltr'><strong>eutero</strong></span> <span class='ocrx_word' id='word_1_443' title='bbox 1328 4004 1388 4089; x_wconf 66' lang='lat' dir='ltr'><strong>ipse</strong></span> <span class='ocrx_word' id='word_1_444' title='bbox 1455 4052 1460 4063; x_wconf 81' lang='lat'><strong>.</strong></span> 
     </span>
     <span class='ocr_line' id='line_1_46' title="bbox 87 4087 1388 4164; baseline 0 -21"><span class='ocrx_word' id='word_1_445' title='bbox 87 4106 149 4143; x_wconf 87' lang='lat' dir='ltr'><strong>eum</strong></span> <span class='ocrx_word' id='word_1_446' title='bbox 170 4093 283 4143; x_wconf 73' lang='lat' dir='ltr'><strong>asconii</strong></span> <span class='ocrx_word' id='word_1_447' title='bbox 303 4095 469 4143; x_wconf 84' lang='lat' dir='ltr'><strong>suctoritete</strong></span> <span class='ocrx_word' id='word_1_448' title='bbox 493 4089 594 4141; x_wconf 83' lang='lat' dir='ltr'><strong>etentes</strong></span> <span class='ocrx_word' id='word_1_449' title='bbox 613 4087 768 4147; x_wconf 73' lang='lat' dir='ltr'><strong>intestinas</strong></span> <span class='ocrx_word' id='word_1_450' title='bbox 791 4089 938 4144; x_wconf 80' lang='lat' dir='ltr'><strong>eonsilium</strong></span> <span class='ocrx_word' id='word_1_451' title='bbox 957 4090 1085 4146; x_wconf 78' lang='lat' dir='ltr'><strong>bebuisee</strong></span> <span class='ocrx_word' id='word_1_452' title='bbox 1104 4107 1131 4147; x_wconf 88' lang='lat' dir='ltr'><strong>et</strong></span> <span class='ocrx_word' id='word_1_453' title='bbox 1150 4095 1178 4144; x_wconf 85' lang='lat' dir='ltr'><strong>in</strong></span> <span class='ocrx_word' id='word_1_454' title='bbox 1202 4092 1230 4147; x_wconf 91' lang='lat' dir='ltr'><strong>id</strong></span> <span class='ocrx_word' id='word_1_455' title='bbox 1251 4095 1388 4164; x_wconf 80' lang='lat' dir='ltr'><strong>principes</strong></span> 
     </span>
     <span class='ocr_line' id='line_1_47' title="bbox 86 4161 1389 4237; baseline -0.002 -16"><span class='ocrx_word' id='word_1_456' title='bbox 86 4170 206 4222; x_wconf 81' lang='lat' dir='ltr'><strong>sitiretis</strong></span> <span class='ocrx_word' id='word_1_457' title='bbox 226 4163 397 4226; x_wconf 78' lang='lat' dir='ltr'><strong>edtttbuisset</strong></span> <span class='ocrx_word' id='word_1_458' title='bbox 416 4167 570 4218; x_wconf 77' lang='lat' dir='ltr'><strong>necessario</strong></span> <span class='ocrx_word' id='word_1_459' title='bbox 584 4166 667 4235; x_wconf 71' lang='lat' dir='ltr'><strong>igitur</strong></span> <span class='ocrx_word' id='word_1_460' title='bbox 679 4161 854 4218; x_wconf 81' lang='lat' dir='ltr'><strong>scribendum</strong></span> <span class='ocrx_word' id='word_1_461' title='bbox 872 4182 928 4219; x_wconf 79' lang='lat' dir='ltr'><strong>ests</strong></span> <span class='ocrx_word' id='word_1_462' title='bbox 948 4165 980 4221; x_wconf 88' lang='lat' dir='ltr'><strong>l..</strong></span> <span class='ocrx_word' id='word_1_463' title='bbox 1000 4167 1133 4222; x_wconf 84' lang='lat' dir='ltr'><strong>Voleatie</strong></span> <span class='ocrx_word' id='word_1_464' title='bbox 1151 4184 1207 4222; x_wconf 83' lang='lat' dir='ltr'><strong>eas.</strong></span> <span class='ocrx_word' id='word_1_465' title='bbox 1224 4173 1256 4220; x_wconf 87' lang='lat' dir='ltr'><strong>tn</strong></span> <span class='ocrx_word' id='word_1_466' title='bbox 1273 4183 1297 4220; x_wconf 91' lang='lat' dir='ltr'><strong>e.</strong></span> <span class='ocrx_word' id='word_1_467' title='bbox 1307 4164 1389 4237; x_wconf 84' lang='lat' dir='ltr'><strong>fuis-</strong></span> 
     </span>
     <span class='ocr_line' id='line_1_48' title="bbox 87 4240 1195 4312; baseline -0.002 -16"><span class='ocrx_word' id='word_1_468' title='bbox 87 4253 162 4305; x_wconf 84' lang='lat' dir='ltr'><strong>sent,</strong></span> <span class='ocrx_word' id='word_1_469' title='bbox 183 4257 270 4312; x_wconf 87' lang='lat' dir='ltr'><strong>neque</strong></span> <span class='ocrx_word' id='word_1_470' title='bbox 288 4244 318 4292; x_wconf 86' lang='lat' dir='ltr'><strong>tu</strong></span> <span class='ocrx_word' id='word_1_471' title='bbox 337 4258 367 4294; x_wconf 89' lang='lat' dir='ltr'><strong>re</strong></span> <span class='ocrx_word' id='word_1_472' title='bbox 387 4244 539 4293; x_wconf 79' lang='lat' dir='ltr'><strong>certissime</strong></span> <span class='ocrx_word' id='word_1_473' title='bbox 559 4241 721 4292; x_wconf 80' lang='lat' dir='ltr'><strong>temeritatis</strong></span> <span class='ocrx_word' id='word_1_474' title='bbox 739 4243 845 4293; x_wconf 84' lang='lat' dir='ltr'><strong>crimen</strong></span> <span class='ocrx_word' id='word_1_475' title='bbox 865 4240 1046 4296; x_wconf 81' lang='lat' dir='ltr'><strong>timendum.”</strong></span> <span class='ocrx_word' id='word_1_476' title='bbox 1078 4242 1195 4296; x_wconf 76' lang='lat' dir='ltr'><strong>itaut.</strong></span> 
     </span>
    </p>

    <p class='ocr_par' dir='ltr' id='par_1_15' title="bbox 86 4312 1392 4838">
     <span class='ocr_line' id='line_1_49' title="bbox 155 4312 1388 4385; baseline 0.004 -21"><span class='ocrx_word' id='word_1_477' title='bbox 155 4320 200 4372; x_wconf 83' lang='grc' dir='ltr'><strong>2ο.</strong></span> <span class='ocrx_word' id='word_1_478' title='bbox 219 4319 248 4364; x_wconf 88' lang='lat' dir='ltr'><strong>irs</strong></span> <span class='ocrx_word' id='word_1_479' title='bbox 266 4323 364 4366; x_wconf 84' lang='lat' dir='ltr'><strong>senatu</strong></span> <span class='ocrx_word' id='word_1_480' title='bbox 383 4318 515 4383; x_wconf 76' lang='lat' dir='ltr'><strong>graviter</strong></span> <span class='ocrx_word' id='word_1_481' title='bbox 536 4318 745 4385; x_wconf 77' lang='lat' dir='ltr'><strong>pervertissent:</strong></span> <span class='ocrx_word' id='word_1_482' title='bbox 772 4312 922 4384; x_wconf 78' lang='lat' dir='ltr'><strong>prafeerm</strong></span> <span class='ocrx_word' id='word_1_483' title='bbox 940 4316 1037 4369; x_wconf 82' lang='lat' dir='ltr'><strong>deinde</strong></span> <span class='ocrx_word' id='word_1_484' title='bbox 1056 4325 1098 4369; x_wconf 84' lang='lat' dir='ltr'><strong>est</strong></span> <span class='ocrx_word' id='word_1_485' title='bbox 1115 4316 1251 4385; x_wconf 83' lang='lat' dir='ltr'><strong>Catilina]</strong></span> <span class='ocrx_word' id='word_1_486' title='bbox 1284 4314 1388 4369; x_wconf 70' lang='lat' dir='ltr'><strong>Lucum</strong></span> 
     </span>
     <span class='ocr_line' id='line_1_50' title="bbox 86 4387 1390 4463; baseline 0.004 -23"><span class='ocrx_word' id='word_1_487' title='bbox 86 4402 245 4461; x_wconf 77' lang='lat' dir='ltr'><strong>coemptum</strong></span> <span class='ocrx_word' id='word_1_488' title='bbox 273 4399 301 4444; x_wconf 87' lang='lat' dir='ltr'><strong>et</strong></span> <span class='ocrx_word' id='word_1_489' title='bbox 325 4405 454 4442; x_wconf 87' lang='lat' dir='ltr'><strong>meneum</strong></span> <span class='ocrx_word' id='word_1_490' title='bbox 478 4393 518 4442; x_wconf 88' lang='lat' dir='ltr'><strong>sto</strong></span> <span class='ocrx_word' id='word_1_491' title='bbox 544 4402 573 4441; x_wconf 89' lang='lat' dir='ltr'><strong>ut</strong></span> <span class='ocrx_word' id='word_1_492' title='bbox 600 4387 700 4461; x_wconf 68' lang='lat' dir='ltr'><strong>legitur</strong></span> <span class='ocrx_word' id='word_1_493' title='bbox 718 4392 748 4441; x_wconf 89' lang='lat' dir='ltr'><strong>ta</strong></span> <span class='ocrx_word' id='word_1_494' title='bbox 769 4391 859 4445; x_wconf 85' lang='lat' dir='ltr'><strong>Prtae.</strong></span> <span class='ocrx_word' id='word_1_495' title='bbox 880 4395 1015 4446; x_wconf 82' lang='lat' dir='ltr'><strong>intectum</strong></span> <span class='ocrx_word' id='word_1_496' title='bbox 1035 4391 1201 4463; x_wconf 85' lang='lat' dir='ltr'><strong>reliquerunt</strong></span> <span class='ocrx_word' id='word_1_497' title='bbox 1221 4388 1281 4444; x_wconf 80' lang='lat' dir='ltr'><strong>ssd.</strong></span> <span class='ocrx_word' id='word_1_498' title='bbox 1303 4388 1390 4459; x_wconf 74' lang='lat' dir='ltr'><strong>lugd.</strong></span> 
     </span>
     <span class='ocr_line' id='line_1_51' title="bbox 87 4462 1389 4536; baseline -0.001 -19"><span class='ocrx_word' id='word_1_499' title='bbox 87 4463 163 4517; x_wconf 79' lang='lat' dir='ltr'><strong>iden.</strong></span> <span class='ocrx_word' id='word_1_500' title='bbox 183 4493 219 4509; x_wconf 88' lang='lat'><em>-</em></span> <span class='ocrx_word' id='word_1_501' title='bbox 238 4467 268 4515; x_wconf 89' lang='lat' dir='ltr'><strong>irt</strong></span> <span class='ocrx_word' id='word_1_502' title='bbox 285 4472 385 4516; x_wconf 85' lang='lat' dir='ltr'><strong>senatu</strong></span> <span class='ocrx_word' id='word_1_503' title='bbox 402 4468 534 4534; x_wconf 59' lang='lat' dir='ltr'><strong>praviter</strong></span> <span class='ocrx_word' id='word_1_504' title='bbox 552 4462 665 4516; x_wconf 80' lang='lat' dir='ltr'><strong>Romam</strong></span> <span class='ocrx_word' id='word_1_505' title='bbox 680 4470 890 4533; x_wconf 75' lang='lat' dir='ltr'><strong>peruenissent,</strong></span> <span class='ocrx_word' id='word_1_506' title='bbox 918 4465 1066 4536; x_wconf 75' lang='lat' dir='ltr'><strong>prqfeeeus</strong></span> <span class='ocrx_word' id='word_1_507' title='bbox 1090 4465 1186 4518; x_wconf 84' lang='lat' dir='ltr'><strong>deinde</strong></span> <span class='ocrx_word' id='word_1_508' title='bbox 1204 4474 1246 4516; x_wconf 79' lang='lat' dir='ltr'><strong>eet</strong></span> <span class='ocrx_word' id='word_1_509' title='bbox 1265 4464 1389 4517; x_wconf 80' lang='lat' dir='ltr'><strong>Catilina</strong></span> 
     </span>
     <span class='ocr_line' id='line_1_52' title="bbox 86 4536 1392 4613; baseline 0.001 -23"><span class='ocrx_word' id='word_1_510' title='bbox 86 4536 193 4592; x_wconf 75' lang='lat' dir='ltr'><strong>Beseld.</strong></span> <span class='ocrx_word' id='word_1_511' title='bbox 215 4540 279 4592; x_wconf 80' lang='lat' dir='ltr'><strong>Lod.</strong></span> <span class='ocrx_word' id='word_1_512' title='bbox 300 4563 335 4578; x_wconf 95' lang='lat'>-</span> <span class='ocrx_word' id='word_1_513' title='bbox 355 4545 383 4591; x_wconf 89' lang='lat' dir='ltr'><strong>t&#39;rt</strong></span> <span class='ocrx_word' id='word_1_514' title='bbox 402 4546 502 4592; x_wconf 83' lang='lat' dir='ltr'><strong>senatu</strong></span> <span class='ocrx_word' id='word_1_515' title='bbox 519 4543 652 4607; x_wconf 72' lang='lat' dir='ltr'><strong>grauiter</strong></span> <span class='ocrx_word' id='word_1_516' title='bbox 666 4544 896 4609; x_wconf 70' lang='lat' dir='ltr'><strong>praevenissent,</strong></span> <span class='ocrx_word' id='word_1_517' title='bbox 917 4540 1067 4613; x_wconf 80' lang='lat' dir='ltr'><strong>professus</strong></span> <span class='ocrx_word' id='word_1_518' title='bbox 1090 4541 1186 4593; x_wconf 79' lang='lat' dir='ltr'><strong>deinde</strong></span> <span class='ocrx_word' id='word_1_519' title='bbox 1206 4548 1248 4592; x_wconf 85' lang='lat' dir='ltr'><strong>est</strong></span> <span class='ocrx_word' id='word_1_520' title='bbox 1266 4541 1392 4593; x_wconf 84' lang='lat' dir='ltr'><strong>Catilina</strong></span> 
     </span>
     <span class='ocr_line' id='line_1_53' title="bbox 88 4608 1389 4687; baseline 0.003 -23"><span class='ocrx_word' id='word_1_521' title='bbox 88 4608 181 4683; x_wconf 70' lang='lat' dir='ltr'><strong>Sigon.</strong></span> <span class='ocrx_word' id='word_1_522' title='bbox 210 4640 247 4656; x_wconf 91' lang='lat'><em>-</em></span> <span class='ocrx_word' id='word_1_523' title='bbox 275 4615 445 4668; x_wconf 79' lang='lat' dir='ltr'><strong>Hotomanus</strong></span> <span class='ocrx_word' id='word_1_524' title='bbox 465 4630 528 4666; x_wconf 83' lang='lat' dir='ltr'><strong>tero</strong></span> <span class='ocrx_word' id='word_1_525' title='bbox 547 4629 575 4666; x_wconf 90' lang='lat' dir='ltr'><strong>et</strong></span> <span class='ocrx_word' id='word_1_526' title='bbox 594 4632 667 4686; x_wconf 86' lang='lat' dir='ltr'><strong>seqq.</strong></span> <span class='ocrx_word' id='word_1_527' title='bbox 687 4614 834 4668; x_wconf 88' lang='lat' dir='ltr'><strong>lectoribus</strong></span> <span class='ocrx_word' id='word_1_528' title='bbox 853 4634 907 4669; x_wconf 88' lang='lat' dir='ltr'><strong>nan</strong></span> <span class='ocrx_word' id='word_1_529' title='bbox 926 4620 1039 4668; x_wconf 89' lang='lat' dir='ltr'><strong>monitis</strong></span> <span class='ocrx_word' id='word_1_530' title='bbox 1061 4620 1153 4669; x_wconf 81' lang='lat' dir='ltr'><strong>iocum</strong></span> <span class='ocrx_word' id='word_1_531' title='bbox 1171 4620 1213 4668; x_wconf 83' lang='lat' dir='ltr'><strong>sie</strong></span> <span class='ocrx_word' id='word_1_532' title='bbox 1238 4615 1389 4687; x_wconf 84' lang='lat' dir='ltr'><strong>interpole-</strong></span> 
     </span>
     <span class='ocr_line' id='line_1_54' title="bbox 87 4687 1389 4763; baseline 0.003 -24"><span class='ocrx_word' id='word_1_533' title='bbox 87 4704 185 4741; x_wconf 85' lang='lat' dir='ltr'><strong>serunt</strong></span> <span class='ocrx_word' id='word_1_534' title='bbox 201 4693 247 4754; x_wconf 80' lang='lat' dir='ltr'><strong>(ex</strong></span> <span class='ocrx_word' id='word_1_535' title='bbox 266 4705 327 4763; x_wconf 74' lang='lat' dir='ltr'><strong>pag.</strong></span> <span class='ocrx_word' id='word_1_536' title='bbox 348 4695 398 4747; x_wconf 81' lang='lat' dir='ltr'><strong>ttt</strong></span> <span class='ocrx_word' id='word_1_537' title='bbox 427 4688 519 4762; x_wconf 83' lang='lat' dir='ltr'><strong>llas.):</strong></span> <span class='ocrx_word' id='word_1_538' title='bbox 536 4693 579 4741; x_wconf 83' lang='lat' dir='ltr'><strong>&#39;in</strong></span> <span class='ocrx_word' id='word_1_539' title='bbox 597 4698 696 4741; x_wconf 82' lang='lat' dir='ltr'><strong>senatu</strong></span> <span class='ocrx_word' id='word_1_540' title='bbox 713 4687 858 4759; x_wconf 82' lang='lat' dir='ltr'><strong>fuissent,</strong></span> <span class='ocrx_word' id='word_1_541' title='bbox 887 4707 992 4758; x_wconf 63' lang='lat' dir='ltr'><strong>graues</strong></span> <span class='ocrx_word' id='word_1_542' title='bbox 1010 4692 1113 4742; x_wconf 77' lang='lat' dir='ltr'><strong>miritae</strong></span> <span class='ocrx_word' id='word_1_543' title='bbox 1130 4695 1286 4745; x_wconf 81' lang='lat' dir='ltr'><strong>sententiae</strong></span> <span class='ocrx_word' id='word_1_544' title='bbox 1303 4689 1337 4743; x_wconf 82' lang='lat' dir='ltr'><strong>de</strong></span> <span class='ocrx_word' id='word_1_545' title='bbox 1355 4707 1389 4744; x_wconf 87' lang='lat' dir='ltr'><strong>ea</strong></span> 
     </span>
     <span class='ocr_line' id='line_1_55' title="bbox 87 4760 1080 4838; baseline 0.004 -22"><span class='ocrx_word' id='word_1_546' title='bbox 87 4760 178 4816; x_wconf 81' lang='lat' dir='ltr'><strong>dictae</strong></span> <span class='ocrx_word' id='word_1_547' title='bbox 197 4781 263 4821; x_wconf 87' lang='lat' dir='ltr'><strong>esee.</strong></span> <span class='ocrx_word' id='word_1_548' title='bbox 299 4765 398 4838; x_wconf 81' lang='lat' dir='ltr'><strong>itaque</strong></span> <span class='ocrx_word' id='word_1_549' title='bbox 416 4783 497 4835; x_wconf 82' lang='lat' dir='ltr'><strong>quatre</strong></span> <span class='ocrx_word' id='word_1_550' title='bbox 513 4763 660 4838; x_wconf 72' lang='lat' dir='ltr'><strong>professas</strong></span> <span class='ocrx_word' id='word_1_551' title='bbox 677 4765 776 4820; x_wconf 65' lang='lat' dir='ltr'><strong>ddede</strong></span> <span class='ocrx_word' id='word_1_552' title='bbox 795 4774 867 4819; x_wconf 79' lang='lat' dir='ltr'><strong>esest</strong></span> <span class='ocrx_word' id='word_1_553' title='bbox 884 4766 1009 4819; x_wconf 56' lang='lat' dir='ltr'><strong>Cuilina</strong></span> <span class='ocrx_word' id='word_1_554' title='bbox 1027 4781 1080 4820; x_wconf 87' lang='lat' dir='ltr'><strong>eet.</strong></span> 
     </span>
    </p>
   </div>
   <div class='ocr_carea' id='block_1_5' title="bbox 0 0 1612 5280">
    <p class='ocr_par' dir='ltr' id='par_1_16' title="bbox 0 0 1612 5280">
     <span class='ocr_line' id='line_1_56' title="bbox 0 0 1612 5280; baseline 0 0"><span class='ocrx_word' id='word_1_555' title='bbox 0 0 1612 5280; x_wconf 95' lang='lat' dir='ltr'><strong> </strong></span> 
     </span>
    </p>
   </div>
  </div>
 </body>
</html>
