3210 5280
257 211 320 278 300
674 213 880 281 SCHOLIA
902 214 1152 281 numanati

332 357 456 431 xxti.
487 351 520 431 l.
572 357 636 432 Bis
680 384 760 433 rem
806 385 843 460 p.
890 361 1059 455 servavi,
1102 331 1218 432 semel
1256 357 1397 456 gloria,
1442 358 1583 430 iterum

256 495 430 543 aerullllla
460 496 551 545 mea.

344 587 536 651 Notabiliter
557 586 707 670 singulari
730 608 861 651 nrrmero
884 609 947 651 non
970 588 1131 670 plurativo
1154 608 1332 650 aerumnam
1359 584 1460 658 dixit,
1486 586 1576 647 relc-

256 701 331 744 rens
353 685 390 743 acl
415 682 543 744 exilium
569 681 707 757 scilicet,
738 680 829 745 cuins
849 680 1031 764 patientiam
1054 682 1138 744 inter
1159 681 1281 766 glorias
1302 701 1373 742 siras
1396 690 1577 760 computat.

232 838 247 887 e
335 805 478 879 XXlll.
508 797 542 878 l.
569 805 693 904 Quare
720 830 852 879 moneo
877 831 947 880 vos
974 805 1241 878 adulescentes.

343 925 400 969 -¹
431 923 568 986 Excedit
597 923 627 985 in
661 923 914 988 cohortationem
945 922 1091 999 virtutis,
1130 945 1222 1006 quam
1249 920 1325 983 honi
1353 920 1414 983 viri
1442 921 1580 982 debcant

257 1035 319 1097 pro
332 1014 454 1098 patriae
475 1017 577 1079 salute
592 1016 768 1099 suscipere.
814 1018 888 1085 Hoc
910 1017 1037 1098 prolicit
1059 1028 1090 1079 et
1113 1014 1212 1096 ipsius
1228 1014 1394 1078 Ciceronis
1411 1015 1577 1086 laudihus,

258 1123 290 1171 et
305 1111 346 1173 P.
370 1108 493 1184 Sestio,
519 1107 573 1193 qui
595 1133 667 1173 reus
683 1122 750 1183 est;
775 1121 912 1173 armatos
937 1110 1018 1172 enim
1040 1109 1153 1172 dicitur
1175 1108 1371 1180 adhibuisse3
1397 1127 1527 1181 veriam,
1552 1105 1579 1169 si

258 1204 299 1280 ι’,
320 1224 356 1267 re
380 1203 555 1285 placium
579 1203 639 1280 sit,
664 1225 726 1269 nou
750 1216 902 1284 oportere
925 1203 1077 1266 damnari.

215 1340 247 1389 ¹⁰
333 1321 369 1399 2.
398 1325 440 1403 si
468 1330 540 1401 erit
566 1328 623 1424 id,
651 1329 749 1426 quod
776 1329 951 1423 debetur,
978 1326 1219 1425 persolutum.

342 1444 381 1507 ld
402 1454 469 1520 est,
501 1445 528 1509 si
552 1444 672 1508 luerint
693 1444 772 1508 Piso
794 1456 825 1506 et
847 1444 999 1508 Gabinius
1022 1442 1232 1508 condemnati.

335 1563 398 1667 [P.
426 1563 508 1666 ti]
560 1562 597 1642 3.
625 1567 754 1668 Neque
789 1569 862 1644 erit
896 1571 994 1642 iusta
1027 1593 1138 1643 causa
1171 1565 1357 1668 adlportas
1391 1569 1575 1643 sedendi³

258 1682 487 1779 imperatori.
1130 1724 1135 1736 ·

341 1800 386 1862 Et
414 1796 464 1860 hic
490 1809 538 1861 est
564 1798 690 1861 aculeus
711 1820 774 1862 non
799 1796 966 1863 mediocris
988 1801 1049 1842 -4
1077 1797 1241 1861 aduersus
1265 1796 1454 1874 Caesarem,
1487 1801 1576 1864 cuius

216 1891 318 1954 ¹⁵hac
339 1889 371 1953 in
393 1901 483 1973 parte
506 1891 694 1956 mentionem
716 1892 812 1968 lacit,
846 1895 933 1977 quod
962 1903 1089 1956 eatenus
1112 1903 1183 1953 ante
1204 1902 1316 1972 portas
1338 1914 1408 1954 cuin
1432 1896 1576 1985 exercitu

258 1986 489 2068 permanserit,
514 1996 667 2069 quatenus
688 1985 720 2048 in
750 1984 877 2050 exilium
900 1985 1017 2050 Ciccro
1039 1985 1227 2049 discederet.
1295 2071 1305 2081 β

335 2108 497 2184 xxiiii.
527 2101 561 2183 l.
590 2111 716 2184 Gener
743 2121 780 2184 et
806 2109 920 2184 Piso⁵
946 2135 1070 2210 gener

343 2228 418 2290 Non
440 2227 565 2291 otiose⁶
596 2228 837 2291 additamentum
868 2227 1001 2292 nominis
1028 2225 1123 2299 fecit,
1154 2225 1185 2290 in
1212 2225 1362 2290 invidiam
1388 2227 1510 2291 scilicet
1534 2231 1574 2292 i..

259 2319 404 2393 Pisonis,
429 2319 483 2403 qui
507 2342 564 2384 nec
585 2321 821 2406 propinquitate
842 2335 1018 2387 commotus
1042 2320 1134 2384 adlini
1160 2343 1219 2384 suo
1242 2321 1477 2403 obtemperavit
1487 2323 1512 2385 ⁷.

216 2468 249 2517 aa
335 2444 455 2518 XXV.
485 2436 518 2518 1.
547 2445 686 2544 Legum
706 2443 973 2541 cumctarum⁸‚
1002 2470 1093 2544 quae
1112 2442 1234 2518 latae⁹
1262 2456 1367 2541 sunt,
1390 2455 1465 2519 tum
1485 2472 1576 2521 vero

259 2583 352 2658 quae
378 2557 629 2657 promulgatae
657 2560 817 2632 suerunt.

345 2676 446 2756 Saepe
472 2676 553 2736 hanc
579 2675 700 2739 ostendi
726 2674 947 2759 promulgatae
977 2672 1057 2757 legis
1087 2684 1118 2736 et
1147 2673 1228 2735 latae
1253 2674 1480 2738 differentiam:
1506 2697 1574 2737 nam

258 2768 440 2832 trinumliuo
468 2769 786 2850 proponebantur¹⁰,
821 2779 856 2831 ut
882 2767 912 2831 in
938 2767 1080 2830 notitiam
1106 2769 1214 2848 populi
1242 2768 1465 2848 pervenirent;
1510 2790 1575 2853 quo

260 2875 374 2925 exarto
400 2872 544 2944 tempore
565 2861 749 2925 serebantur
771 2860 803 2923 in
826 2860 903 2923 iuris
914 2863 939 2901 ¹¹
964 2860 1057 2923 validi
1080 2861 1271 2923 lirmitatem.

216 2991 248 3045 ²⁵
312 2981 371 3062 ,2.
402 2986 449 3059 Ut
474 2988 645 3060 censoria
672 2983 828 3060 notio¹².

344 3101 569 3169 Clodianarum
593 3105 699 3189 legum
724 3102 800 3166 lacit
822 3100 1107 3176 enumerationem
1132 3123 1263 3186 quarum
1286 3100 1347 3165 luit
1366 3104 1514 3179 ethaeo,
1540 3124 1576 3166 ne

258 3195 368 3260 liceret
387 3197 514 3260 censori
536 3195 713 3279 praeterire
733 3195 869 3281 aliquem
887 3195 919 3259 iu
942 3207 1053 3259 senatu
1078 3194 1259 3270 recitando,
1284 3195 1343 3259 nisi
1369 3217 1458 3270 crim,
1484 3220 1575 3281 quem

260 3292 439 3353 damnatum
462 3310 531 3354 esso
560 3299 731 3354 constaret.

335 3408 372 3489 3.
423 3413 469 3487 Ut
505 3415 672 3487 remissis
687 3410 716 3459 ¹³
754 3410 894 3488 seuis²⁸
934 3422 972 3487 et
1008 3412 1252 3489 trientibus¹⁵
1293 3416 1421 3513 quinta
1460 3439 1579 3514 prope

219 3549 350 3623 sopars
376 3524 607 3623 vectigalium
635 3522 841 3600 tolleretur.

344 3643 430 3706 Ante
452 3642 577 3726 quidem
600 3642 764 3719 Gracchus
787 3644 889 3728 legem
915 3643 1049 3719 tulerat,
1084 3654 1118 3705 ut
1149 3643 1288 3725 populus
1314 3664 1374 3724 pro
1400 3645 1575 3717 frumento,

261 3737 349 3821 quod
369 3734 429 3799 sibi
454 3733 580 3817 publice
609 3738 737 3799 daretur
765 3736 796 3800 in
824 3736 967 3821 singulos
1000 3737 1123 3800 modios
1151 3758 1246 3799 senos
1275 3739 1356 3799 aeris
1382 3748 1414 3799 et
1449 3739 1576 3801 trientes

331 3898 355 3948 i.
376 3899 482 3943 Verbum
503 3898 548 3944 Gr.
569 3899 648 3943 ettiu.
694 3895 719 3942 2.
739 3899 811 3943 Deest
832 3912 845 3940 s
865 3899 886 3943 in
909 3899 962 3943 eod.
1009 3894 1033 3942 3.
1053 3898 1114 3942 itti.
1135 3896 1249 3952 sedenti;
1277 3901 1318 3942 sed
1338 3897 1457 3943 Graevius
1478 3899 1576 3943 telieiter

400 3969 743 4028 coniiciehatlegendnmesse
759 3967 871 4013 sedendi.
910 3966 1035 4023 l.8apple
1054 3967 1153 4012 verbnm
1166 3967 1210 4012 Gr.
1248 3964 1273 4012 5.
1294 3968 1354 4012 Coi.
1375 3967 1440 4025 ipso.
1480 3966 1575 4013 meos.

397 4037 491 4083 ods'oss.
531 4036 554 4083 7.
574 4039 635 4083 eoi.
655 4039 807 4096 tesnpernsit.
846 4035 870 4083 8.
891 4038 925 4082 lta
943 4037 996 4082 eod.
1034 4037 1066 4080 At
1083 4038 1136 4082 edel.
1156 4036 1348 4081 multitudinem.
1386 4036 1411 4082 i.
1432 4037 1576 4082 Conium.

399 4105 440 4153 10.
460 4108 521 4152 cni.
542 4107 736 4165 proponebatur.
776 4106 816 4150 ll.
836 4107 896 4151 eoi.
921 4107 944 4150 s's
973 4120 1017 4161 pro
1038 4107 1066 4150 s'ss
1092 4106 1167 4150 iuris.
1208 4104 1248 4149 12.
1266 4107 1301 4150 lta
1328 4112 1365 4151 est
1384 4108 1407 4149 in
1426 4108 1480 4152 cod.
1506 4113 1528 4152 et
1546 4109 1578 4151 sie

399 4177 495 4221 cannino
514 4179 663 4222 retinendum
681 4181 732 4232 est,
753 4177 813 4221 hand
833 4175 1053 4221 esrosertbenuum
1070 4177 1172 4219 notatio.
1211 4174 1269 4219 Nem
1294 4178 1361 4220 saots'o
1382 4181 1406 4220 et
1424 4175 1477 4221 heic
1496 4177 1578 4222 haheat

397 4247 440 4291 alii
453 4260 546 4305 qnoque
559 4247 635 4292 eota.
650 4252 674 4290 et
693 4247 749 4290 mihi
761 4247 818 4290 alibi
832 4247 968 4290 occurrisse
989 4247 1012 4290 in
1032 4247 1135 4303 antiquis
1148 4245 1291 4289 snesaihraurs
1310 4246 1416 4289 memini.
1460 4243 1498 4291 ti.
1520 4247 1576 4290 Cael.

399 4317 511 4360 resaisis.
562 4311 602 4361 ll.
623 4316 683 4360 net.
710 4315 869 4360 semissibus.
920 4311 960 4359 ts.
989 4314 1227 4359 contrahentibus.
1400 4318 1403 4323 ’

152 4468 158 4479 ,
261 4414 308 4470 sed
329 4420 419 4489 ipsum
439 4415 474 4468 als
495 4415 695 4471 insectantibus
715 4434 773 4470 esse
794 4414 954 4489 iugulatum.
993 4416 1179 4486 Triumphum
1194 4421 1252 4470 eius
1271 4413 1305 4468 de
1325 4415 1459 4488 Hispania
1479 4431 1579 4469 memo·

261 4507 305 4545 aar
325 4496 409 4545 etiam
429 4493 566 4546 Asconius
586 4493 696 4546 Comen.
718 4490 751 4544 ad
773 4495 948 4547 Pisonianam
968 4505 1029 4562 cap.
1052 4491 1156 4547 xxiv.

337 4610 382 4659 22.
404 4606 437 4656 1η
458 4607 664 4656 commentariis
685 4607 805 4657 amissis.

337 4683 383 4733 27.
403 4682 535 4731 Asconius
556 4677 666 4740 comm.
686 4677 719 4730 ad
739 4680 917 4737 Pisonianam
937 4693 998 4754 cap.
1019 4677 1065 4734 lv.
1101 4677 1173 4733 hane
1204 4682 1291 4753 ipsam
1324 4676 1415 4754 legem
1440 4677 1578 4756 preferant

261 4749 331 4806 (licit
351 4758 380 4809 s'tt
399 4762 498 4808 senatu
520 4752 649 4824 legendo·
1186 4756 1190 4761 ’
