3210 5280
344 205 394 271 m
419 206 559 274 onan.
581 206 678 274 eno
701 158 827 276 neon
855 206 1114 275 peroraro.
1324 203 1387 269 sn

70 343 269 429 obpugnanti
296 345 498 409 Numantiam
526 345 669 428 Scipioni
696 369 760 412 non
788 358 908 414 tentum
937 349 956 413 a
982 348 1099 434 quibus
1120 334 1288 413 fulciretur
1308 345 1386 412 belli

69 438 239 502 necessitas
261 437 292 502 in
308 440 492 522 Hispaniam
516 440 616 515 misit,
639 462 751 504 verum
766 440 860 505 etiam
875 443 957 524 dona
971 441 1134 524 pretiosas
1158 461 1240 524 quae
1253 439 1387 523 sumpsit

70 532 234 616 gratulans
256 532 440 597 Africanus.
484 532 584 618 Regis
602 533 748 598 Deiotari
767 533 944 598 tantomin
960 532 1130 600 Caesarem
1152 533 1384 625 liberalitatem,
1488 572 1493 605 ι

68 636 233 709 quantam
254 624 285 688 in
309 625 496 690 Africanum
520 626 639 704 Attali,
663 625 763 691 fuisse
784 627 967 692 confirmat.

146 749 214 822 IX.
243 741 278 824 1.
319 749 495 827 Secutum
528 751 665 828 bellum
698 760 757 861 est
791 750 1021 828 Africanum.
1087 752 1233 828 Graves
1267 753 1313 827 de
1347 762 1413 827 tet

69 884 252 936 rumores.

155 982 279 1044 Rumor
305 980 384 1043 enim
413 992 545 1063 repente
574 992 665 1046 ortus
692 978 878 1046 falsissimus
904 980 983 1058 fuit,
1016 979 1188 1047 Caesarem
1216 982 1248 1046 in
1275 977 1388 1048 Atrine
1514 1006 1522 1014 ·

70 1071 271 1137 circumiectu
302 1074 493 1139 Maurorum
524 1096 596 1138 cum
628 1077 773 1138 omnibus
805 1075 908 1156 copiis
941 1074 1108 1141 oecidiese.
1163 1075 1236 1157 Qua
1266 1096 1323 1161 spe
1349 1071 1390 1138 ad

68 1167 265 1230 suscitandae
286 1168 422 1250 Pompei
445 1167 545 1250 partis
567 1181 693 1231 erectus
716 1166 894 1234 Caecilius¹
918 1169 1098 1234 ridebatur.

145 1285 184 1364 2.
211 1291 439 1366 Admiranda
466 1291 672 1392 frugalitas.
1395 1305 1432 1354 ιι
1570 1323 1574 1330 -

153 1400 310 1472 Sordidus
325 1409 424 1486 enim,
450 1410 548 1473 landis
571 1429 709 1495 egenum
731 1408 763 1471 in
785 1429 865 1494 rege
885 1408 1102 1496 frugalitatem
1116 1431 1188 1475 esse
1202 1409 1386 1476 mirandam.

145 1530 194 1606 Χ.
234 1531 378 1609 Suanos·
411 1534 563 1607 fuissem
596 1558 784 1609 armorum
810 1559 885 1610 non
909 1536 1188 1634 ponendorum,
1215 1534 1281 1611 sed
1313 1536 1389 1611 abi·

68 1645 297 1719 ciendorum.

155 1761 313 1847 Integris,
345 1761 467 1849 inquit,
501 1766 597 1828 rebus
625 1784 736 1846 pacem
766 1764 925 1846 Pompeio
962 1767 1045 1830 suasi
1076 1779 1111 1832 et
1146 1787 1232 1830 arms
1271 1767 1388 1830 debere

69 1854 199 1935 deponi.
253 1857 336 1919 Post
357 1857 597 1922 Pharsalicum²
628 1865 732 1921 eutem
761 1858 920 1939 proelium
941 1879 1044 1924 ormo
1064 1858 1257 1924 obiiciendo
1276 1859 1301 1933 †
1323 1876 1386 1923 nor
1402 1869 1433 1919 ιι

70 1950 257 2032 deponende
280 1950 439 2032 Pompeio
464 1952 705 2014 concederem³.
763 1950 851 2016 Dicit
875 1970 976 2035 ergo:
1005 1952 1145 2016 omnium
1174 1963 1317 2015 nostrum
1339 1951 1388 2017 iu·
1474 1989 1478 1997 <

67 2039 179 2105 tractis
200 2053 232 2106 et
252 2041 452 2107 comminutis
478 2043 609 2121 animis,
632 2048 721 2109 eolus
743 2036 866 2110 Castor
886 2044 1095 2110 constentiam
1117 2047 1286 2110 retinebat.

585 2259 876 2276 Ἤ

253 2451 652 2560 SCHOLtA
704 2454 1200 2563 BOBIENSIA

702 2687 766 2744 AD

516 2844 944 2935 ORATIONEM

427 3044 593 3121 PRO
654 3045 683 3122 S
718 3044 748 3119 C
782 3044 815 3118 A
853 3044 883 3120 U
916 3045 949 3119 R
982 3044 1027 3119 Ο.

625 3231 827 3245 ψ

149 3358 182 3462 §.
212 3357 271 3438 ld.
300 3357 334 3438 1.
362 3361 438 3440 Sed
465 3363 563 3463 qood
588 3363 817 3462 ponderaret
842 3361 954 3437 iudex
978 3364 1059 3461 ipse
1086 3386 1155 3461 per
1182 3386 1236 3436 se.

156 3480 278 3546 Cecidit
302 3483 392 3545 locus
407 3481 582 3546 communis
599 3482 737 3564 dtrptex:
763 3503 860 3558 nnius,
884 3479 1078 3567 argumentis
1093 3500 1163 3544 esse
1178 3479 1386 3554 credendum

69 3576 154 3638 atter
176 3577 308 3640 testibus
330 3597 392 3640 non
416 3578 620 3639 credendum.

147 3696 184 3772 2.
212 3701 254 3774 In
283 3711 409 3801 ignoto
435 3710 543 3774 teste.

156 3817 237 3899 Quia
260 3819 286 3882 si
308 3829 403 3883 notus
424 3817 513 3881 testis
535 3828 602 3895 est,
627 3817 902 3903 argumentatione
924 3837 988 3881 non
1012 3837 1094 3899 opus
1115 3818 1189 3880 eit‘.

148 3938 180 4040 §.
211 3936 270 4017 17.
301 3936 334 4017 1.
363 3943 502 4043 Agmen
529 3953 569 4016 tu
595 3942 683 4017 mihi
709 3942 862 4016 inducas
889 3939 1108 4018 Sardorum.

157 4061 210 4125 Ex
233 4060 428 4124 meriritudine
449 4061 532 4125 sollis
555 4059 661 4124 fidem.

141 4275 165 4320 1.
186 4275 302 4321 Notemee
323 4280 371 4320 tem
392 4279 480 4321 testem
502 4276 591 4321 codicis
608 4288 680 4333 qeem
698 4274 853 4330 interpretem
871 4269 1012 4318 confirmere
1032 4271 1102 4317 heina
1125 4273 1170 4317 ioci
1190 4266 1386 4317 tectio-eneae

208 4346 284 4391 estesse
308 4359 353 4400 pro
371 4343 432 4389 tetre
455 4342 569 4397 Coelius.
597 4358 668 4404 quatu
695 4345 781 4388 meritc
804 4344 834 4389 Ρ.
858 4343 979 4387 Manutius
1001 4342 1123 4397 expunxit.
1160 4340 1192 4386 nt
1209 4342 1303 4400 quidem
1326 4343 1387 4398 apud

209 4420 319 4460 nostram
339 4416 444 4458 codicem
462 4416 534 4461 etiem
561 4416 585 4460 in
611 4413 808 4472 praecedentibus
831 4426 875 4468 pcc
897 4408 997 4457 Cueiiee
1018 4417 1055 4457 eet
1075 4408 1214 4465 Caecilius,
1243 4413 1304 4470 qnod
1329 4412 1387 4455 item

211 4485 332 4528 mecetius
351 4485 462 4529 metebat·
499 4484 535 4528 Er
554 4486 654 4543 reliquie
671 4482 837 4529 Ambrosianie
855 4481 976 4527 codicibus
988 4482 1012 4526 in
1026 4494 1072 4526 neo
1091 4486 1126 4527 eet
1143 4480 1228 4538 abique
1242 4476 1365 4525 Caecilius
1376 4494 1386 4524 .·

210 4556 234 4598 in
246 4558 357 4612 quattuor
370 4554 455 4612 ubique
467 4550 583 4600 Castior:
603 4568 626 4597 ιι
640 4555 748 4606 dnobus,
767 4553 843 4605 cepite
855 4557 940 4596 cetero
952 4546 1052 4596 Coclites
1059 4562 1069 4604 ,¹
1082 4556 1157 4606 capite
1176 4564 1239 4595 noeo
1251 4547 1387 4597 caecidisse.

208 4622 233 4668 2.
254 4624 298 4668 Cd.
317 4620 485 4681 sereciicem.
531 4620 555 4669 3.
581 4623 642 4668 Cod.
668 4623 760 4668 eisteten
787 4622 875 4666 hebere
898 4627 1002 4680 penetro
1025 4619 1127 4676 reaper
1149 4618 1310 4665 cencederene
1335 4633 1388 4665 ιιοιι

208 4691 353 4748 deponendo
370 4694 454 4738 sticum
490 4690 558 4738 Dixi
575 4704 638 4754 ergo
654 4697 702 4739 cet.
739 4688 764 4736 4.
783 4714 816 4728 -
834 4692 1045 4737 eoeeredeedem.
1082 4688 1142 4747 Quis
1155 4702 1201 4733 ιιι
1222 4695 1297 4735 teetee
1315 4703 1386 4751 erge·

207 4763 293 4808 seeetie
308 4759 496 4825 [possidendi
519 4763 607 4810 deses.
650 4766 659 4777 '
