3210 5280
241 196 304 261 311
660 199 866 268 8οΗΟΙᾸΑ
888 204 1140 270 somnusue

317 337 353 416 5.
381 342 499 443 Quum
527 368 595 444 ego
620 344 735 446 legem
762 347 807 421 de
834 349 972 422 ambitu
997 348 1157 421 tulerim.

263 472 266 479 ’
325 463 397 524 Hae
418 462 508 545 lege,
533 483 613 547 quae
636 465 820 527 asrctoribus
842 467 896 529 M.
920 465 1079 530 Cicerone
1102 477 1133 528 et
1157 463 1199 529 C.
1216 462 1361 549 Antonio
1384 467 1426 528 do
1450 465 1572 530 ambito

242 555 303 617 lata
341 565 389 616 est
424 555 522 617 snrrlto
563 557 744 633 severior¹,
779 580 872 642 quam
905 557 1010 622 luerat
1042 571 1113 622 ante
1150 557 1342 642 Calpurnia,
1391 561 1439 622 L.
1472 559 1570 622 etiam

242 650 377 711 Murena
404 670 530 711 caussam
547 649 688 724 dixerat3
713 663 825 713 eontra
842 673 934 734 quiam
951 665 1054 714 tamen
1071 653 1113 715 P.
1129 653 1293 741 Vatinium
1308 652 1426 716 iecisse
1443 653 1573 736 arguits

217 742 331 806 tersius
360 742 428 824 ipse
456 742 618 828 legibus
608 765 640 806 ιιι
667 744 846 822 tribunatu,
870 745 1013 831 quamvis
1043 757 1155 865 eontra
1181 746 1317 829 auspicia
1345 747 1439 824 latis,
1464 757 1572 839 tassren

180 855 183 858 ’
241 836 478 917 obtemperasse
501 836 689 901 rideatur.
807 855 809 859 ⁴

208 1000 211 1011 ·
317 959 419 1054 XVI.
448 952 484 1035 1
512 961 555 1035 C.
583 960 781 1038 Caesarem
808 963 1001 1064 Aquileiae
1029 989 1139 1063 quum
1158 964 1203 1038 de
1223 964 1445 1062 quibusdam
1466 975 1573 1040 esset

240 1071 378 1146 mentio
398 1073 513 1165 laeta,
541 1074 680 1148 dixisse
699 1075 741 1149 C.
761 1076 894 1151 Allium
911 1079 1153 1176 praeteritum
1170 1077 1394 1175 permoleste
1419 1077 1570 1150 tulisse.

325 1191 368 1253 Et
378 1189 443 1252 uhic
472 1191 618 1254 tribunus
637 1194 686 1274 pl.
714 1194 855 1257 actiones
883 1194 924 1259 C.
954 1192 1103 1259 Caesaris
1127 1194 1265 1258 consulis
1291 1204 1401 1256 contra
1427 1196 1485 1257 M.
1512 1191 1570 1257 Bt:

198 1284 349 1348 sabulum
367 1283 484 1348 obnixe
503 1283 707 1362 adiuvenit,
731 1287 787 1370 qui
808 1288 966 1370 repulsam
990 1288 1104 1350 meruit
1126 1288 1156 1350 in
1178 1288 1368 1371 praeturae³
1389 1289 1567 1369 petitione.

313 1404 350 1482 2.
368 1456 373 1465 ·
389 1409 638 1508 Graviterque
675 1414 784 1483 etiam
822 1436 861 1485 se
896 1412 996 1486 ferre
1032 1422 1245 1511 praetorem
1279 1411 1439 1511 aliquem
1479 1438 1568 1486 esse

134 1528 138 1535 “
238 1519 395 1615 factum,
422 1525 484 1619 qui
511 1547 532 1593 a
558 1524 635 1595 suis
661 1525 868 1598 rationibus
895 1525 1146 1598 dissensisset.

292 1679 294 1682 .
324 1639 483 1702 Domitius
508 1638 662 1704 Calvinus
689 1653 820 1723 praetor
845 1643 949 1705 luerat
974 1642 1176 1726 designatus,
1210 1640 1265 1725 qui
1293 1663 1389 1726 quum
1413 1641 1568 1707 tribunus

240 1734 290 1815 pl.
314 1730 482 1809 essene.
510 1732 664 1798 Caesari⁴
685 1734 937 1799 constantissime
958 1741 1207 1820 repugnaverat.

199 1871 230 1918 ¹⁵
318 1853 382 1956 [P.
408 1852 490 1956 23]
532 1851 574 1931 3.
608 1858 714 1932 lllum
749 1859 1012 1957 respondisse,
1052 1858 1286 1933 Vatinium
1275 1885 1313 1932 m
1347 1856 1568 1963 trilbuuatu

124 2071 127 2078 r
231 1974 357 2072 gratis
383 1969 476 2044 nihil
507 1971 653 2044 fecisse.

324 2089 389 2133 -5
410 2087 765 2172 triniesurmab⁶·1ps0
788 2086 830 2155 C.
854 2088 993 2154 Caesare
1016 2091 1055 2153 de
1076 2078 1264 2173 indignitate
1288 2089 1329 2154 P.
1352 2086 1498 2169 Vatinii,
1531 2104 1569 2158 ut

241 2203 311 2247 eram
338 2183 504 2246 iustissime
528 2183 685 2265 repulsam
712 2184 822 2248 tulisse
856 2182 883 2246 is
909 2184 1002 2247 etiam
1028 2183 1299 2270 pronuntiaverit,
1323 2184 1376 2267 qui
1401 2184 1431 2247 ei
1461 2186 1568 2250 maxi·

240 2294 319 2340 mam
336 2276 469 2361 gratiam
487 2278 602 2340 debuit
614 2280 658 2341 ob
672 2277 865 2340 tribunatum
883 2275 1045 2353 videlieet,
1070 2277 1101 2340 in
1124 2297 1190 2362 qup
1206 2297 1239 2338 se
1255 2268 1402 2340 Vatinius
1423 2281 1567 2343 esuauei·

197 2382 374 2453 supererat
396 2367 543 2434 Caesaris
566 2370 734 2434 voluntati.
788 2373 933 2433 Summae
962 2369 1063 2455 igitur
1094 2370 1262 2455 aeqrritatis
1293 2372 1375 2433 hanc
1399 2372 1567 2455 repulsam

239 2462 335 2553 iaeit,
359 2484 440 2548 quae
463 2484 521 2527 nec
543 2462 585 2527 0.
610 2462 761 2534 Caesari⁷
783 2461 993 2546 displicuerit.

316 2588 439 2662 XVII.
467 2581 503 2661 l.
542 2587 600 2661 An
626 2587 688 2661 illa
715 2591 929 2662 taeterrima
956 2586 1075 2660 furia⁸
1102 2582 1318 2685 productus.

326 2709 356 2771 A
392 2705 434 2770 P.
464 2705 582 2771 Clodio
617 2709 642 2781 †
673 2728 743 2770 eum
777 2727 864 2770 reum
897 2705 1089 2780 Vatinius⁹,
1128 2705 1184 2788 qui
1213 2709 1365 2769 adversus
1397 2705 1562 2770 Milonem

239 2800 453 2866 testimoninm
469 2801 607 2878 diceret,
631 2803 719 2885 qrrod
734 2799 880 2862 habuisse
895 2811 1033 2863 armatos
1057 2801 1214 2862 rideretur
1237 2821 1277 2862 eo
1299 2812 1466 2882 tempore,
1492 2821 1562 2884 quo

197 2909 229 2957 tt
240 2892 359 2960 Cicero
371 2895 536 2959 restitutus
548 2897 573 2935 ¹⁰
595 2906 655 2958 est.
679 2897 742 2958 Sed
757 2897 819 2956 hoc
831 2895 904 2934 -¹¹
918 2892 1062 2977 graviter
1077 2893 1107 2955 in
1122 2893 1288 2978 Vatinium
1303 2894 1455 2968 retorsit,
1471 2896 1563 2977 qrrod

184 3058 185 3069 χ
240 2976 358 3052 oblitus
380 2988 579 3071 inprobitatis
602 2987 754 3081 pristinae
778 2986 935 3051 Milouem
957 3007 1038 3049 nsrnc
1062 2986 1240 3052 laudaverit
1262 3008 1364 3070 nuper
1385 3008 1446 3051 suo
1469 2987 1562 3050 testi·

241 3082 350 3179 monio
370 3081 562 3179 lacessitum.

257 3194 617 3281 2Ιο0100010οι.

325 3323 477 3388 Notabile
498 3305 756 3401 deminutivum.
801 3322 854 3386 Sic
879 3334 982 3386 tamen
1008 3333 1135 3386 veteres
1157 3333 1189 3385 et
1210 3323 1377 3385 aetatulam
1400 3332 1433 3384 et
1458 3324 1561 3387 nube·

198 3430 230 3481 st
240 3417 341 3482 erulam
356 3417 514 3480 dixerunt.
564 3419 627 3481 Sed
641 3419 693 3481 hle
706 3416 882 3480 consultius
897 3438 974 3500 per
971 3417 1209 3479 deminutionem
1224 3415 1322 3492 dixit,
1346 3438 1440 3500 quiam
1452 3417 1561 3480 dicere

241 3511 417 3599 maluisset,
442 3522 476 3572 ut
492 3499 625 3574 Milonis
647 3521 892 3575 consuunmatam
911 3521 942 3572 et
957 3509 1106 3573 invictam
1123 3511 1270 3572 virtutem
1289 3512 1454 3593 proferat,
1476 3532 1561 3595 quae

239 3623 304 3709 non
326 3604 429 3688 possit
450 3602 564 3668 abiecti
585 3604 720 3704 hominis
741 3602 974 3697 obtrectatione
996 3603 1157 3700 macrslari.

315 3723 353 3805 3.
382 3729 500 3830 Quum
526 3725 674 3827 re¹²p.
702 3729 993 3802 administranda
1016 3696 1245 3802 TitoAnuio
1263 3727 1420 3802 eumP.
1429 3726 1559 3805 Sestio

241 3840 671 3934 consiliorumlsooietas
697 3841 821 3914 suerit.

199 3978 229 4028 ts
325 3959 447 4024 Mire¹³
469 3961 658 4045 complexus
680 3969 728 4024 est
752 3980 877 4022 caussam
900 3960 1035 4022 duorum
1059 3956 1195 4022 Milonis
1219 3969 1251 4022 et
1272 3958 1385 4036 Sestii,
1408 3980 1478 4023 eam
1498 3980 1559 4043 per

259 4152 262 4157 ’
311 4155 335 4201 l.
353 4156 395 4201 Sir
412 4155 474 4201 003.
500 4161 526 4200 at
549 4169 573 4212 p.
594 4151 653 4202 339.
673 4157 691 4200 Ι.
713 4152 754 4202 19.
774 4177 806 4189 ·-
824 4152 922 4198 Maias:
951 4142 1087 4197 assertore.
1116 4152 1188 4196 Βιιτ.
1225 4149 1250 4196 2.
1269 4151 1332 4196 003.
1357 4151 1467 4196 obnixus
1486 4151 1559 4198 ortis·

376 4226 456 4272 burst.
494 4222 517 4272 3.
535 4227 595 4270 003.
606 4231 739 4283 praetura.
776 4222 801 4268 l.
821 4219 1023 4269 Cebennam.
1061 4221 1084 4270 5.
1104 4222 1411 4266 vtrsteutnscmum.
1452 4221 1476 4271 6.
1496 4224 1559 4267 cot.

377 4294 414 4339 tu.
451 4293 476 4341 1.
496 4294 557 4339 003.
576 4292 704 4340 Censoris.
740 4291 765 4338 8.
786 4294 820 4338 tn
839 4295 892 4338 033.
922 4293 954 4337 at
972 4293 1032 4336 003.
1046 4290 1125 4354 ,111105
1143 4295 1270 4344 mendose,
1293 4297 1317 4335 ut
1335 4291 1457 4336 arbitror:
1478 4306 1560 4349 quasn-

377 4378 447 4422 qusm
464 4371 488 4410 et
504 4379 518 4408 a
531 4366 647 4410 Cicerone
665 4363 700 4408 ud
716 4361 765 4409 An.
785 4365 805 4408 1.
828 4360 869 4408 14.
890 4362 965 4406 Curio
977 4363 1063 4406 dieitur
1074 4360 1161 4424 filiolo
1176 4366 1273 4416 propter
1291 4367 1443 4415 prostitutam
1455 4363 1560 4406 Antonio

378 4435 524 4490 pudicitiam.
562 4433 586 4482 ⁹.
607 4435 647 4479 Sic
668 4436 728 4478 Cod.
752 4434 831 4478 Maius
849 4433 929 4478 cont:
961 4432 1078 4490 coarguat
1105 4426 1242 4475 Vatinium.
1281 4429 1412 4491 lleod.
1443 4425 1558 4477 restitus.

353 4504 420 4557 „ll.
440 4505 580 4550 Versiculos
599 4504 644 4548 Gr.
670 4517 767 4548 securis.
806 4500 847 4546 12.
866 4501 1085 4546 1133οι000000.
1125 4496 1167 4545 ll.
1186 4500 1247 4548 Cod.
1267 4502 1358 4546 suirue.

275 4619 277 4622 ⁴
316 4613 359 4661 to.
382 4605 482 4659 Recole
503 4604 656 4657 Sesttsnsm
677 4621 739 4678 cap.
763 4604 836 4659 Llll.
857 4606 882 4658 1.
903 4606 930 4657 2.

315 4680 359 4735 11,
381 4680 481 4733 Recole
502 4685 568 4734 trem
590 4680 742 4733 sessionem
763 4679 818 4733 loc.
839 4684 890 4731 eis.

313 4759 358 4811 25.
381 4756 480 4810 necate
500 4753 534 4807 sd
552 4743 736 4810 Miloolsriam
757 4754 818 4808 xV.
838 4758 864 4814 5.
885 4766 1126 4825 «sargumentum
1145 4747 1295 4806 Sestianae.
