3210 5280
477 212 526 277 tu
548 211 691 279 ORAT.
713 212 808 279 Ptto
824 209 1053 279 resumo·
1363 211 1426 287 269

198 354 268 429 llio
295 353 335 431 S.
363 354 405 429 C.
434 356 533 454 quod
557 358 595 430 iu
621 366 855 430 monumento
880 357 990 430 Marii
1014 356 1149 429 iactum
1176 365 1244 430 est.

123 491 126 497 ·
206 475 264 556 [P.
287 474 375 554 167]
405 473 444 536 ln
470 473 590 556 templo
619 472 739 537 seilicet
765 472 909 538 Honoris
932 483 966 538 et
987 471 1140 552 Virtutis,
1173 471 1295 558 iniquo
1322 485 1423 539 actum

117 567 255 651 primum
279 566 403 630 videtur
425 569 463 630 de
484 567 683 632 restitutione
709 565 886 632 Ciceronis.
1222 578 1226 587 '

195 685 232 766 3.
260 690 341 791 Quo
368 691 512 789 quidem
539 692 646 765 etiam
673 693 793 792 magis
814 716 915 787 sum,
940 715 1014 765 uon
1041 691 1158 765 dicam
1180 693 1313 788 miser,
1340 717 1423 765 nam

119 803 191 878 boc
217 804 362 901 quidem
390 802 567 876 abhorret
591 828 612 877 a
638 807 775 877 virtute
799 804 973 897 verbum,
1006 804 1072 877 sed
1098 813 1199 877 certe
1225 807 1450 879 exercitus.⁵

204 922 295 984 Hauc
316 920 497 984 senteutiam
518 923 686 984 secuudum
709 919 781 983 iilos
802 920 1012 1002 philosophos
1034 919 1155 996 intulit,
1189 919 1243 1003 qui
1263 915 1423 984 existima·

119 1027 236 1079 vertunt
258 1034 384 1095 semper
402 1016 513 1077 beatos
534 1035 603 1078 esse
624 1013 801 1095 sapientes,
826 1034 982 1097 nunquam
1004 1012 1155 1078 miseros¹
1179 1013 1421 1077 existimandus:

119 1132 159 1172 ae
180 1109 299 1193 siquid
319 1107 445 1172 adversi
465 1107 671 1190 prudentibus
694 1107 856 1184 eveniret,
878 1126 941 1170 uon
970 1127 1103 1189 poenam
1126 1106 1226 1192 magis
1245 1118 1278 1170 et
1298 1107 1423 1179 calami·¹

120 1214 237 1279 tatem,
261 1223 352 1287 quem
376 1200 630 1264 exercitationem
653 1221 720 1264 esee
742 1202 902 1264 fortunae.

198 1324 396 1399 XXXIlll.
425 1318 460 1397 i.
499 1325 568 1398 Hic
607 1327 713 1398 etiam
753 1324 926 1397 addidisti
958 1349 1015 1397 me
1050 1322 1190 1397 idcirco
1227 1349 1306 1399 mea
1342 1326 1464 1425 legero

119 1439 233 1512 exibo
259 1440 431 1512 ambitum
458 1433 671 1532 sanxiss02,
705 1446 744 1509 ut
770 1435 1059 1510 miserabiliores
1086 1437 1249 1535 epilogos
1274 1460 1421 1535 possem

117 1551 256 1623 dicere.

203 1666 303 1732 Varia
332 1664 530 1729 cavillatione
560 1665 742 1728 Laterensis
772 1673 957 1729 exercuerat
978 1667 1177 1747 asperitatem
1198 1665 1352 1730 stomachi
1372 1666 1422 1730 sui
1460 1717 1466 1728 .

117 1762 149 1826 iu
173 1762 226 1824 nl.
250 1759 407 1833 Tullium,
433 1771 465 1821 ut
487 1758 577 1820 etiam
600 1779 653 1836 ea,
687 1758 801 1843 quibus
822 1759 905 1822 illius
927 1760 1030 1823 oratio
1053 1758 1186 1822 maxime
1206 1760 1331 1837 iloruit,
1356 1760 1420 1824 ele·

119 1876 198 1916 sare
221 1854 280 1896 -³
303 1864 530 1934 perseveraret.
574 1853 644 1914 Nec
674 1851 874 1935 ignoramus,
904 1865 1034 1918 attetore
1055 1852 1126 1935 ipso
1148 1851 1304 1917 Cicerone
1324 1865 1356 1917 et
1377 1844 1421 1918 e.
1433 1872 1463 1919 ts

119 1946 264 2011 Antonio
290 1966 398 2024 eous,
419 1945 522 2027 legem
548 1944 740 2007 severiorem
762 1947 800 2008 de
825 1944 983 2028 puniendo
1004 1945 1122 2008 ambitu
1142 1945 1310 2028 scriptam,
1334 1945 1421 2009 estius

118 2039 256 2102 meminit
277 2059 338 2120 pro
361 2040 511 2100 Murena.
555 2039 634 2099 Nam
651 2037 836 2100 elementior
851 2038 1045 2122 aliquatenus
1065 2038 1229 2102 ridebatur
1250 2039 1302 2101 lex
1323 2039 1422 2102 luisse

119 2131 304 2212 Calpurnia.
358 2134 421 2194 Hic
455 2152 535 2214 ergo
568 2142 724 2193 mutuatus
752 2142 800 2192 est
828 2130 1075 2194 occasiunculam
1105 2135 1256 2215 qttaudam
1285 2131 1420 2194 amarius

118 2225 310 2298 lacessendi,
333 2237 367 2287 ut
389 2225 547 2287 videretur
562 2222 749 2286 atrociorem
766 2244 897 2305 poenam
913 2235 1084 2307 eapropter
1106 2226 1258 2287 adversus
1273 2223 1419 2287 ambitum
1512 2254 1515 2265 ·

121 2317 179 2400 [Ρ.
204 2317 291 2399 178.]
328 2317 541 2394 decreivisse,
566 2329 598 2379 ut
621 2339 680 2398 pro
702 2317 763 2380 reis
786 2318 884 2380 turrito
906 2315 1101 2380 lacrimosius
1123 2327 1300 2397 peroraret.
1332 2317 1462 2380 'Nonii

119 2410 219 2473 atinus
241 2420 342 2473 tamen
365 2413 501 2473 urbanei
523 2421 553 2473 et
574 2410 642 2492 ipse
663 2413 848 2492 respondet,
872 2412 1022 2473 denotans
1043 2408 1166 2472 nimiam
1182 2408 1365 2471 Laterensis
1386 2421 1418 2472 et

118 2504 352 2568 immoderatam
376 2504 621 2566 contumeliosae
643 2503 789 2566 audaciae
816 2503 1015 2567 insulsitatem
1044 2502 1196 2567 dicendo:
1229 2503 1314 2576 „Sed
1335 2502 1417 2567 boe⁵

119 2596 225 2658 nescio
249 2599 409 2678 qtrotuodo
431 2596 617 2679 frequenter
636 2595 667 2657 iu
691 2616 739 2658 tue
761 2595 982 2679 congessisti⁶,
1016 2616 1151 2679 saneque
1180 2597 1211 2659 iu
1240 2615 1280 2658 eo
1308 2598 1420 2658 creber

118 2686 244 2751 luisti.’'
276 2691 319 2753 Ut
339 2691 417 2752 haec
438 2688 609 2765 inmodica,
632 2689 747 2753 creber
756 2687 891 2780 suisti,
915 2699 946 2752 et
966 2690 1006 2752 ab
1027 2690 1224 2773 inpudentiae
1245 2689 1420 2753 temeritate

119 2783 320 2846 uenientia⁷l
1429 2787 1460 2834 ²⁵

195 2899 232 2980 3.
260 2908 380 2981 Rhodi
407 2910 521 3002 euim,
547 2908 684 3005 iuquit,
711 2905 802 3005 ego⁸
827 2933 903 2980 non
928 2907 1004 3003 fui3
1031 2932 1087 2981 me
1112 2908 1192 2982 vult
1216 2907 1341 2981 luisse.

203 3026 249 3087 Et
277 3025 437 3088 verissime
465 3036 588 3088 constat
608 3024 639 3086 in
660 3024 760 3107 prima
781 3025 986 3088 adulescentia
1009 3026 1156 3089 Rhodum
1178 3023 1342 3110 navigasse
1364 3024 1419 3088 M.

130 3172 1405 3186 .-Ἣ-ι*
1430 3168 1435 3179 “

191 3285 214 3328 1.
234 3284 295 3330 cot.
314 3299 362 3329 non
381 3285 496 3330 miseros.
532 3282 558 3329 2.
578 3285 613 3330 its
636 3284 697 3329 bute
717 3286 796 3329 iorum
819 3284 959 3330 mirabiliter
979 3286 1027 3330 iem
1045 3290 1211 3341 perstrueret
1229 3284 1375 3330 Garatonits
1395 3285 1418 3329 ie

258 3356 312 3398 adn.
333 3357 370 3399 ed.
390 3354 463 3409 Nesp.
484 3359 509 3398 ut
528 3368 582 3398 enm
601 3368 661 3398 nune
679 3354 758 3398 Codex
778 3353 860 3398 Ambr.
879 3355 950 3400 sistit.
986 3357 1018 3398 tt
1037 3355 1059 3399 in
1079 3354 1220 3399 editionibus
1240 3355 1310 3413 vulgo
1333 3356 1418 3399 codici·

258 3425 347 3482 busque
370 3425 548 3479 corruptissime
577 3424 697 3483 legebatur
725 3437 759 3467 ss
784 3424 833 3468 isto
850 3425 944 3469 ambita
961 3425 1083 3469 traxisse.
1104 3423 1132 3469 N.
1171 3420 1195 3469 3.
1220 3424 1325 3479 Spatium
1352 3426 1419 3468 unius

256 3495 373 3538 vocabuli.
411 3491 435 3538 l.
454 3494 514 3537 (lod.
533 3492 652 3541 urbanus.
689 3489 714 3538 ⁵.
733 3494 793 3538 Coti.
812 3490 882 3538 boec.
919 3494 965 3539 Sed
982 3491 1026 3538 toe
1044 3507 1108 3539 sorr.
1128 3491 1158 3540 Ν.
1196 3491 1220 3538 6.
1240 3493 1300 3539 Coti.
1319 3507 1419 3538 coness-

259 3565 326 3608 sisti.
364 3561 387 3610 7.
409 3564 442 3607 tta
463 3563 607 3620 interpungit
624 3564 684 3607 bute
707 3563 784 3608 locuta
804 3561 849 3618 N.,
875 3577 904 3607 ne
922 3564 1023 3607 biuiettn
1044 3563 1158 3608 scholium
1176 3563 1216 3607 sit.
1252 3563 1292 3608 Sis
1312 3563 1420 3607 videlieet

258 3633 363 3676 oratoris
382 3635 428 3676 sim
446 3633 574 3676 admiratur
592 3633 709 3688 interpres
731 3632 822 3676 rltetor.
858 3631 971 3679 Proiecto
995 3633 1049 3691 quin
1075 3632 1157 3677 rhetor
1178 3634 1210 3676 sit
1232 3633 1269 3677 ieie
1294 3633 1419 3677 Tullianus

156 3753 161 3761 ,
256 3704 389 3757 interpres,
414 3701 515 3746 dubitari
537 3703 602 3745 nulio
626 3704 695 3746 modo
716 3707 802 3757 potest.
847 3702 909 3746 'i'oto
935 3701 997 3746 enisu
1024 3702 1193 3746 commentario
1220 3703 1284 3756 pouit
1307 3702 1419 3746 vocabuit

260 3772 464 3831 artigraphorum,
483 3769 608 3815 artificium
626 3771 698 3815 Tullii
715 3773 846 3816 oratorium
866 3772 988 3826 dissipatis
1008 3773 1079 3816 vsiuti
1100 3772 1218 3826 tecturam
1238 3776 1261 3815 et
1278 3771 1335 3814 ntdsi
1354 3776 1419 3815 terte

258 3842 349 3885 ridetur
370 3841 458 3896 passim
477 3854 533 3896 prae
554 3854 579 3884 se
598 3840 661 3886 ferre
674 3841 829 3885 elocutionem
842 3841 895 3885 tutti
913 3840 978 3886 titius
994 3840 1100 3885 Victoris
1112 3839 1230 3893 rhetoris,
1249 3853 1318 3898 quem
1330 3838 1419 3884 liotnes

259 3924 334 3966 nuper
350 3912 421 3955 edidi.
459 3908 484 3954 8.
503 3909 581 3954 Etiam
596 3912 670 3954 eudes
687 3908 812 3954 mimicus
830 3911 890 3966 aput
908 3908 992 3957 Garat.
1006 3909 1076 3957 babet
1089 3920 1150 3969 ego,
1170 3911 1230 3968 qnod
1242 3911 1308 3955 deest
1319 3911 1342 3953 iu
1357 3909 1417 3954 stt.

118 4046 174 4085 eet.
211 4028 281 4082 Tum
301 4028 414 4082 Clodius
441 4037 560 4096 rogetus
584 4028 655 4080 diem
681 4027 795 4081 dicendo
818 4034 939 4080 eximere
957 4034 1063 4100 coepit:
1085 4025 1210 4099 fierebat
1227 4045 1246 4078 a
1264 4027 1371 4079 Racilio
1389 4045 1419 4077 se

117 4109 320 4156 eonissmnciter
338 4103 523 4174 interioresque
542 4111 675 4155 veratrum
695 4119 748 4157 cet.
785 4104 830 4156 De
850 4104 968 4156 tribssnis
988 4104 1063 4173 plebs
1086 4103 1168 4172 longe
1186 4107 1318 4172 optimum
1336 4101 1419 4154 liaci-

117 4180 186 4232 lium
205 4177 343 4231 habemus.
380 4179 509 4243 Plancius
528 4187 604 4230 totus
621 4187 787 4234 nertstert.
823 4176 924 4234 Conier
943 4184 1027 4232 etiam
1046 4177 1079 4231 ad
1098 4176 1194 4234 temti.
1216 4178 1237 4232 7.
1257 4181 1282 4234 7.

211 4312 238 4368 5.
257 4309 374 4381 Egregie
400 4322 464 4360 stne
490 4309 607 4360 consilio
632 4310 799 4363 Garateuius
823 4306 920 4361 sedem
938 4309 1056 4363 lionoris
1076 4322 1155 4381 atque
1174 4308 1290 4361 Virtutis
1310 4306 1427 4381 Maris-¹

118 4398 199 4448 uem,
218 4388 320 4455 scripta
341 4383 471 4456 peculiari
491 4380 624 4444 diatriba,
644 4384 769 4437 distinxit
788 4382 905 4456 denique
923 4398 938 4433 a
959 4382 1135 4438 Marcellinus
1154 4381 1275 4445 eiusdem
1295 4382 1420 4453 appels-

119 4462 213 4512 tionis.
261 4460 331 4512 Nam
357 4473 436 4511 autes
461 4457 571 4528 quidem
599 4474 630 4510 es
658 4475 700 4510 res
726 4474 753 4511 et
773 4461 841 4511 mitti
861 4475 888 4512 et
907 4458 984 4522 aliis,
1011 4463 1095 4513 stiam
1114 4457 1266 4521 veteribus,
1294 4455 1420 4510 tenebret

118 4531 262 4586 effuderat.
301 4533 372 4585 Usus
392 4549 431 4586 est
452 4549 542 4585 antem
563 4538 603 4586 air
616 4531 792 4595 doctissimus
807 4532 839 4585 ed
852 4549 912 4586 eant
925 4531 1131 4588 distinctionem
1145 4530 1303 4585 firmandam
1311 4529 1420 4605 duplici

120 4607 237 4660 vitruvii
262 4607 325 4659 loco
350 4606 414 4660 iibri
441 4608 493 4660 iil.
522 4617 545 4664 1.
572 4623 601 4661 et
625 4607 689 4660 libri
715 4611 826 4680 septimi
852 4609 1012 4681 prohoemio
1037 4625 1093 4663 uon
1112 4608 1209 4683 procul
1227 4622 1243 4660 t
1263 4606 1324 4662 bne.
1370 4607 1419 4662 liis

120 4680 228 4736 accedit
247 4680 362 4754 denique
381 4687 503 4755 egregins
523 4698 616 4736 noster
634 4686 771 4757 interpres
791 4682 996 4738 Ambrosianus.

189 4759 235 4817 15·
257 4761 299 4814 Au
317 4757 486 4811 exerceret?
511 4755 565 4812 Oa.
713 4762 759 4820 17.
779 4757 867 4834 capp.
884 4758 937 4816 lli.
957 4758 1077 4815 xxxii.
