<?xml version="1.0" encoding="UTF-8"?>
<!DOCTYPE html PUBLIC "-//W3C//DTD XHTML 1.0 Transitional//EN"
    "http://www.w3.org/TR/xhtml1/DTD/xhtml1-transitional.dtd">
<html xmlns="http://www.w3.org/1999/xhtml" xml:lang="en" lang="en">
 <head>
  <title>
</title>
<meta http-equiv="Content-Type" content="text/html;charset=utf-8" />
  <meta name='ocr-system' content='tesseract 3.04.00' />
  <meta name='ocr-capabilities' content='ocr_page ocr_carea ocr_par ocr_line ocrx_word'/>
</head>
<body>
  <div class='ocr_page' id='page_1' title='image "./operaquaesupers03halmgoog/operaquaesupers03halmgoog_0276.png"; bbox 0 0 3210 5280; ppageno 0'>
   <div class='ocr_carea' id='block_1_1' title="bbox 494 222 1425 298">
    <p class='ocr_par' dir='ltr' id='par_1_1' title="bbox 494 222 1425 298">
     <span class='ocr_line' id='line_1_1' title="bbox 494 222 1425 298; baseline -0.004 -4"><span class='ocrx_word' id='word_1_1' title='bbox 494 229 543 294; x_wconf 84' lang='lat' dir='ltr'><strong>IN</strong></span> <span class='ocrx_word' id='word_1_2' title='bbox 568 229 711 297; x_wconf 72' lang='lat' dir='ltr'><strong>onst.</strong></span> <span class='ocrx_word' id='word_1_3' title='bbox 733 229 1049 298; x_wconf 76' lang='lat' dir='ltr'><strong>PRO&#39;FLACCO.</strong></span> <span class='ocrx_word' id='word_1_4' title='bbox 1202 222 1205 226; x_wconf 45' lang='lat'><strong><em>⁴</em></strong></span> <span class='ocrx_word' id='word_1_5' title='bbox 1360 228 1425 291; x_wconf 82' lang='lat' dir='ltr'><strong>tts.</strong></span> 
     </span>
    </p>
   </div>
   <div class='ocr_carea' id='block_1_2' title="bbox 118 365 1423 456">
    <p class='ocr_par' dir='ltr' id='par_1_2' title="bbox 118 365 1423 456">
     <span class='ocr_line' id='line_1_2' title="bbox 118 365 1423 456; baseline -0.001 -25"><span class='ocrx_word' id='word_1_6' title='bbox 118 365 221 431; x_wconf 89' lang='lat' dir='ltr'><strong>videri</strong></span> <span class='ocrx_word' id='word_1_7' title='bbox 241 377 368 449; x_wconf 90' lang='lat' dir='ltr'><strong>poterat</strong></span> <span class='ocrx_word' id='word_1_8' title='bbox 387 367 457 431; x_wconf 90' lang='lat' dir='ltr'><strong>iure</strong></span> <span class='ocrx_word' id='word_1_9' title='bbox 478 367 510 432; x_wconf 93' lang='lat' dir='ltr'><strong>in</strong></span> <span class='ocrx_word' id='word_1_10' title='bbox 531 390 654 433; x_wconf 86' lang='lat' dir='ltr'><strong>manum</strong></span> <span class='ocrx_word' id='word_1_11' title='bbox 675 371 880 448; x_wconf 87' lang='lat' dir='ltr'><strong>convenisse,</strong></span> <span class='ocrx_word' id='word_1_12' title='bbox 909 374 1005 456; x_wconf 80' lang='lat' dir='ltr'><strong>quoin</strong></span> <span class='ocrx_word' id='word_1_13' title='bbox 1026 370 1078 434; x_wconf 89' lang='lat' dir='ltr'><strong>bic</strong></span> <span class='ocrx_word' id='word_1_14' title='bbox 1099 371 1129 435; x_wconf 91' lang='lat' dir='ltr'><strong>ei</strong></span> <span class='ocrx_word' id='word_1_15' title='bbox 1155 381 1243 434; x_wconf 91' lang='lat' dir='ltr'><strong>tutor</strong></span> <span class='ocrx_word' id='word_1_16' title='bbox 1264 368 1423 454; x_wconf 88' lang='lat' dir='ltr'><strong>legitimus</strong></span> 
     </span>
    </p>
   </div>
   <div class='ocr_carea' id='block_1_3' title="bbox 116 462 1424 635">
    <p class='ocr_par' dir='ltr' id='par_1_3' title="bbox 116 462 1424 635">
     <span class='ocr_line' id='line_1_3' title="bbox 117 462 1424 567; baseline 0.003 -45"><span class='ocrx_word' id='word_1_17' title='bbox 117 474 231 525; x_wconf 80' lang='lat' dir='ltr'><strong>auctor</strong></span> <span class='ocrx_word' id='word_1_18' title='bbox 262 484 324 567; x_wconf 81' lang='lat' dir='ltr'><strong>non</strong></span> <span class='ocrx_word' id='word_1_19' title='bbox 351 462 468 540; x_wconf 82' lang='lat' dir='ltr'><strong>inserit,</strong></span> <span class='ocrx_word' id='word_1_20' title='bbox 501 476 533 527; x_wconf 92' lang='lat' dir='ltr'><strong>ct</strong></span> <span class='ocrx_word' id='word_1_21' title='bbox 560 464 632 528; x_wconf 85' lang='lat' dir='ltr'><strong>idco</strong></span> <span class='ocrx_word' id='word_1_22' title='bbox 659 465 815 533; x_wconf 72' lang='lat' dir='ltr'>hereditas</span> <span class='ocrx_word' id='word_1_23' title='bbox 842 469 882 528; x_wconf 88' lang='lat' dir='ltr'><strong>ad</strong></span> <span class='ocrx_word' id='word_1_24' title='bbox 909 467 992 528; x_wconf 87' lang='lat' dir='ltr'><strong>bunc</strong></span> <span class='ocrx_word' id='word_1_25' title='bbox 1012 465 1160 530; x_wconf 85' lang='lat' dir='ltr'><strong>Flaccum</strong></span> <span class='ocrx_word' id='word_1_26' title='bbox 1189 464 1332 548; x_wconf 89' lang='lat' dir='ltr'><strong>legitimo</strong></span> <span class='ocrx_word' id='word_1_27' title='bbox 1353 462 1424 526; x_wconf 86' lang='lat' dir='ltr'><strong>iure</strong></span> 
     </span>
     <span class='ocr_line' id='line_1_4' title="bbox 116 566 311 635; baseline 0.005 -19"><span class='ocrx_word' id='word_1_28' title='bbox 116 566 311 635; x_wconf 82' lang='lat' dir='ltr'><strong>pervenerit.</strong></span> 
     </span>
    </p>
   </div>
   <div class='ocr_carea' id='block_1_4' title="bbox 116 639 1449 890">
    <p class='ocr_par' dir='ltr' id='par_1_4' title="bbox 116 639 1449 890">
     <span class='ocr_line' id='line_1_5' title="bbox 192 639 1444 784; baseline 0.002 -33"><span class='ocrx_word' id='word_1_29' title='bbox 192 674 229 752; x_wconf 81' lang='lat'><strong>2.</strong></span> <span class='ocrx_word' id='word_1_30' title='bbox 257 677 330 752; x_wconf 68' lang='grc' dir='ltr'><strong>ΑΗ</strong></span> <span class='ocrx_word' id='word_1_31' title='bbox 370 681 478 754; x_wconf 85' lang='lat' dir='ltr'><strong>istius</strong></span> <span class='ocrx_word' id='word_1_32' title='bbox 517 656 733 758; x_wconf 84' lang='lat' dir='ltr'><strong>bereditatis</strong></span> <span class='ocrx_word' id='word_1_33' title='bbox 764 639 838 757; x_wconf 88' lang='lat' dir='ltr'><strong>iam</strong></span> <span class='ocrx_word' id='word_1_34' title='bbox 870 683 1031 759; x_wconf 86' lang='lat' dir='ltr'>Globulo</span> <span class='ocrx_word' id='word_1_35' title='bbox 1064 693 1262 784; x_wconf 82' lang='lat' dir='ltr'><strong>praetore,</strong></span> <span class='ocrx_word' id='word_1_36' title='bbox 1300 681 1444 778; x_wconf 59' lang='lat' dir='ltr'><strong>Flacci,</strong></span> 
     </span>
     <span class='ocr_line' id='line_1_6' title="bbox 116 793 1449 890; baseline 0.009 -26"><span class='ocrx_word' id='word_1_37' title='bbox 116 793 283 885; x_wconf 87' lang='lat' dir='ltr'><strong>nomine,</strong></span> <span class='ocrx_word' id='word_1_38' title='bbox 309 793 424 889; x_wconf 88' lang='lat' dir='ltr'><strong>petita</strong></span> <span class='ocrx_word' id='word_1_39' title='bbox 447 797 639 890; x_wconf 80' lang='lat' dir='ltr'><strong>possessio</strong></span> <span class='ocrx_word' id='word_1_40' title='bbox 665 806 734 870; x_wconf 89' lang='lat' dir='ltr'><strong>est.</strong></span> <span class='ocrx_word' id='word_1_41' title='bbox 1326 830 1334 846; x_wconf 77' lang='lat'><strong>·</strong></span> <span class='ocrx_word' id='word_1_42' title='bbox 1434 811 1449 862; x_wconf 80' lang='lat'>⁵</span> 
     </span>
    </p>
   </div>
   <div class='ocr_carea' id='block_1_5' title="bbox 115 908 1467 1908">
    <p class='ocr_par' dir='ltr' id='par_1_5' title="bbox 115 908 1467 1908">
     <span class='ocr_line' id='line_1_7' title="bbox 200 908 1423 999; baseline -0.003 -26"><span class='ocrx_word' id='word_1_43' title='bbox 200 908 381 990; x_wconf 83' lang='lat' dir='ltr'><strong>Responsio</strong></span> <span class='ocrx_word' id='word_1_44' title='bbox 406 920 517 974; x_wconf 91' lang='lat' dir='ltr'><strong>contra</strong></span> <span class='ocrx_word' id='word_1_45' title='bbox 538 909 614 975; x_wconf 89' lang='lat' dir='ltr'><strong>illud</strong></span> <span class='ocrx_word' id='word_1_46' title='bbox 639 913 822 989; x_wconf 89' lang='lat' dir='ltr'><strong>adhibetur,</strong></span> <span class='ocrx_word' id='word_1_47' title='bbox 845 914 931 999; x_wconf 88' lang='lat' dir='ltr'><strong>quod</strong></span> <span class='ocrx_word' id='word_1_48' title='bbox 956 925 1120 979; x_wconf 86' lang='lat' dir='ltr'><strong>accusator</strong></span> <span class='ocrx_word' id='word_1_49' title='bbox 1144 911 1325 984; x_wconf 80' lang='lat' dir='ltr'><strong>obicerat’,</strong></span> <span class='ocrx_word' id='word_1_50' title='bbox 1359 928 1423 972; x_wconf 89' lang='lat' dir='ltr'><strong>non</strong></span> 
     </span>
     <span class='ocr_line' id='line_1_8' title="bbox 116 1001 1422 1085; baseline -0.003 -19"><span class='ocrx_word' id='word_1_51' title='bbox 116 1001 261 1066; x_wconf 76' lang='lat' dir='ltr'><strong>debuisse</strong></span> <span class='ocrx_word' id='word_1_52' title='bbox 284 1001 385 1084; x_wconf 91' lang='lat' dir='ltr'><strong>ipsum</strong></span> <span class='ocrx_word' id='word_1_53' title='bbox 401 1003 549 1068; x_wconf 77' lang='lat' dir='ltr'>Flaccum</span> <span class='ocrx_word' id='word_1_54' title='bbox 565 1007 729 1081; x_wconf 88' lang='lat' dir='ltr'><strong>decausa,</strong></span> <span class='ocrx_word' id='word_1_55' title='bbox 751 1008 813 1070; x_wconf 89' lang='lat' dir='ltr'><strong>hoc</strong></span> <span class='ocrx_word' id='word_1_56' title='bbox 835 1018 899 1084; x_wconf 87' lang='lat' dir='ltr'><strong>est,</strong></span> <span class='ocrx_word' id='word_1_57' title='bbox 925 1007 1099 1071; x_wconf 86' lang='lat' dir='ltr'><strong>hereditate</strong></span> <span class='ocrx_word' id='word_1_58' title='bbox 1122 1007 1160 1068; x_wconf 87' lang='lat' dir='ltr'><strong>ad</strong></span> <span class='ocrx_word' id='word_1_59' title='bbox 1181 1025 1215 1068; x_wconf 87' lang='lat' dir='ltr'><strong>se</strong></span> <span class='ocrx_word' id='word_1_60' title='bbox 1237 1001 1422 1085; x_wconf 73' lang='lat' dir='ltr'><strong>pertinenti,</strong></span> 
     </span>
     <span class='ocr_line' id='line_1_9' title="bbox 116 1093 1422 1184; baseline -0.004 -25"><span class='ocrx_word' id='word_1_61' title='bbox 116 1095 271 1170; x_wconf 84' lang='lat' dir='ltr'><strong>iudicare,</strong></span> <span class='ocrx_word' id='word_1_62' title='bbox 294 1094 440 1178; x_wconf 83' lang='lat' dir='ltr'><strong>quoniam</strong></span> <span class='ocrx_word' id='word_1_63' title='bbox 464 1119 556 1162; x_wconf 89' lang='lat' dir='ltr'><strong>nemo</strong></span> <span class='ocrx_word' id='word_1_64' title='bbox 576 1097 618 1161; x_wconf 89' lang='lat' dir='ltr'><strong>sit</strong></span> <span class='ocrx_word' id='word_1_65' title='bbox 638 1099 754 1175; x_wconf 84' lang='lat' dir='ltr'><strong>iudex,</strong></span> <span class='ocrx_word' id='word_1_66' title='bbox 781 1099 890 1184; x_wconf 87' lang='lat' dir='ltr'><strong>quide</strong></span> <span class='ocrx_word' id='word_1_67' title='bbox 913 1101 1044 1184; x_wconf 85' lang='lat' dir='ltr'><strong>negotio</strong></span> <span class='ocrx_word' id='word_1_68' title='bbox 1067 1121 1125 1164; x_wconf 92' lang='lat' dir='ltr'><strong>suo</strong></span> <span class='ocrx_word' id='word_1_69' title='bbox 1141 1119 1204 1163; x_wconf 91' lang='lat' dir='ltr'><strong>non</strong></span> <span class='ocrx_word' id='word_1_70' title='bbox 1227 1096 1267 1174; x_wconf 86' lang='lat' dir='ltr'><strong>ita</strong></span> <span class='ocrx_word' id='word_1_71' title='bbox 1289 1093 1422 1168; x_wconf 88' lang='lat' dir='ltr'><strong>iudicet,</strong></span> 
     </span>
     <span class='ocr_line' id='line_1_10' title="bbox 116 1183 1421 1277; baseline -0.003 -27"><span class='ocrx_word' id='word_1_72' title='bbox 116 1200 150 1250; x_wconf 91' lang='lat' dir='ltr'><strong>ut</strong></span> <span class='ocrx_word' id='word_1_73' title='bbox 175 1188 234 1251; x_wconf 89' lang='lat' dir='ltr'><strong>sibi</strong></span> <span class='ocrx_word' id='word_1_74' title='bbox 261 1186 456 1271; x_wconf 86' lang='lat' dir='ltr'><strong>potissimum</strong></span> <span class='ocrx_word' id='word_1_75' title='bbox 481 1189 598 1254; x_wconf 82' lang='lat' dir='ltr'><strong>l&#39;aveat.</strong></span> <span class='ocrx_word' id='word_1_76' title='bbox 641 1192 755 1277; x_wconf 84' lang='lat' dir='ltr'><strong>Itaque</strong></span> <span class='ocrx_word' id='word_1_77' title='bbox 777 1194 955 1276; x_wconf 67' lang='lat' dir='ltr'><strong>exemplat</strong></span> <span class='ocrx_word' id='word_1_78' title='bbox 983 1193 1086 1257; x_wconf 82' lang='lat' dir='ltr'><strong>Intulit</strong></span> <span class='ocrx_word' id='word_1_79' title='bbox 1106 1192 1333 1274; x_wconf 88' lang='lat' dir='ltr'><strong>plurimorum,</strong></span> <span class='ocrx_word' id='word_1_80' title='bbox 1368 1183 1421 1269; x_wconf 75' lang='lat' dir='ltr'><strong>qui</strong></span> 
     </span>
     <span class='ocr_line' id='line_1_11' title="bbox 115 1279 1466 1365; baseline 0 -24"><span class='ocrx_word' id='word_1_81' title='bbox 115 1303 211 1365; x_wconf 89' lang='lat' dir='ltr'><strong>quum</strong></span> <span class='ocrx_word' id='word_1_82' title='bbox 233 1281 414 1362; x_wconf 88' lang='lat' dir='ltr'><strong>provincias</strong></span> <span class='ocrx_word' id='word_1_83' title='bbox 437 1283 706 1360; x_wconf 82' lang='lat' dir='ltr'><strong>administrarent,</strong></span> <span class='ocrx_word' id='word_1_84' title='bbox 739 1285 929 1350; x_wconf 75' lang='lat' dir='ltr'><strong>hereditates</strong></span> <span class='ocrx_word' id='word_1_85' title='bbox 950 1286 1010 1350; x_wconf 90' lang='lat' dir='ltr'><strong>sibi</strong></span> <span class='ocrx_word' id='word_1_86' title='bbox 1032 1285 1277 1358; x_wconf 74' lang='lat' dir='ltr'><strong>vindicaverint,</strong></span> <span class='ocrx_word' id='word_1_87' title='bbox 1311 1292 1342 1343; x_wconf 89' lang='lat' dir='ltr'><strong>ct</strong></span> <span class='ocrx_word' id='word_1_88' title='bbox 1363 1279 1422 1342; x_wconf 66' lang='lat' dir='ltr'><strong>‘ali‘</strong></span> <span class='ocrx_word' id='word_1_89' title='bbox 1437 1288 1466 1336; x_wconf 89' lang='lat' dir='ltr'><strong>to</strong></span> 
     </span>
     <span class='ocr_line' id='line_1_12' title="bbox 116 1373 1423 1459; baseline -0.001 -24"><span class='ocrx_word' id='word_1_90' title='bbox 116 1373 338 1458; x_wconf 83' lang='lat' dir='ltr'><strong>qtiassiplurimi</strong></span> <span class='ocrx_word' id='word_1_91' title='bbox 360 1375 548 1440; x_wconf 75' lang='lat' dir='ltr'><strong>vindicaturi</strong></span> <span class='ocrx_word' id='word_1_92' title='bbox 570 1377 649 1453; x_wconf 92' lang='lat' dir='ltr'><strong>sint,</strong></span> <span class='ocrx_word' id='word_1_93' title='bbox 673 1380 786 1459; x_wconf 88' lang='lat' dir='ltr'><strong>quibus</strong></span> <span class='ocrx_word' id='word_1_94' title='bbox 809 1379 951 1443; x_wconf 89' lang='lat' dir='ltr'><strong>similiter</strong></span> <span class='ocrx_word' id='word_1_95' title='bbox 974 1378 1152 1443; x_wconf 87' lang='lat' dir='ltr'><strong>obvenerit.</strong></span> <span class='ocrx_word' id='word_1_96' title='bbox 1197 1378 1260 1439; x_wconf 86' lang='lat' dir='ltr'><strong>Sed</strong></span> <span class='ocrx_word' id='word_1_97' title='bbox 1281 1385 1315 1436; x_wconf 95' lang='lat' dir='ltr'><strong>ut</strong></span> <span class='ocrx_word' id='word_1_98' title='bbox 1337 1374 1423 1436; x_wconf 83' lang='lat' dir='ltr'><strong>ostani</strong></span> 
     </span>
     <span class='ocr_line' id='line_1_13' title="bbox 117 1468 1423 1547; baseline 0.002 -17"><span class='ocrx_word' id='word_1_99' title='bbox 117 1468 232 1531; x_wconf 89' lang='lat' dir='ltr'><strong>invidia</strong></span> <span class='ocrx_word' id='word_1_100' title='bbox 265 1468 452 1534; x_wconf 87' lang='lat' dir='ltr'><strong>liberaretur</strong></span> <span class='ocrx_word' id='word_1_101' title='bbox 489 1472 640 1547; x_wconf 87' lang='lat' dir='ltr'><strong>Flaccus,</strong></span> <span class='ocrx_word' id='word_1_102' title='bbox 678 1470 719 1532; x_wconf 85' lang='lat' dir='ltr'><strong>ait</strong></span> <span class='ocrx_word' id='word_1_103' title='bbox 758 1472 800 1534; x_wconf 93' lang='lat' dir='ltr'><strong>P.</strong></span> <span class='ocrx_word' id='word_1_104' title='bbox 836 1473 1008 1536; x_wconf 82' lang='lat' dir='ltr'><strong>Globulum</strong></span> <span class='ocrx_word' id='word_1_105' title='bbox 1040 1476 1238 1535; x_wconf 86' lang='lat' dir='ltr'><strong>decessorem</strong></span> <span class='ocrx_word' id='word_1_106' title='bbox 1270 1469 1352 1533; x_wconf 89' lang='lat' dir='ltr'><strong>illius</strong></span> <span class='ocrx_word' id='word_1_107' title='bbox 1385 1471 1423 1532; x_wconf 85' lang='lat' dir='ltr'><strong>de</strong></span> 
     </span>
     <span class='ocr_line' id='line_1_14' title="bbox 117 1563 1416 1648; baseline -0.002 -23"><span class='ocrx_word' id='word_1_108' title='bbox 117 1563 176 1644; x_wconf 86' lang='lat' dir='ltr'><strong>[P.</strong></span> <span class='ocrx_word' id='word_1_109' title='bbox 201 1563 289 1647; x_wconf 71' lang='lat' dir='ltr'><strong>ten]</strong></span> <span class='ocrx_word' id='word_1_110' title='bbox 319 1563 470 1647; x_wconf 89' lang='lat' dir='ltr'><strong>portione</strong></span> <span class='ocrx_word' id='word_1_111' title='bbox 492 1563 582 1626; x_wconf 91' lang='lat' dir='ltr'><strong>huius</strong></span> <span class='ocrx_word' id='word_1_112' title='bbox 605 1563 803 1648; x_wconf 67' lang='lat' dir='ltr'><strong>berelditatis</strong></span> <span class='ocrx_word' id='word_1_113' title='bbox 831 1577 903 1628; x_wconf 90' lang='lat' dir='ltr'><strong>ante</strong></span> <span class='ocrx_word' id='word_1_114' title='bbox 929 1568 1096 1629; x_wconf 89' lang='lat' dir='ltr'><strong>adventum</strong></span> <span class='ocrx_word' id='word_1_115' title='bbox 1119 1563 1224 1628; x_wconf 82' lang='lat' dir='ltr'><strong>Flacci</strong></span> <span class='ocrx_word' id='word_1_116' title='bbox 1248 1563 1416 1635; x_wconf 89' lang='lat' dir='ltr'><strong>iudicassc;</strong></span> 
     </span>
     <span class='ocr_line' id='line_1_15' title="bbox 117 1655 1424 1743; baseline -0.002 -26"><span class='ocrx_word' id='word_1_117' title='bbox 117 1678 182 1739; x_wconf 81' lang='lat' dir='ltr'><strong>quo</strong></span> <span class='ocrx_word' id='word_1_118' title='bbox 209 1659 307 1743; x_wconf 90' lang='lat' dir='ltr'><strong>magis</strong></span> <span class='ocrx_word' id='word_1_119' title='bbox 336 1666 501 1741; x_wconf 85' lang='lat' dir='ltr'><strong>appareat,</strong></span> <span class='ocrx_word' id='word_1_120' title='bbox 538 1657 611 1719; x_wconf 89' lang='lat' dir='ltr'><strong>nihil</strong></span> <span class='ocrx_word' id='word_1_121' title='bbox 633 1657 791 1721; x_wconf 86' lang='lat' dir='ltr'><strong>incuriose</strong></span> <span class='ocrx_word' id='word_1_122' title='bbox 812 1661 990 1735; x_wconf 86' lang='lat' dir='ltr'><strong>decretum,</strong></span> <span class='ocrx_word' id='word_1_123' title='bbox 1025 1681 1119 1742; x_wconf 87' lang='lat' dir='ltr'><strong>quum</strong></span> <span class='ocrx_word' id='word_1_124' title='bbox 1154 1658 1186 1721; x_wconf 91' lang='lat' dir='ltr'><strong>id</strong></span> <span class='ocrx_word' id='word_1_125' title='bbox 1218 1655 1424 1720; x_wconf 84' lang='lat' dir='ltr'><strong>iudicaverit⁵</strong></span> 
     </span>
     <span class='ocr_line' id='line_1_16' title="bbox 118 1748 1467 1838; baseline -0.001 -27"><span class='ocrx_word' id='word_1_126' title='bbox 118 1750 271 1829; x_wconf 73' lang='lat' dir='ltr'><strong>flaccus,</strong></span> <span class='ocrx_word' id='word_1_127' title='bbox 303 1753 393 1838; x_wconf 88' lang='lat' dir='ltr'><strong>quod</strong></span> <span class='ocrx_word' id='word_1_128' title='bbox 420 1753 531 1815; x_wconf 72' lang='lat' dir='ltr'><strong>Iubsct</strong></span> <span class='ocrx_word' id='word_1_129' title='bbox 558 1748 662 1835; x_wconf 84' lang='lat' dir='ltr'><strong>quiuis</strong></span> <span class='ocrx_word' id='word_1_130' title='bbox 691 1749 788 1828; x_wconf 89' lang='lat' dir='ltr'><strong>alius,</strong></span> <span class='ocrx_word' id='word_1_131' title='bbox 824 1751 852 1816; x_wconf 89' lang='lat' dir='ltr'><strong>si</strong></span> <span class='ocrx_word' id='word_1_132' title='bbox 881 1755 920 1816; x_wconf 90' lang='lat' dir='ltr'><strong>de</strong></span> <span class='ocrx_word' id='word_1_133' title='bbox 948 1756 1055 1816; x_wconf 86' lang='lat' dir='ltr'><strong>cadem</strong></span> <span class='ocrx_word' id='word_1_134' title='bbox 1077 1773 1171 1817; x_wconf 87' lang='lat' dir='ltr'><strong>causa</strong></span> <span class='ocrx_word' id='word_1_135' title='bbox 1193 1759 1422 1835; x_wconf 87' lang='lat' dir='ltr'><strong>cognosceret,</strong></span> <span class='ocrx_word' id='word_1_136' title='bbox 1437 1775 1467 1822; x_wconf 68' lang='grc' dir='ltr'><em>η</em></span> 
     </span>
     <span class='ocr_line' id='line_1_17' title="bbox 117 1841 324 1908; baseline 0.01 -3"><span class='ocrx_word' id='word_1_137' title='bbox 117 1841 324 1908; x_wconf 88' lang='lat' dir='ltr'><strong>iudicaturus.</strong></span> 
     </span>
    </p>
   </div>
   <div class='ocr_carea' id='block_1_6' title="bbox 192 1961 1423 2291">
    <p class='ocr_par' dir='ltr' id='par_1_6' title="bbox 192 1961 1423 2291">
     <span class='ocr_line' id='line_1_18' title="bbox 192 1961 740 2068; baseline 0.004 -28"><span class='ocrx_word' id='word_1_138' title='bbox 192 1961 230 2040; x_wconf 83' lang='lat'><strong>3.</strong></span> <span class='ocrx_word' id='word_1_139' title='bbox 257 1967 316 2042; x_wconf 79' lang='lat' dir='ltr'><strong>An</strong></span> <span class='ocrx_word' id='word_1_140' title='bbox 341 1969 543 2068; x_wconf 84' lang='lat' dir='ltr'><strong>legationes</strong></span> <span class='ocrx_word' id='word_1_141' title='bbox 568 1964 740 2042; x_wconf 84' lang='lat' dir='ltr'><strong>liberas?</strong></span> 
     </span>
     <span class='ocr_line' id='line_1_19' title="bbox 200 2086 810 2168; baseline 0.002 -18"><span class='ocrx_word' id='word_1_142' title='bbox 200 2088 266 2150; x_wconf 83' lang='lat' dir='ltr'><strong>Eas</strong></span> <span class='ocrx_word' id='word_1_143' title='bbox 287 2107 370 2150; x_wconf 84' lang='lat' dir='ltr'><strong>nisnc</strong></span> <span class='ocrx_word' id='word_1_144' title='bbox 391 2097 582 2150; x_wconf 85' lang='lat' dir='ltr'><strong>commeatus</strong></span> <span class='ocrx_word' id='word_1_145' title='bbox 603 2086 810 2168; x_wconf 88' lang='lat' dir='ltr'><strong>appellamus.</strong></span> 
     </span>
     <span class='ocr_line' id='line_1_20' title="bbox 192 2184 1423 2291; baseline -0.003 -26"><span class='ocrx_word' id='word_1_146' title='bbox 192 2191 388 2266; x_wconf 86' lang='lat' dir='ltr'><strong>XXXVII.</strong></span> <span class='ocrx_word' id='word_1_147' title='bbox 417 2184 452 2265; x_wconf 91' lang='lat'><strong>1.</strong></span> <span class='ocrx_word' id='word_1_148' title='bbox 501 2192 607 2265; x_wconf 90' lang='lat' dir='ltr'><strong>Nunc</strong></span> <span class='ocrx_word' id='word_1_149' title='bbox 653 2190 809 2291; x_wconf 87' lang='lat' dir='ltr'><strong>denique</strong></span> <span class='ocrx_word' id='word_1_150' title='bbox 852 2195 1073 2268; x_wconf 84' lang='lat' dir='ltr'><strong>materculae</strong></span> <span class='ocrx_word' id='word_1_151' title='bbox 1110 2218 1197 2268; x_wconf 88' lang='lat' dir='ltr'><strong>suae</strong></span> <span class='ocrx_word' id='word_1_152' title='bbox 1243 2189 1423 2266; x_wconf 70' lang='lat' dir='ltr'><strong>festivusl</strong></span> 
     </span>
    </p>
   </div>
   <div class='ocr_carea' id='block_1_7' title="bbox 116 2301 1466 2406">
    <p class='ocr_par' dir='ltr' id='par_1_7' title="bbox 116 2301 1466 2406">
     <span class='ocr_line' id='line_1_21' title="bbox 116 2301 1466 2406; baseline -0.006 -27"><span class='ocrx_word' id='word_1_153' title='bbox 116 2306 237 2397; x_wconf 88' lang='lat' dir='ltr'><strong>lilius,</strong></span> <span class='ocrx_word' id='word_1_154' title='bbox 265 2305 428 2378; x_wconf 87' lang='lat' dir='ltr'><strong>aniculae</strong></span> <span class='ocrx_word' id='word_1_155' title='bbox 454 2307 599 2378; x_wconf 92' lang='lat' dir='ltr'><strong>minime</strong></span> <span class='ocrx_word' id='word_1_156' title='bbox 626 2306 873 2402; x_wconf 86' lang='lat' dir='ltr'><strong>suspiciosae,</strong></span> <span class='ocrx_word' id='word_1_157' title='bbox 898 2316 1031 2406; x_wconf 84' lang='lat' dir='ltr'><strong>purgat</strong></span> <span class='ocrx_word' id='word_1_158' title='bbox 1056 2330 1096 2379; x_wconf 93' lang='lat' dir='ltr'><strong>se</strong></span> <span class='ocrx_word' id='word_1_159' title='bbox 1122 2330 1189 2404; x_wconf 89' lang='lat' dir='ltr'><strong>pcr</strong></span> <span class='ocrx_word' id='word_1_160' title='bbox 1216 2301 1466 2403; x_wconf 84' lang='lat' dir='ltr'><strong>epistulamss</strong></span> 
     </span>
    </p>
   </div>
   <div class='ocr_carea' id='block_1_8' title="bbox 61 2411 1423 2597">
    <p class='ocr_par' dir='ltr' id='par_1_8' title="bbox 61 2411 1423 2597">
     <span class='ocr_line' id='line_1_22' title="bbox 61 2411 1422 2505; baseline -0.004 -19"><span class='ocrx_word' id='word_1_161' title='bbox 61 2487 66 2504; x_wconf 67' lang='grc'><strong>,</strong></span> <span class='ocrx_word' id='word_1_162' title='bbox 203 2422 331 2486; x_wconf 88' lang='lat' dir='ltr'><strong>..lide</strong></span> <span class='ocrx_word' id='word_1_163' title='bbox 360 2422 404 2486; x_wconf 84' lang='lat' dir='ltr'><strong>sal</strong></span> <span class='ocrx_word' id='word_1_164' title='bbox 436 2434 516 2487; x_wconf 64' lang='lat'><strong>...⁴</strong></span> <span class='ocrx_word' id='word_1_165' title='bbox 542 2411 910 2504; x_wconf 44' lang='lat' dir='ltr'><strong>luxuriam&#39;consumpto</strong></span> <span class='ocrx_word' id='word_1_166' title='bbox 931 2422 1122 2505; x_wconf 87' lang='lat' dir='ltr'><strong>patrimonio</strong></span> <span class='ocrx_word' id='word_1_167' title='bbox 1157 2464 1201 2486; x_wconf 89' lang='lat'><strong>..</strong></span> <span class='ocrx_word' id='word_1_168' title='bbox 1229 2418 1422 2484; x_wconf 90' lang='lat' dir='ltr'><strong>calumniose</strong></span> 
     </span>
     <span class='ocr_line' id='line_1_23' title="bbox 116 2512 1423 2597; baseline -0.001 -20"><span class='ocrx_word' id='word_1_169' title='bbox 116 2515 293 2597; x_wconf 87' lang='lat' dir='ltr'><strong>composita</strong></span> <span class='ocrx_word' id='word_1_170' title='bbox 317 2557 327 2578; x_wconf 94' lang='lat'><strong>.</strong></span> <span class='ocrx_word' id='word_1_171' title='bbox 352 2556 361 2578; x_wconf 90' lang='lat'><strong>.</strong></span> <span class='ocrx_word' id='word_1_172' title='bbox 384 2536 460 2577; x_wconf 86' lang='lat' dir='ltr'><strong>arar</strong></span> <span class='ocrx_word' id='word_1_173' title='bbox 484 2560 494 2578; x_wconf 98' lang='lat'><strong>.</strong></span> <span class='ocrx_word' id='word_1_174' title='bbox 519 2559 529 2578; x_wconf 96' lang='lat'><strong>.</strong></span> <span class='ocrx_word' id='word_1_175' title='bbox 554 2558 563 2579; x_wconf 93' lang='lat'><strong>.</strong></span> <span class='ocrx_word' id='word_1_176' title='bbox 589 2556 598 2578; x_wconf 94' lang='lat'><strong>.</strong></span> <span class='ocrx_word' id='word_1_177' title='bbox 622 2513 729 2578; x_wconf 85' lang='lat' dir='ltr'><strong>Flacci</strong></span> <span class='ocrx_word' id='word_1_178' title='bbox 751 2517 790 2578; x_wconf 86' lang='lat' dir='ltr'><strong>ad</strong></span> <span class='ocrx_word' id='word_1_179' title='bbox 805 2528 932 2579; x_wconf 86' lang='lat' dir='ltr'><strong>matrem</strong></span> <span class='ocrx_word' id='word_1_180' title='bbox 948 2538 1034 2581; x_wconf 88' lang='lat' dir='ltr'><strong>suam</strong></span> <span class='ocrx_word' id='word_1_181' title='bbox 1050 2516 1186 2592; x_wconf 88' lang='lat' dir='ltr'><strong>miserit,</strong></span> <span class='ocrx_word' id='word_1_182' title='bbox 1210 2526 1246 2578; x_wconf 92' lang='lat' dir='ltr'><strong>ut</strong></span> <span class='ocrx_word' id='word_1_183' title='bbox 1266 2512 1423 2597; x_wconf 89' lang='lat' dir='ltr'><strong>prodigos</strong></span> 
     </span>
    </p>
   </div>
   <div class='ocr_carea' id='block_1_9' title="bbox 115 2606 1464 2877">
    <p class='ocr_par' dir='ltr' id='par_1_9' title="bbox 115 2606 1464 2877">
     <span class='ocr_line' id='line_1_24' title="bbox 117 2606 1423 2696; baseline 0.002 -26"><span class='ocrx_word' id='word_1_184' title='bbox 117 2629 223 2671; x_wconf 86' lang='lat' dir='ltr'><strong>mores</strong></span> <span class='ocrx_word' id='word_1_185' title='bbox 245 2607 421 2672; x_wconf 87' lang='lat' dir='ltr'><strong>huiusmodi</strong></span> <span class='ocrx_word' id='word_1_186' title='bbox 445 2607 630 2673; x_wconf 85' lang='lat' dir='ltr'><strong>mendicatio</strong></span> <span class='ocrx_word' id='word_1_187' title='bbox 656 2606 829 2674; x_wconf 82' lang='lat' dir='ltr'><strong>coloraret.</strong></span> <span class='ocrx_word' id='word_1_188' title='bbox 871 2610 962 2674; x_wconf 85' lang='lat' dir='ltr'><strong>Facit</strong></span> <span class='ocrx_word' id='word_1_189' title='bbox 980 2633 1059 2696; x_wconf 89' lang='lat' dir='ltr'><strong>ergo</strong></span> <span class='ocrx_word' id='word_1_190' title='bbox 1084 2635 1123 2696; x_wconf 85' lang='grc' dir='ltr'><strong>με</strong></span> <span class='ocrx_word' id='word_1_191' title='bbox 1146 2655 1155 2673; x_wconf 92' lang='grc'><strong>.</strong></span> <span class='ocrx_word' id='word_1_192' title='bbox 1181 2608 1213 2672; x_wconf 83' lang='lat'><strong>·⁷</strong></span> <span class='ocrx_word' id='word_1_193' title='bbox 1235 2631 1305 2682; x_wconf 83' lang='grc' dir='ltr'><em>σιν,</em></span> <span class='ocrx_word' id='word_1_194' title='bbox 1330 2627 1423 2691; x_wconf 84' lang='lat' dir='ltr'><strong>quam</strong></span> 
     </span>
     <span class='ocr_line' id='line_1_25' title="bbox 115 2701 1422 2788; baseline 0 -24"><span class='ocrx_word' id='word_1_195' title='bbox 115 2701 162 2764; x_wconf 91' lang='lat' dir='ltr'><strong>illi</strong></span> <span class='ocrx_word' id='word_1_196' title='bbox 190 2704 335 2766; x_wconf 87' lang='lat' dir='ltr'><strong>ostendat</strong></span> <span class='ocrx_word' id='word_1_197' title='bbox 362 2703 510 2788; x_wconf 81' lang='lat' dir='ltr'><strong>egestatis</strong></span> <span class='ocrx_word' id='word_1_198' title='bbox 531 2725 654 2771; x_wconf 84' lang='lat' dir='ltr'><strong>causam</strong></span> <span class='ocrx_word' id='word_1_199' title='bbox 679 2701 757 2768; x_wconf 84' lang='lat' dir='ltr'><strong>vitio</strong></span> <span class='ocrx_word' id='word_1_200' title='bbox 777 2724 837 2767; x_wconf 89' lang='lat' dir='ltr'><strong>suo</strong></span> <span class='ocrx_word' id='word_1_201' title='bbox 859 2703 1025 2782; x_wconf 89' lang='lat' dir='ltr'><strong>accidisse,</strong></span> <span class='ocrx_word' id='word_1_202' title='bbox 1060 2725 1123 2768; x_wconf 91' lang='lat' dir='ltr'><strong>non</strong></span> <span class='ocrx_word' id='word_1_203' title='bbox 1145 2703 1238 2767; x_wconf 90' lang='lat' dir='ltr'><strong>huius</strong></span> <span class='ocrx_word' id='word_1_204' title='bbox 1260 2702 1422 2788; x_wconf 88' lang='lat' dir='ltr'><strong>iniquitate</strong></span> 
     </span>
     <span class='ocr_line' id='line_1_26' title="bbox 116 2795 1464 2877; baseline -0.003 -20"><span class='ocrx_word' id='word_1_205' title='bbox 116 2795 290 2877; x_wconf 87' lang='lat' dir='ltr'><strong>praetoris.</strong></span> <span class='ocrx_word' id='word_1_206' title='bbox 1434 2806 1464 2854; x_wconf 80' lang='lat' dir='ltr'><strong>ts</strong></span> 
     </span>
    </p>
   </div>
   <div class='ocr_carea' id='block_1_10' title="bbox 192 2913 1422 3021">
    <p class='ocr_par' dir='ltr' id='par_1_10' title="bbox 192 2913 1422 3021">
     <span class='ocr_line' id='line_1_27' title="bbox 192 2913 1422 3021; baseline 0 -28"><span class='ocrx_word' id='word_1_207' title='bbox 192 2913 230 2993; x_wconf 77' lang='lat'><strong>2.</strong></span> <span class='ocrx_word' id='word_1_208' title='bbox 257 2921 427 3021; x_wconf 85' lang='lat' dir='ltr'><strong>Magnum</strong></span> <span class='ocrx_word' id='word_1_209' title='bbox 453 2931 534 2996; x_wconf 81' lang='lat' dir='ltr'><strong>crat</strong></span> <span class='ocrx_word' id='word_1_210' title='bbox 567 2925 600 2998; x_wconf 90' lang='lat' dir='ltr'><strong>ci</strong></span> <span class='ocrx_word' id='word_1_211' title='bbox 632 2933 820 3001; x_wconf 86' lang='lat' dir='ltr'><strong>certamen</strong></span> <span class='ocrx_word' id='word_1_212' title='bbox 829 2921 856 2998; x_wconf 84' lang='lat'><strong>⁸.</strong></span> <span class='ocrx_word' id='word_1_213' title='bbox 909 2923 985 2997; x_wconf 87' lang='lat' dir='ltr'><strong>Iste</strong></span> <span class='ocrx_word' id='word_1_214' title='bbox 1021 2946 1115 2996; x_wconf 89' lang='lat' dir='ltr'><strong>unus</strong></span> <span class='ocrx_word' id='word_1_215' title='bbox 1149 2931 1264 2996; x_wconf 88' lang='lat' dir='ltr'><strong>totam</strong></span> <span class='ocrx_word' id='word_1_216' title='bbox 1297 2921 1422 2994; x_wconf 79' lang='lat' dir='ltr'><strong>Asiam</strong></span> 
     </span>
    </p>
   </div>
   <div class='ocr_carea' id='block_1_11' title="bbox 118 3033 1090 3136">
    <p class='ocr_par' dir='ltr' id='par_1_11' title="bbox 118 3033 1090 3136">
     <span class='ocr_line' id='line_1_28' title="bbox 118 3033 1090 3136; baseline 0.005 -33"><span class='ocrx_word' id='word_1_217' title='bbox 118 3033 365 3133; x_wconf 84' lang='lat' dir='ltr'><strong>magnitudine</strong></span> <span class='ocrx_word' id='word_1_218' title='bbox 390 3034 606 3133; x_wconf 90' lang='lat' dir='ltr'><strong>poculorum</strong></span> <span class='ocrx_word' id='word_1_219' title='bbox 632 3037 864 3136; x_wconf 90' lang='lat' dir='ltr'><strong>bibendoque</strong></span> <span class='ocrx_word' id='word_1_220' title='bbox 890 3037 1090 3134; x_wconf 88' lang='lat' dir='ltr'><strong>superavit.</strong></span> 
     </span>
    </p>
   </div>
   <div class='ocr_carea' id='block_1_12' title="bbox 118 3133 1423 3331">
    <p class='ocr_par' dir='ltr' id='par_1_12' title="bbox 118 3133 1423 3331">
     <span class='ocr_line' id='line_1_29' title="bbox 201 3133 1422 3235; baseline -0.008 -15"><span class='ocrx_word' id='word_1_221' title='bbox 201 3184 242 3196; x_wconf 92' lang='lat'><em>-</em></span> <span class='ocrx_word' id='word_1_222' title='bbox 280 3150 340 3194; x_wconf 84' lang='lat'><strong>·-’</strong></span> <span class='ocrx_word' id='word_1_223' title='bbox 372 3151 596 3216; x_wconf 89' lang='lat' dir='ltr'><strong>Iucundissime</strong></span> <span class='ocrx_word' id='word_1_224' title='bbox 626 3156 689 3218; x_wconf 94' lang='lat' dir='ltr'><strong>hoc</strong></span> <span class='ocrx_word' id='word_1_225' title='bbox 724 3166 835 3218; x_wconf 85' lang='lat' dir='ltr'><strong>contra</strong></span> <span class='ocrx_word' id='word_1_226' title='bbox 871 3152 1051 3235; x_wconf 87' lang='lat' dir='ltr'><strong>opinionem</strong></span> <span class='ocrx_word' id='word_1_227' title='bbox 1087 3149 1209 3225; x_wconf 86' lang='lat' dir='ltr'><strong>intulit,</strong></span> <span class='ocrx_word' id='word_1_228' title='bbox 1245 3133 1422 3214; x_wconf 81' lang='lat' dir='ltr'><strong>helluonen&#39;a</strong></span> 
     </span>
     <span class='ocr_line' id='line_1_30' title="bbox 118 3243 1423 3331; baseline -0.002 -27"><span class='ocrx_word' id='word_1_229' title='bbox 118 3244 272 3327; x_wconf 86' lang='lat' dir='ltr'><strong>qrtendam</strong></span> <span class='ocrx_word' id='word_1_230' title='bbox 295 3255 325 3306; x_wconf 92' lang='lat' dir='ltr'><strong>et</strong></span> <span class='ocrx_word' id='word_1_231' title='bbox 346 3247 500 3307; x_wconf 85' lang='lat' dir='ltr'><strong>summa¹⁰</strong></span> <span class='ocrx_word' id='word_1_232' title='bbox 519 3244 644 3310; x_wconf 83' lang='lat' dir='ltr'><strong>luxuria</strong></span> <span class='ocrx_word' id='word_1_233' title='bbox 665 3247 837 3331; x_wconf 79' lang='lat' dir='ltr'><strong>prpeditum</strong></span> <span class='ocrx_word' id='word_1_234' title='bbox 859 3247 982 3311; x_wconf 90' lang='lat' dir='ltr'><strong>volens.</strong></span> <span class='ocrx_word' id='word_1_235' title='bbox 998 3248 1182 3322; x_wconf 88' lang='lat' dir='ltr'><strong>ostendere,</strong></span> <span class='ocrx_word' id='word_1_236' title='bbox 1206 3243 1257 3306; x_wconf 93' lang='lat' dir='ltr'><strong>cui</strong></span> <span class='ocrx_word' id='word_1_237' title='bbox 1278 3245 1341 3307; x_wconf 90' lang='lat' dir='ltr'><strong>hoc</strong></span> <span class='ocrx_word' id='word_1_238' title='bbox 1370 3264 1423 3302; x_wconf 85' lang='lat' dir='ltr'><strong>sa·</strong></span> 
     </span>
    </p>
   </div>
   <div class='ocr_carea' id='block_1_13' title="bbox 118 3335 1466 3511">
    <p class='ocr_par' dir='ltr' id='par_1_13' title="bbox 118 3335 1466 3511">
     <span class='ocr_line' id='line_1_31' title="bbox 118 3335 1466 3425; baseline 0.001 -29"><span class='ocrx_word' id='word_1_239' title='bbox 118 3356 191 3397; x_wconf 88' lang='lat' dir='ltr'><strong>niun</strong></span> <span class='ocrx_word' id='word_1_240' title='bbox 225 3357 323 3421; x_wconf 84' lang='lat' dir='ltr'><strong>genus</strong></span> <span class='ocrx_word' id='word_1_241' title='bbox 348 3337 583 3403; x_wconf 83' lang='lat' dir='ltr'><strong>exercitationis</strong></span> <span class='ocrx_word' id='word_1_242' title='bbox 609 3350 641 3403; x_wconf 87' lang='lat' dir='ltr'><strong>et</strong></span> <span class='ocrx_word' id='word_1_243' title='bbox 667 3339 790 3425; x_wconf 83' lang='lat' dir='ltr'><strong>gloriae</strong></span> <span class='ocrx_word' id='word_1_244' title='bbox 815 3339 910 3403; x_wconf 86' lang='lat' dir='ltr'><strong>luerit</strong></span> <span class='ocrx_word' id='word_1_245' title='bbox 942 3351 1136 3423; x_wconf 87' lang='lat' dir='ltr'><strong>conpotorcs</strong></span> <span class='ocrx_word' id='word_1_246' title='bbox 1166 3359 1241 3403; x_wconf 82' lang='lat' dir='ltr'><strong>aiios</strong></span> <span class='ocrx_word' id='word_1_247' title='bbox 1271 3335 1466 3409; x_wconf 69' lang='lat' dir='ltr'><strong>ebrietatem</strong></span> 
     </span>
     <span class='ocr_line' id='line_1_32' title="bbox 118 3449 282 3511; baseline 0.012 -20"><span class='ocrx_word' id='word_1_248' title='bbox 118 3449 282 3511; x_wconf 87' lang='lat' dir='ltr'><strong>superare.</strong></span> 
     </span>
    </p>
   </div>
   <div class='ocr_carea' id='block_1_14' title="bbox 118 3545 1421 3768">
    <p class='ocr_par' dir='ltr' id='par_1_14' title="bbox 118 3545 1421 3768">
     <span class='ocr_line' id='line_1_33' title="bbox 196 3545 1421 3656; baseline 0.001 -29"><span class='ocrx_word' id='word_1_249' title='bbox 196 3548 259 3650; x_wconf 88' lang='lat' dir='ltr'><strong>[P.</strong></span> <span class='ocrx_word' id='word_1_250' title='bbox 286 3547 392 3653; x_wconf 72' lang='lat'><strong>230]</strong></span> <span class='ocrx_word' id='word_1_251' title='bbox 444 3553 658 3631; x_wconf 84' lang='lat' dir='ltr'><strong>XXXVIII.</strong></span> <span class='ocrx_word' id='word_1_252' title='bbox 687 3550 722 3631; x_wconf 92' lang='lat' dir='ltr'><strong>l.</strong></span> <span class='ocrx_word' id='word_1_253' title='bbox 749 3545 912 3653; x_wconf 87' lang='lat' dir='ltr'><strong>Videtis,</strong></span> <span class='ocrx_word' id='word_1_254' title='bbox 951 3580 1025 3656; x_wconf 91' lang='lat' dir='ltr'><strong>quo</strong></span> <span class='ocrx_word' id='word_1_255' title='bbox 1050 3555 1130 3630; x_wconf 90' lang='lat' dir='ltr'><strong>in¹¹</strong></span> <span class='ocrx_word' id='word_1_256' title='bbox 1157 3565 1258 3630; x_wconf 90' lang='lat' dir='ltr'><strong>motu</strong></span> <span class='ocrx_word' id='word_1_257' title='bbox 1284 3564 1421 3652; x_wconf 79' lang='lat' dir='ltr'><strong>tempo</strong></span> 
     </span>
     <span class='ocr_line' id='line_1_34' title="bbox 118 3662 1421 3768; baseline -0.001 -30"><span class='ocrx_word' id='word_1_258' title='bbox 118 3688 221 3758; x_wconf 84' lang='lat' dir='ltr'><strong>rum,</strong></span> <span class='ocrx_word' id='word_1_259' title='bbox 236 3677 371 3764; x_wconf 89' lang='lat' dir='ltr'><strong>quanta</strong></span> <span class='ocrx_word' id='word_1_260' title='bbox 383 3669 421 3740; x_wconf 92' lang='lat' dir='ltr'><strong>in</strong></span> <span class='ocrx_word' id='word_1_261' title='bbox 432 3671 675 3768; x_wconf 80' lang='lat' dir='ltr'><strong>conversione</strong></span> <span class='ocrx_word' id='word_1_262' title='bbox 690 3694 814 3743; x_wconf 89' lang='lat' dir='ltr'><strong>rerum</strong></span> <span class='ocrx_word' id='word_1_263' title='bbox 834 3662 847 3765; x_wconf 80' lang='grc' dir='ltr'><strong>ΙΙ</strong></span> <span class='ocrx_word' id='word_1_264' title='bbox 868 3694 910 3743; x_wconf 89' lang='lat' dir='ltr'><strong>ac</strong></span> <span class='ocrx_word' id='word_1_265' title='bbox 922 3670 1200 3768; x_wconf 87' lang='lat' dir='ltr'><strong>perturbatione</strong></span> <span class='ocrx_word' id='word_1_266' title='bbox 1218 3691 1421 3741; x_wconf 87' lang='lat' dir='ltr'><strong>versemur.</strong></span> 
     </span>
    </p>
   </div>
   <div class='ocr_carea' id='block_1_15' title="bbox 119 3768 1465 3962">
    <p class='ocr_par' dir='ltr' id='par_1_15' title="bbox 119 3768 1465 3962">
     <span class='ocr_line' id='line_1_35' title="bbox 204 3768 1424 3871; baseline -0.002 -25"><span class='ocrx_word' id='word_1_267' title='bbox 204 3778 303 3848; x_wconf 81' lang='grc' dir='ltr'><em>Κατὰ</em></span> <span class='ocrx_word' id='word_1_268' title='bbox 323 3778 496 3871; x_wconf 72' lang='lat' dir='ltr'><strong>apocops&#39;r.</strong></span> <span class='ocrx_word' id='word_1_269' title='bbox 519 3783 771 3850; x_wconf 78' lang='lat' dir='ltr'><strong>Conmovetur¹²</strong></span> <span class='ocrx_word' id='word_1_270' title='bbox 788 3786 847 3850; x_wconf 91' lang='lat' dir='ltr'><strong>iam</strong></span> <span class='ocrx_word' id='word_1_271' title='bbox 865 3768 1046 3870; x_wconf 83' lang='lat' dir='ltr'><strong>peroratio,</strong></span> <span class='ocrx_word' id='word_1_272' title='bbox 1071 3783 1313 3870; x_wconf 87' lang='lat' dir='ltr'><strong>magnitudinem</strong></span> <span class='ocrx_word' id='word_1_273' title='bbox 1329 3785 1424 3845; x_wconf 91' lang='lat' dir='ltr'><strong>benc·</strong></span> 
     </span>
     <span class='ocr_line' id='line_1_36' title="bbox 119 3873 1465 3962; baseline 0.004 -24"><span class='ocrx_word' id='word_1_274' title='bbox 119 3873 265 3938; x_wconf 89' lang='lat' dir='ltr'><strong>liciorum</strong></span> <span class='ocrx_word' id='word_1_275' title='bbox 280 3879 321 3943; x_wconf 90' lang='lat' dir='ltr'><strong>L.</strong></span> <span class='ocrx_word' id='word_1_276' title='bbox 336 3876 443 3940; x_wconf 86' lang='lat' dir='ltr'><strong>Flacci</strong></span> <span class='ocrx_word' id='word_1_277' title='bbox 458 3878 639 3960; x_wconf 84' lang='lat' dir='ltr'><strong>complexa,</strong></span> <span class='ocrx_word' id='word_1_278' title='bbox 663 3900 741 3962; x_wconf 83' lang='lat' dir='ltr'><strong>quae</strong></span> <span class='ocrx_word' id='word_1_279' title='bbox 763 3882 898 3959; x_wconf 88' lang='lat' dir='ltr'><strong>pendent</strong></span> <span class='ocrx_word' id='word_1_280' title='bbox 913 3902 953 3943; x_wconf 87' lang='lat' dir='ltr'><strong>ex</strong></span> <span class='ocrx_word' id='word_1_281' title='bbox 968 3880 1132 3944; x_wconf 88' lang='lat' dir='ltr'><strong>consulatu</strong></span> <span class='ocrx_word' id='word_1_282' title='bbox 1149 3879 1218 3960; x_wconf 88' lang='lat' dir='ltr'><strong>ipso</strong></span> <span class='ocrx_word' id='word_1_283' title='bbox 1234 3876 1420 3952; x_wconf 87' lang='lat' dir='ltr'><strong>Ciceronis,</strong></span> <span class='ocrx_word' id='word_1_284' title='bbox 1434 3894 1465 3943; x_wconf 79' lang='lat' dir='ltr'><strong>ts</strong></span> 
     </span>
    </p>
   </div>
   <div class='ocr_carea' id='block_1_16' title="bbox 189 4067 1422 4341">
    <p class='ocr_par' dir='ltr' id='par_1_16' title="bbox 189 4067 1422 4341">
     <span class='ocr_line' id='line_1_37' title="bbox 189 4067 1422 4130; baseline 0 -18"><span class='ocrx_word' id='word_1_285' title='bbox 189 4067 214 4113; x_wconf 93' lang='grc'><strong>1.</strong></span> <span class='ocrx_word' id='word_1_286' title='bbox 233 4070 294 4113; x_wconf 86' lang='lat' dir='ltr'><strong>Cod.</strong></span> <span class='ocrx_word' id='word_1_287' title='bbox 321 4067 363 4113; x_wconf 81' lang='lat' dir='ltr'><strong>cel.</strong></span> <span class='ocrx_word' id='word_1_288' title='bbox 400 4068 424 4114; x_wconf 83' lang='grc'><strong>2.</strong></span> <span class='ocrx_word' id='word_1_289' title='bbox 446 4070 479 4115; x_wconf 89' lang='lat' dir='ltr'><strong>lte</strong></span> <span class='ocrx_word' id='word_1_290' title='bbox 506 4073 576 4125; x_wconf 88' lang='lat' dir='ltr'><strong>cod.,</strong></span> <span class='ocrx_word' id='word_1_291' title='bbox 607 4072 645 4130; x_wconf 79' lang='lat' dir='ltr'><strong>qni</strong></span> <span class='ocrx_word' id='word_1_292' title='bbox 673 4078 710 4117; x_wconf 93' lang='lat' dir='ltr'><strong>est</strong></span> <span class='ocrx_word' id='word_1_293' title='bbox 735 4078 867 4129; x_wconf 77' lang='lat' dir='ltr'><strong>scripturae</strong></span> <span class='ocrx_word' id='word_1_294' title='bbox 892 4074 1047 4118; x_wconf 82' lang='lat' dir='ltr'><strong>ercliaisnras.</strong></span> <span class='ocrx_word' id='word_1_295' title='bbox 1085 4069 1109 4116; x_wconf 82' lang='lat'><strong>³.</strong></span> <span class='ocrx_word' id='word_1_296' title='bbox 1129 4071 1164 4115; x_wconf 89' lang='lat' dir='ltr'><strong>Ite</strong></span> <span class='ocrx_word' id='word_1_297' title='bbox 1187 4071 1271 4126; x_wconf 79' lang='lat' dir='ltr'><strong>scripsi</strong></span> <span class='ocrx_word' id='word_1_298' title='bbox 1299 4073 1321 4115; x_wconf 92' lang='lat' dir='ltr'><strong>in</strong></span> <span class='ocrx_word' id='word_1_299' title='bbox 1346 4071 1422 4126; x_wconf 80' lang='lat' dir='ltr'><strong>spatio</strong></span> 
     </span>
     <span class='ocr_line' id='line_1_38' title="bbox 257 4137 1421 4198; baseline 0 -16"><span class='ocrx_word' id='word_1_300' title='bbox 257 4141 357 4183; x_wconf 87' lang='lat' dir='ltr'><strong>dnornsn</strong></span> <span class='ocrx_word' id='word_1_301' title='bbox 377 4140 473 4184; x_wconf 78' lang='lat' dir='ltr'><strong>circiter</strong></span> <span class='ocrx_word' id='word_1_302' title='bbox 495 4142 672 4186; x_wconf 76' lang='lat' dir='ltr'><strong>vocabulorum.</strong></span> <span class='ocrx_word' id='word_1_303' title='bbox 710 4139 734 4186; x_wconf 78' lang='lat' dir='ltr'><strong>l.</strong></span> <span class='ocrx_word' id='word_1_304' title='bbox 761 4143 794 4185; x_wconf 91' lang='lat' dir='ltr'><strong>Ita</strong></span> <span class='ocrx_word' id='word_1_305' title='bbox 813 4143 865 4187; x_wconf 85' lang='lat' dir='ltr'><strong>cod.</strong></span> <span class='ocrx_word' id='word_1_306' title='bbox 903 4140 928 4188; x_wconf 82' lang='lat'><strong>⁵.</strong></span> <span class='ocrx_word' id='word_1_307' title='bbox 947 4142 1007 4186; x_wconf 85' lang='lat' dir='ltr'><strong>Cod.</strong></span> <span class='ocrx_word' id='word_1_308' title='bbox 1028 4141 1159 4186; x_wconf 74' lang='lat' dir='ltr'><strong>dicesserit.</strong></span> <span class='ocrx_word' id='word_1_309' title='bbox 1196 4138 1219 4184; x_wconf 84' lang='lat'><strong>6.</strong></span> <span class='ocrx_word' id='word_1_310' title='bbox 1239 4140 1299 4185; x_wconf 87' lang='lat' dir='ltr'><strong>Cod.</strong></span> <span class='ocrx_word' id='word_1_311' title='bbox 1314 4137 1421 4198; x_wconf 78' lang='lat' dir='ltr'><strong>sentisse.</strong></span> 
     </span>
     <span class='ocr_line' id='line_1_39' title="bbox 258 4205 1422 4269; baseline -0.001 -16"><span class='ocrx_word' id='word_1_312' title='bbox 258 4205 282 4253; x_wconf 80' lang='lat' dir='ltr'><strong>I.</strong></span> <span class='ocrx_word' id='word_1_313' title='bbox 304 4209 390 4264; x_wconf 77' lang='lat' dir='ltr'><strong>snppte</strong></span> <span class='ocrx_word' id='word_1_314' title='bbox 412 4223 482 4253; x_wconf 84' lang='lat' dir='ltr'><strong>naum</strong></span> <span class='ocrx_word' id='word_1_315' title='bbox 500 4210 583 4255; x_wconf 83' lang='lat' dir='ltr'><strong>vocab.</strong></span> <span class='ocrx_word' id='word_1_316' title='bbox 620 4208 644 4255; x_wconf 78' lang='lat' dir='ltr'><strong>d.</strong></span> <span class='ocrx_word' id='word_1_317' title='bbox 664 4210 725 4256; x_wconf 76' lang='lat' dir='ltr'><strong>Edd.</strong></span> <span class='ocrx_word' id='word_1_318' title='bbox 745 4216 869 4255; x_wconf 79' lang='lat' dir='ltr'><strong>certamen</strong></span> <span class='ocrx_word' id='word_1_319' title='bbox 885 4213 1048 4269; x_wconf 70' lang='lat' dir='ltr'><strong>propositus.</strong></span> <span class='ocrx_word' id='word_1_320' title='bbox 1087 4209 1110 4257; x_wconf 76' lang='lat'><strong>⁹.</strong></span> <span class='ocrx_word' id='word_1_321' title='bbox 1127 4210 1269 4254; x_wconf 65' lang='lat' dir='ltr'><strong>Neesicntns</strong></span> <span class='ocrx_word' id='word_1_322' title='bbox 1291 4223 1349 4252; x_wconf 89' lang='lat' dir='ltr'><strong>nnus</strong></span> <span class='ocrx_word' id='word_1_323' title='bbox 1370 4223 1422 4252; x_wconf 84' lang='lat' dir='ltr'><strong>cnse</strong></span> 
     </span>
     <span class='ocr_line' id='line_1_40' title="bbox 256 4277 1373 4341; baseline 0.001 -20"><span class='ocrx_word' id='word_1_324' title='bbox 256 4279 354 4322; x_wconf 77' lang='lat' dir='ltr'><strong>dimidio</strong></span> <span class='ocrx_word' id='word_1_325' title='bbox 371 4278 416 4323; x_wconf 86' lang='lat' dir='ltr'><strong>Gr.</strong></span> <span class='ocrx_word' id='word_1_326' title='bbox 455 4277 729 4326; x_wconf 68' lang='lat' dir='ltr'><strong>suencuam.</strong></span> <span class='ocrx_word' id='word_1_327' title='bbox 767 4280 808 4325; x_wconf 89' lang='lat' dir='ltr'><strong>tt.</strong></span> <span class='ocrx_word' id='word_1_328' title='bbox 827 4280 888 4328; x_wconf 76' lang='lat' dir='ltr'><strong>Edd.</strong></span> <span class='ocrx_word' id='word_1_329' title='bbox 909 4282 936 4325; x_wconf 87' lang='lat' dir='ltr'><strong>s&#39;sa</strong></span> <span class='ocrx_word' id='word_1_330' title='bbox 954 4294 1009 4341; x_wconf 77' lang='lat' dir='ltr'><strong>pisa.</strong></span> <span class='ocrx_word' id='word_1_331' title='bbox 1049 4278 1089 4325; x_wconf 79' lang='grc'><strong>12.</strong></span> <span class='ocrx_word' id='word_1_332' title='bbox 1109 4280 1170 4325; x_wconf 82' lang='lat' dir='ltr'><strong>Cod.</strong></span> <span class='ocrx_word' id='word_1_333' title='bbox 1189 4291 1238 4323; x_wconf 85' lang='lat' dir='ltr'><strong>non</strong></span> <span class='ocrx_word' id='word_1_334' title='bbox 1255 4284 1373 4322; x_wconf 82' lang='lat' dir='ltr'><strong>moretur.</strong></span> 
     </span>
    </p>
   </div>
   <div class='ocr_carea' id='block_1_17' title="bbox 117 4395 1424 4849">
    <p class='ocr_par' dir='ltr' id='par_1_17' title="bbox 117 4395 1422 4621">
     <span class='ocr_line' id='line_1_41' title="bbox 211 4395 1422 4474; baseline 0 -24"><span class='ocrx_word' id='word_1_335' title='bbox 211 4399 238 4455; x_wconf 74' lang='grc' dir='ltr'><strong>δ.</strong></span> <span class='ocrx_word' id='word_1_336' title='bbox 258 4396 400 4450; x_wconf 83' lang='lat' dir='ltr'><strong>Notsbnns</strong></span> <span class='ocrx_word' id='word_1_337' title='bbox 420 4397 493 4451; x_wconf 86' lang='lat' dir='ltr'><strong>bunc</strong></span> <span class='ocrx_word' id='word_1_338' title='bbox 517 4397 609 4452; x_wconf 86' lang='lat' dir='ltr'><strong>locum</strong></span> <span class='ocrx_word' id='word_1_339' title='bbox 635 4399 824 4453; x_wconf 84' lang='lat' dir='ltr'><strong>lnrtsconsnltt</strong></span> <span class='ocrx_word' id='word_1_340' title='bbox 845 4415 876 4454; x_wconf 92' lang='lat' dir='ltr'><strong>ac</strong></span> <span class='ocrx_word' id='word_1_341' title='bbox 896 4398 1046 4474; x_wconf 78' lang='lat' dir='ltr'><strong>pbilolcgt;</strong></span> <span class='ocrx_word' id='word_1_342' title='bbox 1076 4395 1272 4469; x_wconf 72' lang='lat' dir='ltr'><strong>contemnique</strong></span> <span class='ocrx_word' id='word_1_343' title='bbox 1292 4396 1422 4451; x_wconf 82' lang='lat' dir='ltr'><strong>classicos</strong></span> 
     </span>
     <span class='ocr_line' id='line_1_42' title="bbox 117 4471 1422 4546; baseline 0.002 -24"><span class='ocrx_word' id='word_1_344' title='bbox 117 4471 194 4524; x_wconf 88' lang='lat' dir='ltr'><strong>locos</strong></span> <span class='ocrx_word' id='word_1_345' title='bbox 213 4476 355 4525; x_wconf 80' lang='lat' dir='ltr'><strong>Ciceronis</strong></span> <span class='ocrx_word' id='word_1_346' title='bbox 375 4473 446 4546; x_wconf 85' lang='lat' dir='ltr'><strong>Top.</strong></span> <span class='ocrx_word' id='word_1_347' title='bbox 465 4489 524 4546; x_wconf 84' lang='lat' dir='ltr'><strong>etp.</strong></span> <span class='ocrx_word' id='word_1_348' title='bbox 543 4476 595 4528; x_wconf 91' lang='lat' dir='ltr'><strong>III.</strong></span> <span class='ocrx_word' id='word_1_349' title='bbox 613 4489 640 4528; x_wconf 84' lang='lat' dir='ltr'><strong>et</strong></span> <span class='ocrx_word' id='word_1_350' title='bbox 660 4474 746 4530; x_wconf 69' lang='lat' dir='ltr'><strong>bereti</strong></span> <span class='ocrx_word' id='word_1_351' title='bbox 766 4474 885 4530; x_wconf 76' lang='lat' dir='ltr'><strong>adden.</strong></span> <span class='ocrx_word' id='word_1_352' title='bbox 906 4477 958 4531; x_wconf 80' lang='lat' dir='ltr'><strong>xl.</strong></span> <span class='ocrx_word' id='word_1_353' title='bbox 977 4478 1056 4544; x_wconf 66' lang='lat'><strong>476.,</strong></span> <span class='ocrx_word' id='word_1_354' title='bbox 1075 4489 1134 4528; x_wconf 82' lang='lat' dir='ltr'><strong>tum</strong></span> <span class='ocrx_word' id='word_1_355' title='bbox 1154 4473 1272 4545; x_wconf 83' lang='lat' dir='ltr'><strong>denique</strong></span> <span class='ocrx_word' id='word_1_356' title='bbox 1290 4475 1422 4525; x_wconf 80' lang='lat' dir='ltr'><strong>Vaticana</strong></span> 
     </span>
     <span class='ocr_line' id='line_1_43' title="bbox 119 4545 740 4621; baseline 0.01 -23"><span class='ocrx_word' id='word_1_357' title='bbox 119 4545 272 4620; x_wconf 83' lang='lat' dir='ltr'><strong>lragmcnta</strong></span> <span class='ocrx_word' id='word_1_358' title='bbox 294 4551 360 4600; x_wconf 85' lang='lat' dir='ltr'><strong>torta</strong></span> <span class='ocrx_word' id='word_1_359' title='bbox 379 4566 394 4598; x_wconf 92' lang='lat' dir='ltr'><strong>s</strong></span> <span class='ocrx_word' id='word_1_360' title='bbox 415 4565 458 4601; x_wconf 88' lang='lat' dir='ltr'><strong>me</strong></span> <span class='ocrx_word' id='word_1_361' title='bbox 478 4567 563 4620; x_wconf 87' lang='lat' dir='ltr'><strong>nuper</strong></span> <span class='ocrx_word' id='word_1_362' title='bbox 582 4547 654 4602; x_wconf 83' lang='lat' dir='ltr'><strong>ediis</strong></span> <span class='ocrx_word' id='word_1_363' title='bbox 674 4567 702 4621; x_wconf 89' lang='lat' dir='ltr'><strong>p.</strong></span> <span class='ocrx_word' id='word_1_364' title='bbox 720 4549 740 4605; x_wconf 94' lang='lat' dir='ltr'><strong>l.</strong></span> 
     </span>
    </p>

    <p class='ocr_par' dir='ltr' id='par_1_18' title="bbox 212 4622 959 4700">
     <span class='ocr_line' id='line_1_44' title="bbox 212 4622 959 4700; baseline 0.009 -26"><span class='ocrx_word' id='word_1_365' title='bbox 212 4625 240 4678; x_wconf 88' lang='grc'><strong>9.</strong></span> <span class='ocrx_word' id='word_1_366' title='bbox 260 4622 358 4676; x_wconf 85' lang='lat' dir='ltr'><strong>Itecole</strong></span> <span class='ocrx_word' id='word_1_367' title='bbox 377 4622 449 4676; x_wconf 81' lang='lat' dir='ltr'><strong>dicta</strong></span> <span class='ocrx_word' id='word_1_368' title='bbox 490 4628 560 4683; x_wconf 80' lang='lat'><strong>.15.</strong></span> <span class='ocrx_word' id='word_1_369' title='bbox 580 4642 607 4677; x_wconf 91' lang='lat' dir='ltr'><strong>n.</strong></span> <span class='ocrx_word' id='word_1_370' title='bbox 622 4630 647 4680; x_wconf 86' lang='lat' dir='ltr'><strong>t.</strong></span> <span class='ocrx_word' id='word_1_371' title='bbox 666 4624 714 4697; x_wconf 90' lang='lat' dir='ltr'><strong>(ad</strong></span> <span class='ocrx_word' id='word_1_372' title='bbox 733 4644 762 4700; x_wconf 88' lang='lat' dir='ltr'><strong>p.</strong></span> <span class='ocrx_word' id='word_1_373' title='bbox 781 4629 843 4686; x_wconf 76' lang='lat'><strong>255.</strong></span> <span class='ocrx_word' id='word_1_374' title='bbox 863 4624 881 4678; x_wconf 91' lang='lat' dir='ltr'><strong>l.</strong></span> <span class='ocrx_word' id='word_1_375' title='bbox 901 4627 959 4690; x_wconf 79' lang='lat' dir='ltr'><strong>ts.)</strong></span> 
     </span>
    </p>

    <p class='ocr_par' dir='ltr' id='par_1_19' title="bbox 196 4642 1312 4767">
     <span class='ocr_line' id='line_1_45' title="bbox 196 4642 1312 4767; baseline 0.002 -15"><span class='ocrx_word' id='word_1_376' title='bbox 196 4703 241 4756; x_wconf 81' lang='grc'><strong>18.</strong></span> <span class='ocrx_word' id='word_1_377' title='bbox 263 4702 342 4767; x_wconf 77' lang='lat' dir='ltr'><strong>arqui</strong></span> <span class='ocrx_word' id='word_1_378' title='bbox 361 4703 416 4751; x_wconf 83' lang='lat' dir='ltr'><strong>tans</strong></span> <span class='ocrx_word' id='word_1_379' title='bbox 437 4642 500 4752; x_wconf 65' lang='lat' dir='ltr'><strong>inde</strong></span> <span class='ocrx_word' id='word_1_380' title='bbox 519 4714 535 4751; x_wconf 91' lang='lat' dir='ltr'><strong>a</strong></span> <span class='ocrx_word' id='word_1_381' title='bbox 553 4699 586 4752; x_wconf 84' lang='lat' dir='ltr'><strong>T.</strong></span> <span class='ocrx_word' id='word_1_382' title='bbox 606 4699 677 4753; x_wconf 72' lang='lat' dir='ltr'><strong>trist</strong></span> <span class='ocrx_word' id='word_1_383' title='bbox 697 4715 786 4754; x_wconf 83' lang='lat' dir='ltr'><strong>secate</strong></span> <span class='ocrx_word' id='word_1_384' title='bbox 804 4700 857 4754; x_wconf 88' lang='lat' dir='ltr'><strong>hoc</strong></span> <span class='ocrx_word' id='word_1_385' title='bbox 875 4717 956 4753; x_wconf 87' lang='lat' dir='ltr'><strong>sensu</strong></span> <span class='ocrx_word' id='word_1_386' title='bbox 976 4696 1118 4754; x_wconf 78' lang='lat' dir='ltr'><strong>dicebatur</strong></span> <span class='ocrx_word' id='word_1_387' title='bbox 1136 4704 1312 4754; x_wconf 81' lang='lat' dir='ltr'><strong>commeatus.</strong></span> 
     </span>
    </p>

    <p class='ocr_par' dir='ltr' id='par_1_20' title="bbox 196 4770 1424 4849">
     <span class='ocr_line' id='line_1_46' title="bbox 196 4770 1424 4849; baseline -0.001 -22"><span class='ocrx_word' id='word_1_388' title='bbox 196 4776 242 4827; x_wconf 85' lang='grc'><strong>22.</strong></span> <span class='ocrx_word' id='word_1_389' title='bbox 262 4775 390 4846; x_wconf 81' lang='lat' dir='ltr'><strong>Qatnque</strong></span> <span class='ocrx_word' id='word_1_390' title='bbox 409 4778 521 4831; x_wconf 82' lang='lat' dir='ltr'><strong>ctrcttcr</strong></span> <span class='ocrx_word' id='word_1_391' title='bbox 541 4773 671 4828; x_wconf 81' lang='lat' dir='ltr'><strong>vocabula</strong></span> <span class='ocrx_word' id='word_1_392' title='bbox 691 4779 720 4829; x_wconf 87' lang='lat' dir='ltr'><strong>tn</strong></span> <span class='ocrx_word' id='word_1_393' title='bbox 739 4775 783 4830; x_wconf 84' lang='lat' dir='ltr'><strong>hta</strong></span> <span class='ocrx_word' id='word_1_394' title='bbox 801 4774 922 4830; x_wconf 76' lang='lat' dir='ltr'><strong>bissibus</strong></span> <span class='ocrx_word' id='word_1_395' title='bbox 942 4778 1090 4849; x_wconf 78' lang='lat' dir='ltr'><strong>perierant.</strong></span> <span class='ocrx_word' id='word_1_396' title='bbox 1139 4779 1184 4834; x_wconf 85' lang='grc'><strong>29.</strong></span> <span class='ocrx_word' id='word_1_397' title='bbox 1205 4776 1248 4829; x_wconf 78' lang='lat' dir='ltr'><strong>tn</strong></span> <span class='ocrx_word' id='word_1_398' title='bbox 1264 4770 1424 4846; x_wconf 69' lang='lat' dir='ltr'><strong>perditum?</strong></span> 
     </span>
    </p>
   </div>
   <div class='ocr_carea' id='block_1_18' title="bbox 0 0 1611 5280">
    <p class='ocr_par' dir='ltr' id='par_1_21' title="bbox 0 0 1611 5280">
     <span class='ocr_line' id='line_1_47' title="bbox 0 0 1611 5280; baseline 0 0"><span class='ocrx_word' id='word_1_399' title='bbox 0 0 1611 5280; x_wconf 95' lang='lat' dir='ltr'><strong> </strong></span> 
     </span>
    </p>
   </div>
  </div>
 </body>
</html>
