3210 5280
132 228 136 236 ·
243 202 303 263 tot
686 197 1110 265 Psttttno-nscottws
1149 254 1152 261 .

328 341 475 404 Glaucia
495 331 624 421 p'rimns
645 339 737 420 tulit]
780 340 866 403 Ante
881 338 984 422 legem
1000 326 1150 401 Glauciae
1166 338 1205 400 de
1220 331 1552 419 comperendinatione

242 444 293 495 aut
308 431 410 495 statim
426 431 576 491 sententia
590 429 769 505 dicebatur,
793 432 819 494 si
833 433 1043 495 absolvendus
1057 443 1141 493 esset
1155 452 1245 505 reus,
1269 441 1322 492 aut
1338 431 1549 494 AMPLIUS

242 523 529 607 pronunciabatur,
566 523 594 585 si
628 525 785 586 videretur
813 546 882 588 esse
905 527 1115 599 damnandus,
1151 545 1221 587 curn
1250 524 1402 586 dixissent
1430 523 1548 586 iudices

244 621 336 684 NON
362 617 555 697 LIQUE'l',
580 617 642 679 hoc
668 628 735 693 est,
772 620 918 682 Obscura
940 639 1032 680 caiisa
1056 629 1116 682 cst.
1160 619 1271 700 ltaque
1293 639 1330 680 ea
1356 639 1430 698 pars
1453 617 1549 679 inter·

168 718 175 744 ⁸
217 715 344 794 aposita
374 712 521 774 dilatione
557 711 696 784 dicebat,
735 713 765 774 in
799 711 885 772 cuius
921 710 1124 792 peroratione
1158 711 1322 773 videbatur
1357 709 1549 772 obscuritas.

243 804 542 887 Courpercndinatio
565 827 643 869 vero
666 805 828 888 utriusque
851 803 950 885 partis
972 802 1116 866 recitatio
1139 815 1199 866 est.
1242 803 1306 866 Alii
1321 802 1366 865 sic
1380 803 1548 865 adnotant:

244 899 543 981 comperendinatio
576 909 624 960 est
657 900 792 960 secunda
824 897 919 958 actio.
963 896 1062 958 lieni:
1101 895 1402 977 comperendinatio
1431 906 1481 957 est
1512 897 1550 955 ab

244 993 384 1076 utrisque
416 992 630 1076 litigatoribus
662 991 794 1054 invicem
836 991 897 1052 sibi
931 988 1128 1052 denunciatio
1158 989 1188 1052 in
1219 989 1424 1070 perendinum
1457 988 1548 1051 diem.

244 1088 387 1168 Namque
414 1106 483 1147 cuin
513 1085 542 1146 in
572 1105 637 1146 rem
670 1084 803 1167 aliquam
832 1096 963 1166 agerent
997 1080 1170 1163 litigatores
1202 1092 1233 1144 et
1257 1101 1360 1162 poena
1386 1101 1422 1143 se
1446 1101 1550 1145 sacra·

200 1190 232 1239 tt
244 1178 339 1241 menti
360 1188 523 1260 peterent,
548 1178 721 1258 poscebant
742 1175 892 1249 iudicem,
916 1174 970 1258 qui
985 1177 1115 1237 dabatur
1136 1186 1210 1257 post
1231 1176 1425 1259 trigesimum
1448 1175 1548 1238 dierat

135 1273 136 1282 ’
244 1292 308 1356 quo
325 1273 400 1333 dato
416 1269 527 1333 deinde
546 1269 629 1331 inter
650 1290 684 1331 se
699 1269 978 1348 comperendinato
995 1270 1093 1343 diem,
1118 1281 1151 1330 ut
1171 1271 1210 1331 ad
1224 1268 1370 1332 iudicium
1389 1269 1547 1342 venirent,

243 1364 484 1426 denunciabant.
540 1362 614 1442 Quo
645 1383 715 1424 cum
742 1371 824 1423 esset
853 1373 997 1434 ventum,
1035 1372 1106 1423 ante
1136 1383 1227 1444 quani
1261 1383 1351 1424 caiisa
1382 1371 1546 1446 ageretur,

244 1456 332 1541 quasi
349 1477 407 1536 per
421 1454 552 1517 indicem
569 1475 633 1516 rem
650 1455 867 1535 exponebant:
891 1454 976 1536 quod
997 1452 1096 1534 ipsum
1117 1440 1279 1517 dicebabu
1293 1476 1421 1520 causae
1442 1458 1550 1518 conie-

245 1552 335 1623 ctio‚
364 1549 454 1631 qriasi
476 1569 587 1610 causae
610 1568 684 1610 suae
707 1548 738 1610 iu
761 1549 859 1608 breve
884 1544 1021 1609 coactio.
1064 1545 1130 1609 Alii
1155 1547 1219 1610 sic:
1251 1549 1340 1611 Inter
1361 1566 1550 1628 comperen-

148 1657 150 1663 ·
203 1639 432 1704 isdinationem
459 1652 489 1703 et
516 1640 748 1723 ampliationem
770 1640 833 1702 hoe
855 1639 1002 1713 interest,
1026 1642 1112 1722 quod
1126 1641 1411 1722 comperendinatio
1433 1661 1473 1701 ex
1493 1657 1550 1700 una

244 1745 364 1795 tantum
393 1738 418 1810 †
442 1736 612 1815 repetitur,
637 1756 707 1795 cum
733 1744 803 1796 ante
831 1731 926 1794 index
951 1751 1014 1793 oon
1039 1731 1242 1821 intelligeret.
1285 1735 1330 1796 Et
1354 1732 1502 1806 omnino,
1526 1730 1551 1792 si

246 1824 411 1888 videbatur
432 1827 584 1890 iudicibus
610 1829 693 1891 bona
710 1846 823 1899 causa,
847 1825 1053 1888 absolvebant
1073 1844 1178 1898 rerun3
1199 1826 1226 1888 si
1245 1826 1342 1902 mala,
1367 1847 1431 1890 non
1448 1824 1550 1888 enii-

245 1921 450 1996 damnabant,
484 1923 539 1983 sed
560 1923 620 1982 hac
644 1919 847 1983 excusatione
875 1919 1059 1999 parcebant.
1117 1919 1196 1979 Nam
1226 1939 1295 1981 cum
1326 1915 1551 1982 condemnandi

246 2024 319 2074 nota
343 2012 475 2078 essetC
503 2014 612 2089 litera,
646 2005 831 2075 absolvendi
860 2011 909 2085 A,
944 2008 1111 2091 ampliandi
1133 2011 1254 2095 siguum
1283 2013 1327 2074 N.
1350 2014 1394 2075 L.
1419 2013 1550 2085 dabant,

203 2106 333 2186 eoquod
355 2105 379 2166 si
408 2108 572 2179 nilicabat,
596 2126 658 2170 non
681 2104 822 2188 liqueret
848 2106 928 2165 unde
949 2101 1108 2184 ampliatio
1130 2107 1327 2167 nascebatur.

326 2127 493 2300 iudicari]
535 2199 608 2264 Dici
634 2196 786 2261 sententia
813 2194 1032 2260 absolutionis.
1083 2197 1158 2262 Hoc
1189 2196 1346 2282 significat
1379 2197 1430 2275 id,
1462 2197 1549 2282 quod

245 2301 399 2373 sequitur.

330 2383 401 2445 Cilo
421 2383 566 2462 absolvi]
609 2379 761 2445 iudicari}

328 2476 439 2540 Tarde
459 2476 691 2554 condemnari]
734 2473 903 2555 Ampliari.

340 2655 365 2706 1.
385 2653 459 2702 Ante
477 2651 567 2718 legem
586 2654 653 2718 ceu]
693 2652 865 2706 Robortellus
895 2659 1009 2720 (donor.
1030 2672 1056 2724 p.
1074 2656 1133 2720 92.)
1162 2654 1235 2706 bunc
1264 2653 1355 2707 locuni
1385 2654 1485 2707 trustra
1511 2659 1552 2706 sia

246 2730 390 2778 restituere
410 2741 540 2777 conatur:
562 2729 637 2796 Antq
656 2727 674 2792 l,
697 2726 742 2780 Gl.
765 2726 797 2777 de
820 2728 1107 2796 comperendinatione
1125 2733 1222 2780 statim
1239 2746 1262 2782 s.
1282 2728 1440 2792 dicebatur,
1460 2735 1485 2778 si
1503 2737 1552 2779 aut

246 2801 306 2855 abs.
327 2807 398 2850 esset
420 2816 497 2864 reus,
517 2807 568 2851 aut
584 2805 610 2851 si
631 2799 775 2852 videretur
794 2818 852 2852 esse
870 2803 1051 2855 damnandus.
1091 2805 1149 2854 Aut
1164 2808 1289 2873 Amplius
1302 2809 1551 2874 pronunciabatur,

245 2893 306 2926 cum
327 2874 465 2925 dixissent
487 2873 543 2928 iud,
564 2874 602 2925 Ν.
627 2873 658 2929 L.
681 2874 708 2939 li.
728 2895 752 2930 e.
772 2876 853 2929 Obsa.
874 2894 897 2929 c.
919 2885 969 2930 est.
992 2883 1085 2946 itaque
1105 2895 1139 2927 ea
1155 2897 1184 2946 p.
1204 2884 1285 2949 prior
1304 2883 1355 2932 inl.
1377 2879 1425 2931 dil.
1445 2877 1500 2933 dle.
1523 2882 1553 2929 ia

246 2955 325 3001 cuius
344 2955 472 3000 oratione
494 2947 551 3001 vid.
572 2948 644 3001 obse.
664 2949 757 3020 Comp.
779 2960 872 3002 autem
889 2957 1030 3021 utriusque
1045 2956 1141 3020 partis
1158 2960 1209 3006 est.

321 3023 392 3077 lbid.
410 3023 557 3094 Glauciae]
587 3023 633 3075 Sic
652 3029 759 3097 scripsi.
798 3027 950 3096 Legebarnr
969 3027 1121 3078 Glauciam.
1169 3026 1277 3100 „Leges
1305 3043 1359 3080 noa
1381 3025 1554 3099 appellantur

246 3113 262 3151 a
288 3098 515 3170 cognominibus,
545 3096 590 3150 sed
612 3113 627 3148 a
648 3097 771 3153 familiis.
794 3104 885 3170 itaque
914 3100 1056 3172 legendum
1084 3116 1149 3170 puto
1172 3102 1304 3154 Glauciae
1324 3120 1373 3173 pro
1393 3102 1554 3155 Glauciam:

247 3179 325 3227 cuius
344 3173 416 3244 leges
436 3189 531 3224 omnes
552 3172 585 3223 ab
605 3177 663 3226 eius
683 3179 795 3226 nomine
813 3175 950 3226 Serviliae
970 3174 1059 3227 dictae
1080 3176 1170 3228 sunt.''
1196 3176 1337 3231 MANUT.
1356 3181 1386 3230 in
1405 3176 1448 3230 ed.
1468 3193 1553 3250 posu.

340 3253 367 3303 2.
385 3251 523 3297 sententia
542 3245 697 3315 dicebatur]
725 3255 867 3318 sapiaentia
884 3249 1048 3300 dicebantur
1069 3249 1173 3303 Berald.

340 3329 366 3382 3.
386 3321 524 3372 dixissent
543 3321 659 3393 iudices]
693 3321 779 3395 Lngd.
798 3323 863 3378 Hor.
883 3324 961 3378 man.
980 3329 1058 3378 Creo.
1079 3351 1115 3365 -
1133 3324 1252 3377 dixisset
1270 3330 1314 3376 ius
1333 3325 1428 3378 Ptine.
1446 3320 1554 3380 Berald.

247 3393 309 3450 Ald.
327 3424 364 3438 -
383 3395 503 3446 dixisset
520 3395 605 3462 iudex
625 3395 691 3450 Lod.

340 3473 368 3528 6.
388 3474 515 3520 recitatio
534 3472 587 3537 est]
618 3475 809 3524 recitationem
830 3474 923 3526 Prlne.

326 3551 368 3600 10.
389 3543 516 3612 iudicem]
547 3542 614 3597 Lod.
634 3562 660 3598 et
681 3564 755 3618 seqq.
775 3571 809 3586 -·
829 3545 946 3598 indicem
965 3548 1057 3600 Princ.
1076 3545 1183 3600 Rerald.
1202 3543 1261 3600 nli.

326 3627 368 3676 11.
388 3636 416 3668 se
435 3617 682 3688 comperendinum]
717 3625 807 3675 Prion.
831 3621 936 3673 Berald.
956 3619 1017 3675 nid.
1038 3622 1105 3676 Lod.
1123 3650 1161 3664 ·-
1178 3638 1207 3672 se
1225 3626 1254 3673 in
1270 3619 1451 3691 perendinum
1471 3617 1554 3691 Lngd.

249 3695 314 3748 Eoi.
335 3695 411 3746 Man.
435 3721 465 3732 -
486 3711 515 3744 se
531 3695 710 3762 perendinum
730 3696 811 3747 Creu.
832 3725 867 3737 —
888 3693 929 3748 ci.
946 3696 1010 3749 Gaii
1026 3697 1094 3748 lust.
1108 3694 1185 3751 LIV·
1198 3697 1222 3762 §-
1237 3700 1280 3753 15.
1294 3694 1557 3750 undenosrerloens

249 3769 409 3839 desumptus
425 3765 541 3822 videtur.
579 3771 632 3824 Pro
651 3787 752 3821 causae
771 3774 905 3822 conlectio
924 3769 995 3842 apud
1015 3771 1115 3825 Gaium
1136 3785 1176 3823 est
1195 3788 1296 3820 causae
1314 3771 1447 3823 collectio.

326 3847 369 3901 13.
388 3841 504 3893 indicem
522 3861 580 3894 rem
599 3844 786 3912 exponebant]
806 3844 920 3896 iudicem
940 3862 997 3895 rem
1017 3845 1173 3915 exponebat
1191 3843 1259 3899 Lod.

180 3976 183 3980 Α
326 3919 370 3975 16.
390 3922 527 3987 repetitur
545 3936 606 3969 cum
624 3920 705 3989 ante]
739 3922 785 3970 Sic.
805 3934 932 3991 corrupte
954 3921 1043 3972 Princ.
1069 3918 1171 3972 neratd.
1199 3918 1258 3974 ild.
1279 3916 1345 3970 Lod.
1365 3945 1401 3960 ·-
1421 3935 1452 3968 re
1471 3917 1558 3968 elaba-

249 4000 297 4043 tur
315 4009 376 4043 cum
394 4009 506 4043 curnam
527 3992 614 4061 Lugd.
636 3996 698 4046 llot.
719 3993 795 4047 Mau.
816 3994 897 4047 Creo.
917 4019 952 4034 -
971 3993 1123 4061 ,Nonnulli
1143 3990 1221 4046 codd.
1235 3997 1350 4047 Asconii
1369 3991 1471 4045 liabent
1494 4010 1558 4059 reo,

250 4064 417 4138 quodetiam
437 4068 574 4131 ostendit,
590 4066 711 4120 lacerum
732 4085 790 4121 esse
809 4083 836 4120 et
853 4082 980 4119 araneum
1000 4068 1188 4121 contextum.'¹
1210 4068 1322 4120 ltoborr.
1339 4070 1454 4120 Annon.
1468 4085 1496 4138 p.
1511 4071 1559 4123 95.

325 4144 369 4196 17.
387 4144 413 4190 si
432 4140 593 4212 uidebatur]
619 4142 704 4214 Logd.
724 4143 788 4196 Hor.
808 4143 884 4196 Man.
905 4144 986 4196 Creo.
1009 4173 1039 4184 -
1061 4143 1230 4194 suadebatur
1249 4144 1340 4196 Princ.
1360 4168 1397 4184 -
1416 4145 1442 4192 si
1459 4141 1560 4192 surle-

249 4215 334 4265 batur
355 4208 459 4267 Berald,
480 4214 541 4270 Ald.
560 4244 597 4256 -
622 4221 648 4266 si
662 4217 884 4285 persuadebatur
904 4214 971 4268 Lod.

326 4288 396 4341 lbid.
415 4290 504 4360 reum]
525 4289 609 4362 Lngd.
629 4291 694 4344 Hor.
714 4291 791 4343 Man.
813 4293 893 4344 Creu.
913 4319 945 4332 -
967 4308 1028 4342 eam
1047 4292 1137 4344 Princ.
1158 4289 1220 4344 did.
1240 4318 1275 4335 -
1293 4306 1355 4341 erem
1368 4286 1478 4343 Bertld.
1492 4287 1561 4342 Lod.

326 4366 369 4421 19.
388 4372 460 4414 esset
482 4364 515 4431 C]
537 4365 606 4418 Lod.
624 4382 651 4418 et
672 4383 746 4436 seqq.
766 4394 803 4407 -
821 4384 887 4418 esse.
907 4365 932 4416 lc.
953 4367 1046 4418 Priuc.
1069 4364 1129 4419 nid.
1149 4372 1229 4416 esset.
1249 4361 1288 4416 tlt.
1310 4363 1416 4417 Berald.

326 4437 396 4490 lbld.
415 4438 577 4490 absolvendi
597 4443 635 4507 A]
655 4438 851 4491 absolvendam
873 4441 962 4492 Princ.
986 4468 1016 4479 -
1037 4439 1200 4492 absoluendi
1219 4439 1235 4473 *
1257 4436 1316 4491 Δίά.

325 4519 369 4569 20.
389 4511 428 4564 N.
449 4512 479 4564 L.
499 4511 619 4578 dabant,
638 4515 712 4587 quod
729 4513 921 4585 significabat]
956 4515 1023 4566 Lod.
1049 4538 1082 4555 -
1102 4514 1139 4566 Ν.
1160 4513 1192 4567 L.
1209 4512 1284 4585 quod
1300 4511 1406 4563 dabant
1425 4510 1499 4581 quod
1515 4514 1561 4560 si-

249 4585 409 4658 gnificabat
430 4588 520 4639 Princ.
542 4587 601 4642 nid.
632 4617 668 4632 -
697 4591 735 4642 N.
754 4589 784 4641 L.
805 4588 879 4660 quod
894 4587 1079 4658 significabat
1096 4587 1205 4641 Berald.
1225 4616 1262 4632 -
1280 4586 1342 4639 NL.
1361 4585 1482 4652 Mani,
1503 4603 1558 4656 quo

249 4660 453 4730 significabant
472 4660 557 4734 lugd.
578 4664 642 4718 lint.
664 4665 738 4716 Man.
758 4666 838 4717 Cren.

325 4736 370 4790 24.
389 4734 496 4808 Tarde]
515 4736 580 4791 Lod.
600 4753 628 4792 et
647 4756 723 4811 seqq.
741 4767 778 4781 -
796 4738 882 4791 tardo
901 4746 1015 4811 priores.
