3210 5280
206 126 209 132 ’
315 178 363 242 ru
387 166 531 244 ouer.
554 125 616 243 nn
642 178 768 244 nuce
790 175 1151 243 Annxaunnruo.
1190 243 1192 247 ,
1266 153 1274 164 ’
1313 174 1382 257 ‚sss

39 327 41 330 ‘
139 321 208 394 lll.
238 314 273 395 l.
302 377 310 394 .
340 377 349 395 .
378 377 387 396 .
419 322 465 395 Ut
489 323 626 396 bellurn
651 323 852 423 gerendum
879 346 963 397 esse
982 334 1177 416 censeret,
1204 321 1269 419 qui
1286 343 1383 393 men-

31 440 33 444 ’
62 435 199 507 tionem
226 435 404 532 pecuniae
431 434 583 508 fecerat.

141 553 227 631 Sic¹
263 565 322 628 est
346 558 444 629 iusta
470 581 582 630 causa
606 555 717 654 belli,
757 559 868 638 sicuti
894 555 1056 630 Crassus
1082 556 1385 629 commemoravit

61 692 144 741 curn
172 668 348 766 Iugurtha
382 669 509 743 fuisse.

148 785 357 849 Notissiuusm
380 799 447 863 est,
472 785 610 868 Micipsa
633 806 712 870 rege
742 785 910 850 Numidiae
942 796 1089 861 mortuo,
1127 783 1279 847 trifariam
1300 783 1408 857 intere

61 880 278 944 Adherbalem
301 892 332 942 et
355 880 571 962 Hiempsalem
596 888 629 941 et
654 880 843 964 Iugurtham
869 904 1004 967 reguum
1031 903 1101 945 esse
1124 880 1278 955 divisum3
1301 900 1383 964 quos

61 985 165 1035 tamen
188 976 269 1035 duos
295 973 376 1036 idem
405 973 561 1058 Iugurtha
586 971 702 1053 partim
729 973 781 1050 vi,
820 976 934 1058 partim
959 998 1037 1041 vcro
1064 973 1185 1037 insidiis
1211 973 1383 1037 interiecit.

63 1068 156 1130 Haec
183 1066 231 1128 illi
260 1065 321 1128 suit
347 1088 440 1129 causa
473 1064 644 1148 praecipua
681 1068 797 1131 bellum
824 1070 953 1153 gerendi
980 1073 1133 1133 adversus
1162 1068 1315 1150 populum
1336 1067 1382 1130 R.

62 1160 126 1239 Qui
148 1173 252 1222 tamen
283 1173 356 1242 post
390 1161 504 1226 multos
535 1162 746 1243 imperatores
772 1163 916 1248 graviter
948 1163 1111 1240 addictos,
1145 1164 1185 1225 ad
1205 1171 1383 1224 extremum

63 1255 106 1319 C.
130 1256 239 1318 Mario
262 1255 459 1338 imperatore
481 1271 651 1342 superatus
672 1267 734 1320 esi.
1394 1271 1426 1321 ¹⁰

137 1375 175 1453 2.
202 1378 287 1454 Non
313 1383 436 1478 patiar
453 1381 548 1457 hanc
566 1385 735 1459 exaudiri
761 1406 890 1456 vocem
916 1381 1025 1455 huius
1044 1381 1209 1479 imperii,
1237 1402 1305 1478 ego
1326 1388 1382 1474 te,

60 1494 133 1565 nisi
159 1494 226 1566 das
253 1493 412 1592 aliquid,
449 1493 615 1595 hostem,
655 1500 689 1572 si
715 1495 803 1595 quid
828 1494 998 1588 dederis,
1024 1517 1149 1592 regem
1176 1493 1382 1565 cisonium

60 1615 98 1677 et
124 1607 278 1678 amicum
305 1605 489 1680 iudicabo.

145 1697 198 1787 Ad
225 1725 371 1786 tuendam
394 1723 550 1790 rationem
572 1726 706 1810 pudoris
728 1724 915 1810 exsequitur
937 1745 1000 1788 non
1023 1725 1138 1786 decere
1160 1721 1312 1805 populum
1335 1721 1380 1784 R.

59 1819 116 1879 has
138 1828 314 1899 potestates
337 1816 441 1902 regias
463 1821 646 1894 nundinari;
669 1833 703 1883 ut
724 1819 848 1884 obiecta
871 1819 1004 1902 quadam
1030 1815 1154 1880 senatui
1174 1814 1257 1878 facie
1280 1815 1381 1898 turpi·
1395 1829 1424 1877 ss

59 1909 250 2066 adnipjpgfiid
274 1911 322 1973 vel
346 1910 481 1974 maxime
504 1912 680 2009 faciendum
703 1934 774 1977 esse
795 1914 1003 1996 persuadeat,
1028 1912 1115 1994 quod
1136 1908 1177 1972 sii
1198 1928 1382 1993 congruens

139 2127 229 2201 llll.
258 2123 293 2202 1.
334 2127 453 2230 Quum
487 2130 551 2204 ille
589 2155 659 2205 rex
684 2132 735 2205 sit
759 2130 1002 2227 interiectus,
1038 2128 1136 2203 hunc
1161 2151 1316 2227 puerum
1342 2129 1382 2200 in
1474 2231 1475 2234 Ἴ

61 2237 172 2336 Syria
198 2241 325 2316 fuisse.

71 2377 126 2385 ...-
289 2369 1378 2402 --—————-———-————-———-——-f—-

132 2431 157 2476 1.
177 2430 209 2477 Ν.
227 2433 310 2477 mallet
326 2432 361 2477 si.

155 2557 182 2607 2.
202 2551 333 2624 Suspicor
352 2553 406 2606 hoe
425 2558 509 2609 etiam
531 2551 636 2607 dicrum
656 2551 784 2607 adversus
804 2553 934 2607 Crassum
954 2549 1167 2625 cupidissimum
1190 2552 1344 2605 hominem.

74 2672 77 2678 ,
154 2627 182 2682 ll.
203 2625 283 2680 Aliud
303 2631 394 2682 Crassi
415 2629 521 2682 dicrum
543 2635 571 2682 in
591 2630 643 2682 hac
663 2645 744 2682 causa
767 2626 948 2682 Alexandrina
970 2625 1074 2698 prolert
1097 2627 1195 2680 Cicero
1215 2646 1265 2701 pro
1286 2627 1383 2680 Caelio

60 2703 140 2756 vlu:
172 2701 216 2754 M.
237 2703 357 2755 Crassus
375 2723 457 2775 quarn
476 2704 510 2758 de
528 2705 652 2756 adventu
671 2709 750 2773 regis
770 2703 924 2756 Ptolemaei
940 2711 1120 2774 quereretur,
1140 2702 1233 2756 dieite
1251 2709 1384 2774 ,utinam

63 2797 97 2829 ne
117 2783 146 2828 irs
165 2795 277 2828 nemore
298 2778 418 2830 Pelio'v

137 2856 181 2911 13.
202 2852 279 2904 llaud
300 2858 360 2906 scio
380 2869 414 2906 an
434 2853 468 2906 ad
488 2854 562 2907 hune
582 2859 716 2908 oracionis
736 2852 830 2906 locum
857 2853 1071 2906 Fortunatianus
1097 2858 1265 2925 respexerit,
1296 2860 1383 2923 quarn

63 2931 92 2979 iu
113 2927 283 2999 hypophoris
309 2933 437 3000 scripsit:
469 2934 499 2980 s'n
518 2929 689 3002 hypophoris
714 2947 783 3000 qnae
802 2927 930 2980 cauenda
948 2928 1035 2979 sant?
1065 2928 1207 3000 Neplene
1226 2934 1383 2999 etcopiose

58 3011 222 3073 ponantur:
251 3004 326 3074 quod
342 3014 437 3056 tamen
455 3005 606 3075 aliqnando
617 3007 749 3076 jacimus
767 3003 873 3054 dssabrn
891 3021 928 3052 ea·
946 3006 1055 3068 camis,
1086 3011 1137 3054 ant
1162 3002 1299 3055 irridendi
1325 3003 1384 3054 ad-

62 3082 188 3129 versarii
206 3085 323 3146 gratia,
344 3085 369 3129 ss‘
387 3079 439 3131 hoc
458 3088 580 3148 augeat,
599 3081 633 3132 de
652 3098 705 3151 qno
723 3079 801 3130 nulla
818 3083 944 3150 quaestio
963 3086 1020 3144 est,
1040 3086 1074 3129 rst
1088 3095 1143 3147 pro
1156 3079 1285 3132 Cornelia
1298 3083 1384 3130 maie-

62 3157 167 3213 statisr
196 3162 246 3204 ant
264 3159 291 3204 ss'
309 3153 472 3224 discrepans
491 3155 599 3226 aliquid
616 3154 797 3221 ostendatur,
825 3162 857 3204 nt
874 3152 908 3203 rie
928 3170 996 3223 rege
1017 3152 1221 3207 Alexandreae.
1271 3155 1383 3226 Quippe

63 3228 226 3300 hypophora
254 3246 295 3282 ess
323 3228 471 3283 adversarii
497 3236 596 3284 orario.
647 3233 697 3284 llis
717 3247 810 3282 aurem
830 3231 965 3282 oraticula
985 3225 1074 3283 verbis
1094 3231 1192 3283 Cicera
1212 3226 1383 3284 adversariae

64 3320 129 3355 suos
151 3307 178 3354 in
199 3318 281 3356 eausa
302 3305 486 3358 Alexandrina
505 3305 648 3376 loquentes
669 3303 786 3358 inducis.

143 3385 187 3436 18.
208 3379 359 3432 Alexander
379 3381 416 3432 ll.
438 3387 561 3454 Aegypto
583 3400 628 3433 rex
647 3379 726 3434 dacus
747 3396 761 3432 a
782 3377 875 3454 sylla,
905 3382 1000 3432 stasim
1027 3379 1106 3432 duxlt
1132 3396 1245 3434 uxorem
1264 3382 1385 3435 Bereni-

65 3472 132 3519 rrn,
162 3459 203 3507 usi
224 3470 334 3507 narrant
355 3458 496 3528 Appianus
518 3455 585 3511 Bell.
606 3460 658 3509 civ.
679 3457 702 3510 1.
723 3460 804 3521 102„
832 3469 859 3507 et
880 3454 1047 3527 Porphyrius
1069 3453 1141 3526 apud
1160 3456 1260 3508 Euseb.
1279 3455 1384 3509 chron.

64 3527 115 3581 lib.
136 3528 158 3580 l.
178 3527 222 3582 ed.
242 3528 359 3582 Mediol.
379 3551 404 3604 p.
427 3536 489 3588 119.
511 3537 574 3589 120.
613 3533 687 3584 llaec
707 3546 765 3584 erat
785 3535 843 3583 eius
863 3545 942 3581 soror
962 3529 1109 3601 patruelis,
1131 3534 1195 3600 quia
1215 3531 1269 3584 lilia
1290 3530 1384 3584 Prole-

63 3607 136 3656 mari
156 3603 287 3676 Lathyri,
315 3621 383 3659 resse
403 3604 540 3660 Pausania
561 3613 589 3660 in
610 3611 695 3662 Auia.
716 3622 776 3678 rap.
796 3606 847 3659 111.
888 3604 950 3675 lpse
970 3621 1062 3658 autern
1083 3604 1236 3659 Alexander
1256 3607 1291 3658 11.
1312 3606 1386 3660 lilius

64 3678 213 3732 Alexandri
235 3681 255 3732 l.
276 3679 368 3734 fratris
382 3682 507 3755 Lathyri.
546 3683 625 3734 lianc
645 3699 770 3735 sororem
790 3697 817 3734 er
836 3696 950 3731 uxorem
972 3680 1075 3733 occidis
1091 3681 1244 3734 Alexander
1265 3680 1314 3744 11.,
1331 3696 1383 3748 ut,

65 3770 175 3826 praeter
195 3759 296 3807 cisaros
322 3771 449 3811 auctores
476 3758 562 3821 duos,
591 3757 735 3810 confirmas
761 3754 897 3808 hocloco
917 3755 1032 3810 Cicero:
1065 3769 1092 3807 et
1113 3753 1222 3825 quidem
1243 3772 1384 3808 recensens

64 3845 80 3880 a
102 3833 220 3901 nuptiis;
251 3846 314 3882 uam
335 3837 392 3904 ipse
412 3849 520 3903 quoque
540 3830 693 3885 Alexander
712 3830 821 3884 decimo
842 3845 915 3882 nono
935 3827 995 3894 dle,
1020 3848 1053 3882 ex
1072 3846 1126 3900 quo
1146 3848 1257 3902 regnum
1278 3830 1310 3882 ed
1329 3831 1385 3884 sibi

64 3906 205 4031 titii.
220 3908 385 4036 “liiii
406 3909 528 4034 111.
539 3906 1313 4047 dedititii*liiit'iimlillhalwil
1333 3921 1385 4037 ii·

67 3998 301 4120 sensualium
331 4002 502 4128 quipdiinde
530 4001 567 4107 ib
587 4055 778 4110 Alexandrinis
805 4055 915 4129 pulsus,
948 4054 1016 4127 Tyri
1037 4053 1099 4106 exul
1119 4001 1206 4121 ohiirp,
1239 4071 1386 4127 postquam

65 4134 141 4200 regni
163 4128 291 4183 heredem
312 4131 442 4203 populum
454 4135 532 4184 llum.
551 4135 713 4203 scripseras:
733 4146 898 4204 quamquam
919 4134 944 4180 ei
967 4145 1075 4202 reapse,
1095 4129 1311 4184 concedentibus
1330 4133 1386 4184 llo-

65 4208 174 4267 manis‚
202 4211 336 4259 successit
356 4208 532 4261 Ptolemaeus
559 4206 665 4259 Aulera.
704 4207 772 4260 Tres
798 4224 863 4281 ergo
884 4204 1066 4256 Alexandros
1090 4209 1147 4258 sive
1175 4208 1283 4258 Alexae
1309 4223 1386 4277 reges

64 4279 205 4333 habemus.
243 4281 354 4332 Priasus
373 4300 430 4351 en,
449 4282 482 4335 de
501 4298 556 4353 quo
577 4299 658 4335 nemo
677 4280 803 4348 dubitat,
817 4279 966 4336 Ptolemaei
980 4280 1093 4351 Lathyri
1113 4277 1207 4336 frater.
1244 4281 1388 4334 Secrrndns

65 4354 132 4420 ille,
163 4359 210 4425 qui
230 4356 411 4411 Alexandriae
431 4358 467 4411 ob
488 4361 668 4430 parricidium
688 4361 781 4410 uxoria
803 4363 830 4410 iu
850 4360 994 4430 gymnasio
1015 4359 1197 4429 interemptus
1217 4374 1276 4422 eas,
1305 4374 1387 4428 quem

63 4446 131 4484 sane
153 4431 345 4483 Alexandrum
366 4433 461 4486 dicunt
482 4437 622 4507 Appianus
642 4449 723 4504 arque
744 4434 920 4507 Porphyrius.
959 4429 1074 4482 Tertius
1086 4437 1132 4504 qni
1146 4431 1208 4485 exul
1222 4433 1288 4504 Tyri
1303 4432 1386 4498 obiit,

63 4523 146 4577 quem
166 4505 230 4558 heic
250 4507 368 4580 appellat
388 4511 489 4562 diserte
511 4510 632 4559 Alexam
652 4513 760 4561 Cicero.
800 4504 984 4561 Alexandrum
1004 4511 1119 4559 tertiam
1137 4507 1217 4560 mulsi
1238 4513 1386 4579 scriptores

64 4599 121 4633 non
142 4597 311 4652 agnoscunt,
332 4583 379 4636 sed
402 4583 592 4637 saururnrnodo
611 4583 767 4637 secundum.
806 4582 859 4636 Sed
880 4598 926 4633 eos
940 4581 1001 4632 vide
1014 4587 1080 4633 saris
1095 4598 1223 4635 accurare
1237 4581 1386 4635 discinctos

65 4654 137 4727 apud
161 4658 299 4710 Petavium
320 4659 353 4712 de
374 4662 463 4713 doctr.
484 4676 568 4730 semp.
588 4658 636 4712 lib.
657 4664 692 4714 Χ.
713 4663 775 4724 hd,
795 4658 864 4711 duce
886 4657 915 4709 P.
932 4659 1074 4721 Menaria,
1094 4673 1121 4709 et
1143 4656 1214 4730 apud
1229 4660 1385 4710 l'orsreruru

65 4748 216 4786 cosnment.
244 4732 321 4788 asad.
341 4735 467 4810 Gorsiug.
495 4736 528 4788 ad
548 4751 593 4789 an.
613 4741 695 4796 ¹780.
715 4751 786 4809 pars.
807 4731 939 4808 philolog.
959 4751 988 4807 p.
1011 4735 1075 4792 156.
1114 4732 1150 4788 Et
1169 4731 1280 4806 quidesn
1301 4750 1385 4807 quum
