3210 5280
338 225 389 292 lu
411 225 519 293 Act.
541 227 590 292 11.
612 223 663 289 lu
685 220 728 290 C.
749 217 953 287 VERREM
975 216 1066 280 LIB.
1088 213 1118 278 l.
1144 210 1146 214 '
1322 216 1384 277 lli

161 365 206 444 (§.
232 363 518 446 61.).tltotoco‚
546 361 741 430 cuiusmodi
755 362 817 442 sit,
837 353 1134 437 considerabimus]
1190 350 1315 417 Scilicet
1344 353 1384 414 ab

75 460 215 541 tegenda
235 458 321 522 furta
348 459 486 540 pertinet
510 456 568 520 ista
588 450 822 539 praetermissio
851 448 1026 524 rationum,
1055 468 1094 511 ne
1115 444 1303 537 conscriptis
1325 443 1381 518 iis,

76 570 158 633 quse
185 564 256 615 ante
281 551 409 628 babuit,
432 561 465 615 ct
484 549 542 627 iis,
565 570 646 635 quae
668 566 750 610 nunc
775 544 885 620 babet,
910 540 1161 606 extraordinaria
1183 561 1285 604 rectum
1307 559 1385 623 pos·
1460 608 1464 612 ⁴

74 641 176 706 sessio
198 658 393 709 cerneretur.

158 736 265 821 nsque
286 741 415 802 atinam
435 736 551 821 neges]
595 734 676 799 Cum
701 728 780 795 enim
796 724 975 805 confiteris,
999 723 1058 788 etsi
1079 723 1243 805 improbe,
1268 722 1409 788 rideriss

73 836 179 890 tamen
204 828 321 912 aliquid
342 827 466 903 dicere,
491 849 560 890 cum
589 824 685 889 dicis:
708 821 800 896 Emi,
825 841 889 884 nou
914 816 1018 900 rapui.
1063 817 1095 880 Si
1120 827 1223 880 autem
1246 837 1384 902 negare-

75 919 141 998 ris,
165 931 198 983 et
219 920 416 986 convinceris
437 931 469 982 et
490 918 669 983 huiusmodi
690 915 872 979 defensioue
894 909 1073 975 nudaberis.

159 1011 377 1097 Implevium]
419 1015 530 1079 Locus
550 1012 618 1077 sine
638 1022 724 1076 tecto
746 1008 777 1072 in
800 1005 946 1092 aedibus,
970 1025 1034 1088 quo
1055 1000 1207 1096 impluere
1229 1001 1331 1066 imber
1352 1001 1385 1066 iu

73 1106 202 1170 domum
223 1105 339 1188 possit.
1455 1171 1458 1177 .

162 1201 260 1280 (luae
278 1209 441 1266 sectorem
461 1196 671 1281 exspectant]
724 1195 984 1277 Repetunelarum
1014 1211 1108 1253 causa
1137 1190 1177 1254 ita
1206 1213 1240 1257 se
1267 1194 1383 1269 babet,
1397 1203 1427 1255 st

73 1303 130 1369 ιιι,
169 1292 196 1355 si
223 1292 389 1354 convictus
411 1312 484 1354 reus
506 1292 547 1354 sit
568 1303 662 1375 atque
683 1291 862 1363 damnatus,
899 1284 1066 1367 pecuniam
1094 1286 1204 1349 reddat
1224 1287 1386 1357 aestimata

73 1383 150 1460 lite,
174 1386 237 1448 hoc
259 1395 325 1458 est,
349 1382 379 1446 in
401 1384 534 1465 pretium
556 1381 691 1445 redactis
714 1381 857 1444 omnibus
878 1377 992 1441 furtis:
1016 1400 1109 1462 quam
1123 1401 1272 1444 summam
1287 1401 1386 1464 pecu·

75 1475 147 1540 uiae
175 1475 364 1559 proscriptis
392 1475 458 1539 eius
483 1474 576 1539 bouis
609 1486 750 1539 sectores
779 1475 943 1536 curabant.
997 1474 1146 1534 Sectores
1175 1484 1277 1536 satem
1310 1474 1386 1538 dicti

75 1580 170 1644 assat,
204 1567 258 1653 qui
287 1590 374 1650 spem
402 1567 482 1636 lucri
511 1573 559 1631 sni
581 1569 680 1632 secuti
702 1570 783 1630 bona
807 1570 1086 1631 condemnatorum
1107 1567 1205 1629 semel
1225 1567 1385 1633 auctiona-
1418 1628 1420 1637 ,

74 1663 211 1737 bantur,
235 1682 359 1745 proque
384 1662 432 1725 his
454 1662 602 1744 pecunias
623 1661 817 1743 pensitabant
839 1658 1039 1743 singulis,.†
1061 1678 1098 1722 ac
1119 1658 1301 1741 inpostcra
1324 1681 1385 1742 pro
1398 1657 1428 1708 ¹⁵

74 1753 351 1837 compendiosum
380 1755 519 1840 singulas
549 1774 688 1840 quasque
712 1775 767 1816 res
789 1752 922 1835 pecunia
950 1753 1072 1834 populo
1095 1753 1265 1817 vendituri.
1309 1755 1399 1833 Solu⁴

73 1866 155 1931 ergo
177 1848 256 1909 baec
277 1849 341 1909 diso
363 1847 453 1931 signa
476 1847 550 1911 dicit
572 1850 655 1930 apud
676 1849 813 1911 Verrem
835 1845 962 1922 relicta,
1000 1844 1180 1928 asportatis
1200 1849 1239 1911 ab
1267 1847 1386 1919 amicos

71 1939 210 2002 caeteris
232 1939 343 2022 signis.

158 2037 204 2111 (§.
228 2032 296 2110 62.)
316 2029 355 2096 At
377 2035 494 2114 oredo]
513 2054 516 2059 ·
537 2033 704 2104 Transitns
722 2035 774 2096 -ab
803 2031 892 2095 aliam
921 2031 1081 2095 criminum
1110 2032 1259 2115 speciem.
1309 2035 1384 2100 Non

71 2121 155 2187 enim
178 2125 276 2199 haec,
300 2146 381 2209 quac
404 2139 475 2189 ante
497 2138 566 2190 acta
587 2137 680 2203 strat,
703 2128 749 2189 sic
771 2126 845 2188 dicit
866 2137 1023 2209 tamquam
1047 2125 1220 2189 Siciliensis
1242 2125 1427 2204 crinsins,²⁰

72 2216 207 2298 propria
229 2217 319 2280 burins
341 2218 552 2302 cognitionis,
574 2242 655 2303 quae
670 2241 728 2302 per
742 2220 886 2303 singulos
908 2217 1010 2281 libros
1025 2228 1148 2282 constat
1171 2240 1239 2282 esse
1261 2221 1381 2298 divisa,

72 2320 109 2372 ιιι
133 2311 171 2372 sle
192 2311 261 2373 iure
287 2311 439 2386 biennio,
464 2316 502 2375 de
525 2334 561 2376 re
582 2312 807 2387 frumentaria,
837 2314 875 2373 dc
897 2310 1012 2394 signis,
1043 2313 1081 2373 sle
1102 2312 1278 2394 suppliciis.

158 2404 203 2479 (§.
227 2403 295 2482 63.)
315 2401 367 2470 Ad
385 2426 551 2468 summurn
573 2405 778 2468 Graecorum
799 2403 920 2483 otium]
974 2404 1172 2479 †·Divisam
1198 2405 1381 2471 sententiam

72 2497 112 2558 de
134 2495 268 2558 Graecis
289 2497 443 2567 habitam,
467 2490 548 2578 quos
572 2495 695 2559 otiosos
717 2505 749 2558 et
771 2496 856 2557 leves
876 2517 946 2558 esse
967 2517 1152 2560 consensum
1175 2509 1235 2562 est.

159 2589 241 2653 Oarn
262 2608 285 2650 a
306 2589 361 2654 On.
380 2588 563 2653 Dolabella
582 2588 826 2671 efflagitasset]
870 2591 963 2673 Ergo
989 2611 1052 2655 noa
1081 2614 1099 2654 e
1128 2614 1163 2655 re
1190 2593 1315 2677 publica
1336 2593 1426 2657 iren

73 2690 295 2754 conclusum,
326 2679 381 2740 seb
403 2689 437 2741 ut
466 2678 644 2742 mitteretur
671 2679 842 2744 ambitione
864 2683 1010 2764 perlecit.
1069 2683 1257 2749 Nicomedes
1280 2689 1441 2750 antetulit]

73 2772 244 2853 Bithyniae
269 2793 327 2834 rex
348 2781 416 2846 est,
441 2771 551 2834 Sedala
575 2771 867 2867 Thraciam-ambo
893 2776 974 2870 socii
994 2777 1106 2872 pppuli
1128 2779 1278 2843 Romani.

270 2857 410 2865 ---—·
425 2858 585 2866 ...μμ-,-
594 2858 725 2866 -—-*

167 2883 195 2934 1.
214 2878 367 2930 cuiusmodi
384 2881 434 2948 sit]
464 2877 515 2931 boe
534 2879 685 2931 essiusnsodi
702 2885 742 2933 sit
761 2880 839 2936 editt.
858 2883 1011 2939 Ciceronis.

168 2958 195 3008 2.
214 2951 255 3003 ad
271 2952 404 3022 tegenda]
439 2953 523 3025 bugd.
544 2954 609 3008 blot.
628 2955 706 3008 Man.
725 2956 808 3011 Creu.
827 2984 862 3000 -
883 2968 949 3013 anie
966 2960 1091 3029 gerenda
1109 2962 1203 3025 Prlac.
1220 2953 1328 3029 Bessltl·
1346 2989 1384 3006 -

74 3028 116 3083 asi
132 3026 291 3096 detegenda
311 3027 371 3081 std.
392 3057 422 3069 —
445 3027 484 3079 ssd
501 3028 656 3097 rqtegenda
673 3028 742 3084 Lod.
1347 3031 1351 3043 ’

147 3100 219 3158 ibid.
240 3101 395 3173 rationum]
414 3101 477 3157 ald.
496 3120 523 3157 es
542 3121 616 3176 seqq.
635 3132 674 3147 -
692 3111 850 3175 orationum
869 3108 958 3164 Prioc.
979 3107 1085 3164 berald.
1188 3124 1191 3129 ·
1419 3163 1421 3167 .

166 3183 194 3238 5.
212 3176 444 3228 extraordinaria
463 3181 568 3245 rerum]
607 3178 714 3232 Berald.
734 3180 820 3252 bugd.
840 3185 903 3238 lior.
926 3186 1003 3238 blaa.
1023 3190 1103 3239 Crcn.
1121 3187 1382 3242 -noetru‘ordina-
1481 3213 1483 3216 ⁴

72 3258 146 3307 rium
165 3268 258 3303 rerum
279 3252 369 3305 Prlnc.
387 3281 425 3294 —
443 3252 736 3306 extraordinariorum
754 3273 847 3308 rernm
868 3257 928 3313 bld.
950 3260 1018 3314 Lod.

168 3331 195 3384 5.
213 3323 371 3395 confiteris]
395 3326 479 3399 bugd.
500 3328 661 3383 Hot.‘b1aa.
682 3329 762 3381 Creo.
783 3358 819 3370 -
837 3333 993 3404 confeceris
1012 3340 1126 3408 priores.

167 3403 196 3459 6.
214 3399 300 3466 dicis,
318 3400 397 3466 Emi,
417 3420 472 3454 non
491 3405 585 3472 repen]
613 3402 696 3476 bugd.
717 3404 780 3457 llos.
800 3407 878 3461 blan.
897 3413 978 3463 cren.
995 3437 1030 3453 -
1048 3411 1118 3464 elicis
1135 3417 1207 3465 enine
1225 3429 1282 3467 non
1299 3416 1382 3486 rapui

72 3478 167 3533 Ptine.
188 3473 294 3528 Bersld.
316 3505 347 3517 -
369 3476 439 3528 dicis
456 3494 512 3528 non
531 3481 613 3547 rapui
630 3476 692 3533 ald.
714 3477 783 3532 Lod.

168 3556 194 3609 7.
214 3548 373 3618 nudaberis]
394 3550 462 3605 Lod.
482 3566 509 3605 et
528 3569 603 3623 seqq·
622 3581 660 3594 -
678 3554 831 3607 nudaveris
849 3560 1028 3630 antiquiores.

149 3631 194 3682 11.
214 3629 380 3696 aestimata]
408 3631 548 3678 extimata
567 3630 657 3681 Princ-
677 3628 783 3682 Beralsl.
803 3630 864 3686 Ald.

149 3705 195 3758 12.
215 3698 349 3768 omnibus]
372 3701 436 3755 Ηοι.
455 3702 532 3754 Mea.
552 3703 632 3754 Creo.
651 3728 686 3742 —
706 3709 826 3756 ornninrn
846 3711 961 3779 priores.

150 3779 194 3831 15.
213 3771 270 3843 bis]
291 3773 382 3827 Petne.
400 3775 508 3829 Bersld.
528 3774 589 3831 Alb.
611 3775 677 3830 Lod.
695 3781 786 3829 -iis
805 3780 889 3853 bugd.
910 3784 973 3837 Hor.
994 3783 1070 3838 Man.
1090 3784 1173 3840 Creu.

149 3847 221 3903 lbld.
239 3866 274 3900 oe
292 3853 321 3899 in
336 3852 467 3921 postera]
489 3849 535 3903 Sic
555 3867 683 3923 corrupte
702 3853 794 3907 Ptine.
810 3855 918 3911 Bereld.
933 3856 995 3912 Ald.
1010 3883 1045 3898 -
1057 3877 1090 3912 aa
1108 3865 1138 3912 in
1154 3868 1297 3931 posterum
1311 3860 1379 3929 Lod.

71 3952 110 3970 ..
130 3942 164 3975 ac
180 3931 281 3992 postes
299 3921 386 3995 Luqb.
406 3925 471 3980 Hor.
491 3926 568 3979 Meu.
586 3925 667 3979 Cren.
1352 3936 1355 3950 ¹

147 3999 476 4088 16.singuiosquosque
495 4016 541 4050 res
555 4001 691 4090 pecunial
708 3999 792 4073 bugd.
813 4004 879 4059 llos.
901 4007 976 4059 blan.
996 4006 1076 4059 Creu.
1097 4033 1134 4050 —
1152 4010 1281 4079 singrdsss
1297 4029 1380 4084 quas·
1485 4005 1487 4008 ’

69 4092 122 4147 ⁹⁸⁸
138 4073 647 4218 tittt't.bltta⁸ttl..l¹l;.a
665 4079 1192 4229 lt'ltt¹“.‘.⁹“t.ttttb.l⁰ba.
1213 4158 1277 4215 n...
1296 4162 1375 4219 a...

33 4226 38 4235 ⁴
68 4223 152 4278 Creo.
175 4250 205 4262 —
227 4221 335 4289 ,Totas
349 4222 425 4276 locas
445 4229 486 4277 stc
499 4222 554 4277 iere
573 4225 781 4278 constituendus
795 4225 915 4282 ridetur:
930 4233 1036 4301 proque
1051 4229 1163 4296 turpes.
1178 4251 1258 4304 pens.
1274 4238 1377 4306 populo

70 4297 125 4372 (tel
141 4299 238 4366 papirii
257 4301 370 4364 arcae),
388 4299 509 4366 singulis
521 4307 621 4370 postea
632 4317 685 4368 pro
699 4318 722 4352 c.
739 4318 789 4350 suo
801 4307 876 4371 sing.
895 4323 920 4375 q.
939 4321 984 4354 res
997 4311 1117 4371 pecnnia
1132 4309 1301 4366 vendituri.'’
1321 4311 1375 4367 On.

144 4375 190 4427 21.
210 4372 391 4444 cognitionis]
411 4372 497 4444 bugd.
519 4375 583 4427 llos.
605 4374 682 4426 taen.
701 4375 782 4428 Creu.
805 4405 834 4418 -
857 4384 1039 4446 cogitationis
1058 4386 1170 4451 priores.

144 4450 189 4501 22.
208 4448 250 4513 re]
272 4445 332 4499 add.
352 4447 417 4500 llos.
437 4449 517 4502 Creu.
537 4463 570 4501 et·
584 4464 658 4518 seqq.
733 4452 777 4507 2't·
799 4451 928 4505 Dinisorn
947 4471 970 4507 s.
989 4452 1023 4504 de
1043 4457 1092 4508 Gr.
1112 4455 1186 4527 bob]
1208 4461 1298 4513 Prlac.
1312 4461 1373 4515 Ber.

68 4519 130 4576 Alb.
150 4518 217 4574 Lod.
237 4549 274 4562 -
294 4521 380 4572 Dixit
398 4520 448 4574 boc
465 4524 611 4575 secundum
629 4523 706 4575 illam
727 4536 797 4578 sent.
821 4525 855 4578 de
876 4528 927 4581 Gr.
946 4527 1070 4580 babitans
1094 4531 1178 4606 bugd.
1204 4535 1270 4590 llos.
1294 4536 1373 4591 blaa.

68 4601 150 4650 Creo.
168 4595 241 4647 Fors.
263 4593 448 4662 (invidiosam
470 4616 492 4650 s.
515 4597 548 4649 de
567 4596 617 4650 Gr'.
640 4597 721 4651 babet
742 4617 779 4652 sc.
800 4601 851 4653 boc
871 4603 930 4656 cn.
949 4603 1062 4656 dictum.
1089 4608 1154 4676 (ln)

144 4673 191 4728 25.
208 4672 276 4724 cum
295 4674 324 4738 a]
358 4673 447 4725 Prlac.
466 4670 575 4726 Bersld.
596 4671 655 4725 Alb.
675 4672 742 4726 Lod.
767 4700 805 4718 -
829 4679 968 4730 Caruisse
987 4698 1006 4731 a
1026 4680 1110 4755 bugd.
1132 4690 1194 4742 llos.
1213 4689 1291 4743 Men.
1311 4704 1374 4742 eam

69 4745 150 4802 edlu.
169 4746 322 4800 Ciceronis.
345 4772 379 4788 -
396 4764 458 4799 cuns
475 4752 533 4801 ists
550 4765 569 4800 s
588 4747 669 4802 Creu.
689 4749 788 4804 Graes.
918 4758 963 4815 27.
983 4755 1134 4832 Thraciae]
1153 4762 1263 4819 emila
1281 4766 1374 4822 Petne.

112 4845 475 4893 warahamum,
570 4904 572 4909 ι
1087 4840 1165 4930 12·
