3210 5280
244 218 306 284 388
572 221 871 291 scttoulssta
893 223 1235 289 Gnouovtutttts

326 362 359 424 5.
381 362 484 444 Quod
502 362 534 428 si
554 381 658 448 qucum
677 364 800 428 aradae
819 365 883 446 est]
907 364 984 428 Hoc
1004 363 1084 428 dixit
1091 405 1102 439 ,
1126 385 1166 427 ne
1181 363 1378 429 obiiceretur
1394 364 1464 430 itti:
1490 365 1569 427 unde

243 453 305 517 scis
326 457 390 518 hoc
411 456 551 520 Verrem
574 456 742 542 cogitare?

328 550 473 632 Audax]
504 552 694 634 Promptns.
751 576 753 580 ’

327 642 387 706 Aa
406 643 612 726 conandum]
643 646 696 708 Ad
717 644 910 710 iaciendum.

218 746 233 795 ι
328 739 370 801 ln
390 737 542 820 agendo]
564 738 602 801 In
626 740 799 822 cogitando
825 744 864 804 de
887 739 1108 836 corruptione
1118 738 1270 804 iudicum.

327 830 500 913 Fortasse]
530 831 675 896 Dicendo
686 830 854 923 fortasse
875 834 982 897 laudat
1006 837 1141 897 latenter
1160 831 1355 918 diligentiam
1377 837 1488 896 suam.

329 927 587 1011 Aliquandoe
536 923 751 1016 fefellisset]
782 927 882 1006 Quasi
903 927 1027 1010 sapiens
1051 929 1188 991 obscure
1209 925 1288 1010 egit.

303 1014 512 1085 'Corumode
532 1020 635 1100 canit]
659 1019 786 1100 Optime
809 1021 907 1083 cavit.

327 1113 486 1176 Audacia
501 1112 693 1197 singularis
709 1114 877 1176 stultitiae
896 1113 1080 1177 coniuncta
1100 1111 1166 1193 est]
1190 1111 1337 1179 Ostendit
1359 1111 1469 1195 ipsum
1494 1112 1568 1176 nihil

195 1214 340 1287 toposse
367 1206 502 1269 latenter
524 1227 639 1290 agere,
662 1205 753 1290 quasi
774 1198 966 1289 sapientem,
990 1210 1046 1270 scd
1071 1208 1175 1270 omnia
1203 1206 1352 1283 audacia,
1376 1209 1568 1290 quodpro-

166 1309 168 1312 ’
244 1299 348 1383 prium
373 1312 422 1373 est
444 1299 546 1364 stulti.

329 1396 425 1458 Nam
447 1403 485 1456 ut
505 1392 661 1476 apertius
682 1385 981 1476 irr'corripiendis]
1012 1393 1087 1472 Quo
1109 1391 1191 1455 enim
1214 1393 1311 1456 modo
1328 1403 1442 1473 aperte
1464 1392 1568 1475 rapuit

243 1488 415 1568 pecunias,
438 1486 531 1549 simili
547 1489 642 1551 modo
664 1498 695 1551 et
710 1489 950 1570 corruptionem
972 1487 1126 1564 iudicum,
1150 1507 1242 1569 quam
1258 1487 1413 1567 sperabat
1428 1486 1565 1562 efficere,

243 1580 346 1662 palam
369 1579 515 1645 omnibus
536 1577 613 1642 lecit
636 1580 765 1644 stultitia
789 1602 858 1646 sua.

200 1687 231 1734 tt
327 1675 400 1737 Sua
426 1672 571 1736 consilia
591 1675 814 1758 conoeusque]
837 1674 963 1757 Quibus
985 1675 1052 1740 vult
1074 1692 1282 1754 corrumpere
1302 1671 1439 1735 iudices.

327 1769 439 1831 Semel
451 1766 502 1829 ait
513 1766 548 1829 in
560 1766 631 1829 vita
641 1788 678 1830 se
685 1769 920 1851 pertimuisse]
936 1770 1048 1835 Omnis
1061 1770 1142 1834 enim
1156 1767 1280 1833 novitas
1293 1769 1388 1830 habet
1404 1768 1562 1833 timorem.

326 1863 441 1942 Quum
451 1859 606 1943 primum
627 1883 709 1925 reus
730 1882 754 1922 a
768 1884 821 1925 me
829 1859 975 1954 sactus]
999 1862 1137 1944 Quando
1153 1863 1238 1925 venit
1255 1866 1296 1925 de
1314 1862 1504 1942 provincia.

326 1956 358 2019 Ε
375 1953 555 2036 provincia
576 1954 785 2037 recessisset]
816 1957 908 2019 Solet
925 1955 1005 2020 enim
1022 1957 1127 2019 odium
1144 1955 1284 2019 minnere
1300 1955 1460 2018 absentia.
1506 1956 1564 2018 Sed

241 2047 294 2113 hic
314 2047 460 2113 similiter
482 2047 557 2112 odio
581 2048 747 2111 laborabat
768 2049 860 2112 etiam
883 2061 957 2131 post
973 2048 1163 2122 absentiam
1184 2048 1259 2112 ideo
1274 2047 1406 2111 sortiter
1421 2048 1562 2110 timebat.

197 2153 230 2200 to
325 2142 505 2207 Diuturna
506 2141 707 2235 flagraret]
715 2142 940 2206 Dicebatenim
956 2163 1082 2225 semper
1092 2163 1126 2205 sc
1136 2141 1273 2227 flagrare
1285 2141 1406 2204 invidia
1420 2140 1564 2223 pristina.

324 2236 382 2302 Au
402 2235 568 2299 iudicium
589 2237 892 2319 corrumpendum]
915 2236 997 2316 Quia
1013 2235 1131 2298 indices
1149 2255 1190 2298 eo
1204 2247 1351 2316 tempore
1369 2237 1411 2296 de
1430 2236 1563 2297 Iuniano

240 2327 376 2394 consilio
388 2328 524 2392 damnati
534 2328 662 2392 inerant
674 2350 682 2367 ·
675 2332 783 2413 ,quod
795 2331 973 2410 exemplum
987 2330 1092 2392 dicens
1107 2329 1196 2392 valde
1213 2327 1331 2390 iudices
1347 2330 1563 2410 perterrebat.

325 2425 477 2529 Tempus
491 2422 641 2484 alienum
655 2420 861 2509 offenderet]
884 2422 966 2508 Quia
982 2444 1046 2487 non
1060 2434 1188 2505 poterat
1203 2441 1414 2504 corrumpere
1430 2431 1565 2504 propter

241 2514 401 2602 angustias
423 2515 592 2598 temporis.

196 2615 228 2664 ²⁵
325 2609 358 2673 6.
380 2612 500 2694 Itaque
519 2630 626 2694 quum
645 2630 712 2692 ego
734 2583 826 2687 diem
846 2607 1056 2693 requirendi]
1079 2607 1166 2670 Bene
1189 2619 1311 2686 tempus
1336 2604 1457 2668 dicitur
1475 2606 1563 2677 dieas

239 2701 314 2787 quia
336 2707 505 2768 secundum
528 2700 742 2784 philosophos
766 2702 833 2766 dies
853 2722 919 2765 non
942 2701 1071 2777 finitur,
1095 2705 1150 2763 sed
1173 2700 1358 2763 reversione
1381 2701 1479 2763 nobis
1502 2721 1562 2763 non

239 2795 381 2874 videtur,
405 2798 460 2859 sed
486 2797 569 2878 apud
592 2795 759 2878 antipodas
782 2796 879 2859 lucet.

324 2888 522 2955 Breviorem
545 2888 635 2952 diem
652 2888 860 2971 postularet]
883 2888 1076 2970 suppositus
1098 2897 1277 2948 accrrsator.

321 2983 461 3049 'Etenim
481 2982 538 3046 ille
560 2980 744 3060 Achaicus]
768 2983 901 3062 Quidam
923 2985 948 3057 †
971 2982 1166 3051 Dasianum,
1191 2979 1242 3040 alii
1265 2979 1421 3044 Pisonem
1445 2981 1561 3044 dicant.

197 3082 229 3132 ³⁰
323 3074 454 3140 Diebus
474 3073 728 3159 quinquaginta
748 3076 833 3159 obii]
856 3078 908 3140 Ne
933 3087 1070 3159 propter
1092 3073 1325 3136 festinationem
1354 3077 1563 3159 neglegenter

240 3168 342 3253 egisse
365 3168 550 3243 videretur,
574 3168 638 3231 hoc
653 3168 725 3231 ideo
741 3170 839 3235 addit.
883 3173 1025 3236 Praetor
1041 3168 1203 3233 Achaicus
1219 3168 1367 3248 Opimius
1385 3171 1491 3232 dictus
1506 3178 1560 3230 est.

323 3260 607 3345 Prioatorumque
627 3260 695 3343 lit.]
724 3260 902 3348 Iu'quibus
923 3265 1052 3328 crimina
1075 3263 1189 3324 Verris
1212 3261 1303 3322 lucre
1325 3262 1523 3345 conscripta.

325 3358 476 3437 Tempus
498 3355 682 3435 obsideret]
706 3356 889 3439 Occuparet
913 3359 964 3421 vel
987 3359 1188 3419 observaret.

326 3445 411 3529 Cap.
435 3447 501 3511 ltt.
526 3451 558 3508 7.
595 3447 727 3529 Quibus
751 3449 824 3533 ipse
850 3450 997 3534 insignis
1017 3450 1041 3512 ἰ.
1058 3446 1132 3539 f.]
1156 3447 1310 3530 Insignis
1333 3451 1470 3513 medium
1499 3453 1558 3520 est;

196 3540 414 3623 supersectam
437 3539 517 3603 enim
547 3541 599 3602 vel
622 3541 731 3604 malam
758 3563 824 3604 rem
848 3544 899 3607 vel
922 3547 1037 3607 bonam
1059 3541 1229 3624 significat.

326 3637 394 3702 Tot
416 3646 487 3697 tam
508 3632 641 3716 grauis]
670 3636 724 3697 Ad
751 3656 913 3698 numerum
936 3648 1005 3712 tot,
1030 3638 1068 3697 ad
1091 3634 1271 3717 qualitatem
1294 3646 1382 3699 tam.

322 3727 610 3808 Auctoritatibus]
635 3727 717 3807 Quia
740 3727 826 3792 missi
848 3743 920 3793 snat
942 3751 960 3793 a
982 3729 1176 3795 civitatibus.

323 3823 355 3885 8.
379 3826 473 3888 Haec
494 3843 599 3907 quum
623 3821 674 3885 ita
694 3821 778 3903 siat]
802 3824 907 3904 Quum
933 3823 1019 3886 videt
1041 3824 1156 3887 nsultos
1177 3834 1273 3886 testes
1296 3844 1367 3886 esse
1391 3836 1506 3888 contra
1525 3844 1554 3886 sc

237 3927 399 4000 paratum·

196 4025 228 4074 tt
324 4014 377 4076 Dc
386 4009 543 4074 omnibus
554 4009 705 4074 botrism.
718 4009 763 4092 e.]
777 4007 843 4090 Qui
854 4011 991 4073 oderunt
1003 4007 1122 4093 ipsum,
1140 4029 1276 4092 quornm
1286 4007 1353 4070 vita
1362 4007 1489 4094 integra
1498 4019 1552 4072 cst.

323 4105 507 4169 Senatorio
528 4103 656 4167 iudicia
675 4102 828 4188 perdita]
868 4102 918 4166 Ita
944 4102 1082 4164 utnulla
1105 4100 1180 4163 slot.
1224 4101 1430 4193 Profligata
1456 4096 1552 4165 autea

241 4199 377 4274 violata,
402 4198 539 4261 addicta.

325 4297 477 4375 Tempus
501 4293 616 4375 ipsum
636 4288 772 4369 emisse]
808 4290 858 4353 Ne
880 4298 990 4372 posset
1014 4300 1085 4351 ante
1114 4287 1190 4351 Kal.
1214 4286 1283 4349 Ian.
1307 4288 1455 4352 accusari
1483 4288 1550 4351 sub·

239 4385 336 4450 misso
359 4396 558 4448 accusatore

247 4477 1551 4504 ....--.............-.-...--.--.....-..--,.....-

315 4535 1549 4631 8.l.eg.cadt0uS).ue.l.gstus''lttaOrt.12..Legsrrrus.ptss‚Ouili-ptr⁴

237 4614 682 4683 virrca.r.rviui]GG-pocs
673 4607 1263 4682 ScuttseGG-fis
1292 4629 1377 4680 ιιιιιιιι
1349 4614 1550 4665 medem

237 4697 316 4743 ιιοιιο
334 4690 415 4740 ιιοιιι
399 4707 501 4742 ι.ιιιι
481 4690 594 4743 ιι..8οιι
633 4682 679 4748 66.
698 4691 867 4757 ιοιιοιιι],
875 4686 921 4740 Slc
935 4686 997 4740 MS
1012 4683 1122 4757 valgos
1115 4688 1217 4741 inClc.
1230 4693 1290 4738 tarn
1307 4685 1417 4742 deestfl’
1437 4681 1548 4744 Gao'ror

237 4763 451 4836 68.νι“ᾰι.ι]0
471 4765 523 4820 Gr.
541 4763 780 4818 -vtdeatseu
817 4767 863 4822 ¹12
884 4762 958 4816 lior
977 4756 1098 4835 affls'cm
1118 4760 1172 4816 Oa.
