3210 5280
438 206 486 268 tn
510 206 651 271 onnr.
674 206 769 272 nno
790 204 989 303 anucco.
1305 205 1375 268 ns.

143 344 200 425 [Ρ.
223 344 314 425 955]
357 346 445 409 Haec
464 345 567 415 omnia
589 346 749 431 congessit
763 367 804 411 eo
825 345 969 421 studio¹,
993 367 1059 431 quo
1083 356 1115 408 et
1137 345 1209 409 illos
1224 347 1364 406 destrue·

60 448 126 512 ret,
151 436 205 520 qui
227 451 451 501 accusaverant
468 439 635 516 Flaccum,
659 450 689 502 et
711 460 832 502 omnem
850 438 1040 529 diligentiam
1060 438 1195 502 iudicum
1218 440 1257 499 ad
1277 437 1365 499 utili-

59 541 153 592 tatem
175 528 222 592 rei
244 552 279 612 p.
308 531 462 594 flecteret.
506 533 587 595 Naro
609 552 674 616 quo
700 530 800 612 inagis
822 530 852 594 in
877 532 1003 613 planum
1027 535 1276 604 deducerentur,
1311 529 1367 614 qni

59 625 265 700 accersebant,
289 644 352 686 non
375 623 454 687 dixit
477 625 584 688 Asiam
606 619 819 705 provinciam,
844 626 898 687 sed
918 622 1040 687 diduxit
1062 624 1094 688 in
1116 621 1238 708 species
1260 620 1365 686 natio·

59 739 129 779 num
150 719 394 791 barbas-arunt,
417 731 451 779 ut
476 720 586 798 Lydos
608 727 638 779 et
660 704 774 795 Mysos
796 705 974 802 et⁴Frygas
996 717 1132 782 diecret:
1156 729 1187 797 et
1209 716 1391 783 vocabulas

58 808 125 891 ipsa
152 812 306 894 quendam
329 822 441 872 metum
464 809 627 873 barbariae
649 810 831 873 ferocientis
853 822 1022 874 ostentant.
1067 812 1135 874 Nec
1157 809 1281 873 suffecit
1302 810 1367 872 hoc

58 904 155 966 modo
184 903 399 966 auctoritatem
422 902 632 974 destruxisse3
664 902 789 966 adiecit
804 903 896 966 etiarn
921 902 998 966 illud
1027 903 1105 986 „qui
1132 905 1193 966 hnc
1221 890 1381 983 corrupti'

58 995 268 1079 concitatique
293 997 480 1059 venerint:’'
503 1008 534 1060 et
555 995 672 1077 duplici
693 1001 787 1061 modo
808 997 869 1058 lide
891 1008 1038 1071 careant,
1062 996 1114 1059 vel
1131 995 1203 1081 quia
1224 995 1364 1072 barbari,

59 1088 109 1152 vel
139 1088 211 1173 quia
237 1088 475 1233 redarptisint
501 1092 540 1153 ad
565 1078 758 1173 obsequium
775 1090 954 1153 urentiendi.
998 1092 1042 1153 Et
1063 1089 1114 1187 nie
1135 1123 1176 1134 -
1197 1123 1239 1175 -e
1256 1090 1281 1156 ³.

131 1205 170 1286 3.
197 1212 444 1319 Qucmenrm⁴
463 1209 670 1311 appellem?
689 1239 795 1312 quem
807 1209 1000 1289 obtestor?
1030 1238 1137 1312 quem
1156 1207 1364 1310 inplorem?
1379 1235 1408 1282 tn

140 1364 182 1375 -
205 1330 375 1395 Oratorie⁵
397 1330 551 1396 interiecit
573 1334 610 1393 ad
632 1331 879 1396 dubitationems
913 1330 1003 1415 quasi
1027 1330 1164 1394 omnium
1184 1329 1364 1412 periclitan-

57 1423 133 1486 tium
148 1423 269 1486 animus
284 1435 373 1486 aestu
396 1427 531 1508 quodam
556 1446 686 1509 magnae
699 1422 914 1487 sollicitudinis
929 1423 1140 1509 inquietetur3
1164 1434 1197 1484 ut
1210 1421 1363 1484 incertum

57 1516 115 1589 sit,
146 1516 234 1578 cuius
260 1516 379 1580 ordinis
408 1517 603 1598 potissinuun
638 1519 776 1599 inploret
806 1517 974 1593 auxilium,
1005 1538 1100 1601 quum
1125 1515 1158 1578 in
1186 1513 1368 1579 huiusmodi

56 1610 151 1674 relurs
170 1606 211 1671 ita
237 1608 351 1693 singuli
372 1609 608 1690 periclitentur,
633 1621 665 1672 ut
687 1611 792 1673 clades
815 1608 959 1674 omnibus
981 1619 1196 1691 comparetur.

131 1727 168 1806 ll.
197 1731 409 1806 iudicabitis
443 1736 630 1833 principes
665 1737 743 1808 eins
777 1736 918 1808 ordinis
953 1734 1239 1833 quinquaginta,
1276 1731 1405 1830 quid¹⁵

58 1869 137 1917 cum
166 1847 334 1917 omnibus
362 1847 566 1919 senseritis.

141 1963 196 2046 [P.
221 1962 309 2041 2²15]
353 1965 425 2024 Lex
448 1963 527 2025 eninr
551 1961 680 2026 Aurelia
701 1961 813 2024 iudicia
828 1967 840 2024 l
854 1961 900 2024 ria
923 1959 963 2024 ita
985 1962 1135 2036 cavebat,
1159 1970 1194 2023 nt
1214 1971 1363 2041 exparte

59 2055 148 2118 tertia
164 2067 324 2117 senatores
340 2054 534 2130 iudicarent,
551 2079 592 2118 ex
607 2056 746 2138 pertibus
761 2058 881 2119 duabus
896 2053 1013 2117 tribrmi
1028 2053 1161 2132 aerarii,
1178 2065 1210 2118 et
1223 2054 1363 2140 equites⁶

57 2170 104 2225 r.,
131 2148 268 2211 eiusdem
291 2148 410 2210 scilicet
432 2149 550 2212 ordinis
572 2150 646 2214 viri.

132 2267 169 2346 5.
196 2271 493 2347 Condemnatus⁷
530 2284 588 2348 est
612 2277 665 2372 is,
702 2274 765 2373 qui
790 2272 985 2347 Catilinam
1012 2274 1115 2372 signa
1140 2272 1284 2371 'patriae
1309 2272 1404 2347 in-so

58 2385 236 2459 ferentem
262 2386 459 2459 interemit.
1399 2382 1402 2387 ’

142 2502 238 2566 Caius
264 2501 382 2564 scilicet
407 2502 561 2566 Antonius
585 2503 710 2588 collega
736 2500 921 2575 Ciceronis,
951 2502 1004 2565 M.
1027 2499 1170 2565 Caecilio
1192 2500 1281 2564 Rufo
1307 2521 1361 2562 ac·

59 2608 200 2671 cnsante,
235 2616 296 2658 non
328 2607 445 2657 tantruu
468 2595 670 2677 pecuniarum
692 2599 936 2678 repetundarum
958 2593 1104 2673 crimine,
1138 2593 1361 2665 verumetiam

59 2693 100 2753 ob
121 2691 203 2752 hanc
227 2687 475 2753 coniurationem
501 2689 629 2753 nonita
654 2687 775 2771 pridem
798 2691 958 2751 damnatus
978 2687 1095 2751 luerat.
1139 2689 1209 2750 Nec
1231 2685 1361 2770 ignora·

59 2803 124 2844 inus
153 2780 328 2863 praefuisse
359 2781 528 2855 exercitui,
564 2805 629 2866 quo
659 2780 793 2847 Catilina
821 2793 986 2864 superatus
1021 2794 1087 2845 est:
1121 2779 1266 2865 quamvis
1294 2778 1405 2860 ipse25

57 2875 216 2939 Antonius
247 2877 296 2936 vel
326 2879 439 2956 pedum
470 2876 644 2938 valetudine
676 2876 728 2937 vel
754 2875 952 2939 conscientia
988 2877 1162 2939 retardatus
1199 2871 1362 2938 Petreium

60 2967 195 3053 legatum
217 2989 305 3030 stumr
330 2967 466 3043 miserit,
490 2968 546 3052 qui
563 2968 637 3031 lcurn
663 2969 756 3032 hoste
778 2967 978 3052 confligeret.

132 3085 169 3165 6.
197 3091 273 3165 Cur
299 3094 370 3166 sibi
396 3092 556 3166 confidat
580 3096 636 3190 is,
660 3096 724 3193 qni
749 3117 792 3167 ea
817 3092 1039 3191 proferenda
1056 3101 1094 3166 et
1109 3090 1361 3190 patefacienda

58 3197 231 3277 curavit?
285 3295 288 3300 y

140 3322 230 3383 Haec
260 3322 298 3383 ad
324 3333 423 3385 seruet
451 3322 551 3404 ipsum
573 3324 691 3399 refert,
722 3321 854 3406 periculi
875 3322 967 3386 etiam
989 3321 1039 3385 sui
1059 3321 1181 3407 gradu⁸
1208 3323 1404 3405 quodam-so

59 3417 152 3479 modo
168 3415 309 3478 adiecto:
328 3428 360 3477 ut
376 3437 502 3493 omues,
516 3417 594 3500 ᾳιιί9
610 3417 791 3482 coniuratos
806 3415 959 3480 obnixe¹⁰
973 3413 1128 3497 persecuti
1143 3413 1224 3491 sint,
1240 3434 1361 3496 poenae

58 3510 223 3663 ridefputur
238 3512 470 3594 quodammodo
486 3509 647 3588 destinati,
671 3512 744 3573 dum
767 3509 897 3594 singulis
919 3509 1037 3574 crimen
1055 3509 1185 3594 aliquod
1198 3520 1230 3572 et
1242 3506 1361 3570 invidia

59 3623 117 3665 con
144 3613 226 3664 atur.

63 3716 1352 3735 -n-——u——u——n——n———u—-ffl

123 3776 149 3822 l.
168 3778 247 3820 Verba
269 3790 297 3821 so
318 3776 399 3822 stnds'o
423 3779 482 3822 haud
500 3782 564 3822 certa
589 3783 658 3833 sunt,
688 3781 729 3823 sed
754 3791 782 3823 ea
802 3779 909 3838 vestigiis
932 3779 1091 3823 tantummodo
1117 3777 1215 3836 adsequi
1239 3766 1279 3820 'ris
1304 3777 1361 3821 mihi

191 3846 274 3890 sideor
289 3849 312 3890 in
329 3849 464 3892 membrana
476 3839 563 3892 lacera.
601 3845 626 3891 2.
646 3848 706 3891 Cod.
719 3847 863 3892 duriorum.
901 3843 925 3892 ³.
945 3851 1051 3902 Spatium
1064 3848 1175 3892 versiculi
1188 3860 1241 3890 curn
1253 3847 1360 3891 dimidio.

192 3912 216 3959 l.
237 3916 296 3964 Edd.
318 3918 383 3960 enim
405 3917 489 3962 ulium.
528 3916 552 3963 5.
572 3916 632 3964 Cod.
652 3919 787 3961 oratorios.
824 3915 886 3960 Tum
906 3923 959 3961 aute
980 3917 1024 3961 hoc
1045 3917 1184 3961 vocabulum
1203 3917 1304 3972 spatium
1325 3919 1363 3960 esl

191 4000 259 4028 nnius
273 3987 379 4030 vocabuli
392 3986 477 4030 Graeci
493 3988 554 4042 quod
571 3987 616 4045 legi
629 3987 675 4030 insu
689 3987 777 4042 nequit.
815 3985 838 4029 ⁶.
859 3986 918 4030 Cod.
938 3987 1047 4045 aequites
1094 3983 1117 4029 7.
1139 3985 1199 4028 Edd.
1216 3983 1359 4030 deoneratas.

191 4053 216 4098 8.
240 4055 266 4098 ln
284 4057 336 4100 cod.
357 4059 523 4111 superponitur
541 4057 618 4110 linea,
648 4059 672 4098 ut
688 4054 729 4100 liat
747 4055 866 4115 gradum.
904 4055 927 4099 ll.
948 4056 973 4099 ln
991 4057 1045 4102 cod.
1071 4057 1137 4100 deest
1155 4055 1198 4116 qes'
1217 4059 1240 4100 st
1257 4061 1311 4099 ants
1335 4059 1362 4098 st

192 4137 237 4168 ana
254 4125 289 4168 rel
310 4127 368 4169 dass
386 4130 441 4169 snut
457 4125 598 4170 incertiores
616 4125 717 4170 litterae.
757 4122 797 4172 to.
817 4125 878 4168 Cod.
897 4124 1015 4169 obnixas.
1098 4180 1102 4185 ⁵

146 4218 174 4273 3.
194 4215 326 4268 Notemus
359 4215 526 4270 locutionem
556 4233 605 4289 pro
633 4214 845 4286 restaurentur,
879 4218 920 4269 rel
950 4215 1177 4286 deprimerentur.
1225 4203 1362 4281 (Eandem

55 4306 146 4342 rursus
167 4290 249 4343 habes
270 4288 340 4342 inira
362 4290 429 4362 Cap.
452 4291 546 4345 xxti.
568 4301 593 4348 1.
625 4288 692 4364 On.)
875 4286 906 4360 ¹8.
928 4292 995 4364 Lege
1015 4297 1055 4343 ut.
1084 4288 1138 4344 Os.

129 4374 177 4422 11.
197 4368 267 4419 ilinc
288 4365 371 4438 ligura
390 4371 556 4418 interiectio.

129 4442 175 4497 19.
195 4441 267 4495 Cave
293 4441 354 4493 liele
381 4440 516 4512 intelligas
542 4439 658 4494 eundem
684 4438 767 4494 inisse
793 4445 916 4511 equitnm
942 4454 969 4492 et
995 4437 1167 4492 tribunorum
1195 4443 1362 4492 aerartorum

55 4513 192 4568 ordinem.
231 4517 355 4587 Namque
375 4516 402 4568 hl
424 4521 565 4589 perspicue
584 4514 790 4590 distinguuntur
809 4515 880 4568 luiso
902 4515 947 4568 Vl.
967 4524 994 4571 1.

128 4594 175 4643 22.
195 4576 327 4662 Caecilio]
349 4588 417 4662 Lege
438 4591 541 4643 Caelio.
568 4591 620 4647 Os.

129 4669 175 4719 2¹1.
195 4665 299 4735 Nernpp
320 4665 373 4718 hoc
393 4671 452 4737 ipso
472 4681 562 4728 anno,
581 4683 634 4736 quo
654 4666 752 4719 Cicero
771 4682 821 4740 pro
841 4664 938 4717 flacco
959 4662 1071 4730 orabat,
1092 4664 1206 4716 Caesare
1220 4679 1248 4717 et
1261 4661 1362 4717 Bibulo

56 4754 126 4794 coss.
147 4738 263 4794 Dionem
283 4739 340 4814 lege
361 4740 482 4796 Cassium
502 4739 660 4797 xxxvut.
680 4736 724 4799 10'.
842 4745 887 4800 27.
908 4738 1053 4795 sattmtnn
1072 4739 1152 4795 Catil.
1172 4755 1235 4813 cap.
1255 4738 1327 4823 llll.
