3210 5280
447 263 670 331 ASCONIUS
696 265 745 329 lu
767 262 1091 330 SCAURIANAM.
1378 270 1416 333 19
1450 340 1454 349 q

116 419 220 472 tamen
240 405 411 490 aliquando
428 404 514 468 inter
535 415 687 486 patronos
704 424 879 467 causarum.
922 405 985 467 Sed
1005 416 1171 490 postquam
1194 429 1234 470 ex
1253 408 1419 487 provincia

116 501 270 572 redierat,
296 498 419 561 dixerat
440 519 500 579 pro
516 496 557 561 C.
578 498 719 572 Catone,
743 497 832 580 isque
856 506 925 558 erat
942 496 1104 560 absolutus
1127 521 1156 561 a.
1173 502 1205 561 d.
1223 501 1288 563 Ill.
1310 503 1418 564 Nonas

118 596 227 675 Quint.
259 594 332 674 lpse
355 613 425 653 cum
455 594 494 653 ad
513 592 693 661 consulatus
714 589 896 671 petitionem
921 608 949 649 a.
984 591 1015 651 d.
1048 590 1111 654 ttl.
1143 593 1280 656 Kalend.
1306 594 1417 673 Quint.

117 689 253 751 Romam
283 683 436 756 redisset,
471 684 672 773 querentibus
705 684 743 742 de
770 701 809 744 eo
842 680 967 764 Sardis,
1002 703 1019 743 a
1051 685 1093 746 P.
1117 683 1249 747 Valerio
1271 686 1418 755 Triario.

118 780 317 843 adolescente
339 788 451 858 parato
477 779 514 838 ad
542 777 700 838 dicendum
730 785 761 836 et
785 784 878 836 notae
899 773 1086 850 industriae,
1111 776 1178 840 lilio
1203 777 1286 851 eius,
1310 778 1363 860 qui
1390 777 1445 839 int

121 873 265 936 Sardinia
287 884 398 933 contra
424 871 477 931 M.
501 869 654 951 Lepidum
679 888 762 928 arma
787 866 918 940 tulerat,
943 878 974 927 et
998 878 1072 948 post
1096 869 1126 930 in
1150 871 1225 933 Asia
1251 872 1421 953 Pontoque

119 966 239 1049 legatus
266 966 310 1026 L.
334 962 461 1025 Luculli
483 963 603 1036 lauerat,
627 983 695 1023 cum
719 961 744 1022 is
768 958 885 1021 bellum
907 970 1016 1021 eontra
1039 960 1255 1026 Mithridatem
1278 975 1420 1047 gereret,

120 1056 298 1139 postulatus
320 1065 368 1116 cst
389 1056 471 1135 apud
496 1055 548 1117 M.
577 1053 730 1118 Catonem
753 1061 931 1132 praetorem
954 1056 1214 1131 repetundarum,
1238 1066 1272 1117 ut
1293 1055 1324 1116 in
1344 1054 1422 1115 acris

120 1148 273 1230 scripturn
300 1159 365 1221 est,
398 1145 551 1228 postridie
573 1148 682 1209 Nonas
714 1143 847 1222 Quintil.
876 1154 950 1222 post
976 1144 1055 1207 diem
1083 1147 1225 1217 tertium,
1263 1146 1493 1230 quamC.[1s²l

119 1240 201 1306 Cato
230 1250 302 1302 erat
336 1241 511 1300 absolutus.
555 1237 816 1318 subscripserunt
839 1233 965 1299 Triario
989 1238 1017 1298 iu
1049 1238 1201 1302 Scaurum
1229 1239 1272 1301 L.
1297 1238 1422 1300 Marius
1436 1247 1465 1297 to

121 1337 163 1397 L.
180 1333 243 1404 Ρ..
269 1332 323 1394 M.
339 1342 370 1394 et
386 1333 428 1409 Q.
447 1331 576 1394 Paeitvii
594 1331 725 1405 iratres,
747 1327 932 1411 cognomine
954 1328 1098 1394 Claudii:
1121 1333 1177 1415 qui
1194 1333 1423 1416 inquisitionem

123 1427 154 1489 in
182 1426 359 1488 Sardiniam
392 1425 527 1506 itemque
558 1424 618 1504 [in]
649 1421 811 1486 Corsicam
837 1419 952 1483 insulas
983 1424 1047 1485 dies
1076 1425 1214 1489 tricenus
1237 1423 1426 1506 acceperunt

125 1539 226 1600 neque
243 1515 383 1598 proiecti
405 1527 474 1577 sunt
495 1518 534 1577 ad
556 1515 783 1598 inquirendum.
819 1511 926 1595 ,Citius
938 1515 984 1576 rei
1003 1518 1083 1578 hanc
1098 1539 1220 1581 causam
1234 1520 1423 1591 reddebant,

125 1613 211 1694 quod
224 1610 347 1673 interea
368 1608 491 1671 comitia
508 1609 680 1671 consularia
696 1608 803 1670 futura
818 1617 923 1668 erant:
947 1607 1056 1670 timere
1067 1632 1147 1693 ergo
1162 1632 1213 1684 se,
1238 1632 1274 1673 ne
1289 1613 1426 1674 Scaurus

126 1724 159 1765 ea
190 1702 343 1783 pecunia,
378 1722 470 1784 quam
493 1703 532 1762 ab
552 1701 646 1763 sociis
670 1700 865 1769 abstulisset,
900 1714 1016 1763 erueret
1042 1704 1236 1766 consulatum
1265 1716 1314 1778 et,
1348 1703 1469 1765 sicinus

126 1809 215 1878 pater
229 1795 295 1857 eius
310 1794 456 1868 lecisset,
480 1804 569 1868 ante,
594 1816 684 1876 quam
706 1796 744 1855 dc
760 1812 799 1854 eo
821 1790 947 1852 iudicari
962 1810 1086 1873 posset,
1110 1797 1323 1880 magistratum
1337 1795 1430 1857 iniret

127 1910 163 1950 ae
186 1909 300 1950 rirrsus
323 1899 393 1948 aute
419 1886 491 1947 alias
512 1886 694 1968 provincias
717 1884 884 1967 spoliaret,
908 1905 998 1964 quam
1018 1889 1172 1952 rationem
1193 1890 1308 1970 prioris
1334 1887 1429 1951 admi·

128 1979 320 2044 nistratiouis
356 1982 512 2042 redderet.
567 1981 703 2042 Scaurus
735 1997 883 2041 summam
914 1978 1057 2042 fiduciam
1090 1982 1119 2042 in
1149 1983 1270 2063 paterni
1299 1980 1431 2048 nominis

129 2075 299 2159 dignitate,
336 2094 477 2153 magnam
501 2072 534 2133 in
555 2071 618 2136 Cn.
643 2074 785 2155 Pompeii
809 2075 922 2159 Magni
951 2076 1137 2155 reponebat.
1183 2076 1328 2136 Habebat
1349 2073 1430 2134 euim

129 2168 245 2241 lilium,
271 2166 444 2228 liberorum
461 2165 522 2228 Cn.
539 2165 682 2247 Pompeii
697 2167 845 2241 lratrem;
868 2190 938 2229 nam
954 2166 1112 2240 Tertiam,
1133 2168 1303 2229 Scaevolae
1324 2166 1429 2237 filiam,
1441 2183 1473 2231 2⁰

130 2259 286 2320 dimissam
315 2279 331 2318 a
357 2259 514 2339 Pompeio
541 2257 571 2319 in
599 2258 828 2322 matrimonium
855 2262 999 2320 duxerat.
1044 2258 1093 2319 M.
1125 2258 1277 2321 Catonem
1306 2269 1430 2332 autern,

131 2353 183 2435 qui
212 2350 246 2414 id
280 2350 430 2413 iudicium
456 2354 502 2429 (ut
532 2351 678 2429 diximus)
705 2354 891 2425 exercebat,
925 2352 1080 2413 metuebat
1107 2354 1270 2415 admodum
1298 2360 1433 2432 propter

132 2443 318 2518 amicitiam,
342 2465 422 2528 quae
448 2456 513 2506 erat
537 2445 582 2507 illi
605 2464 674 2507 cnm
698 2444 845 2508 Triario:
881 2466 949 2505 nam
978 2443 1145 2518 Flaminia,
1175 2443 1293 2506 Triarii
1315 2454 1430 2515 mater,

132 2549 162 2599 et
182 2537 251 2617 ipse
274 2537 418 2599 Triarius
437 2557 580 2600 sororem
596 2537 725 2602 Catonis
741 2537 925 2609 Serviliam,
949 2548 1149 2626 quae'mater
1172 2538 1224 2598 M.
1247 2534 1338 2598 Bruti
1352 2533 1429 2609 luit,

134 2629 331 2692 familiariter
365 2631 531 2713 diligebat3
564 2651 599 2693 ea
633 2650 734 2711 porro
767 2634 849 2712 apud
881 2631 1033 2694 Catonern
1071 2628 1240 2692 maternam
1274 2627 1435 2691 obtinebat
1446 2651 1478 2700 25

136 2722 369 2786 auctoritatem.
414 2723 476 2785 Sed
497 2723 526 2785 ia
549 2745 588 2786 eo
610 2723 724 2786 iudicio
740 2745 841 2807 neque
856 2723 1028 2803 Pompeius
1044 2743 1232 2803 propensum
1249 2721 1437 2782 adiutorium

136 2814 283 2894 praebuit
305 2815 486 2892 (videbatur
509 2815 588 2876 enim
616 2817 698 2896 apud
719 2817 849 2878 animum
873 2817 938 2878 eius
961 2838 1021 2877 uon
1045 2816 1144 2878 minus
1161 2812 1341 2878 offensionis
1360 2832 1437 2873 con·

138 2907 287 2982 nexisse,
322 2909 408 2988 quod
441 2904 583 2968 iudicium
616 2909 680 2969 eius
707 2910 737 2971 in
764 2910 904 2972 Muciam
935 2909 1063 2995 crimine
1093 2906 1299 2989 impudicitiae
1331 2907 1370 2965 ab
1399 2923 1438 2965 eo

138 2998 293 3060 dimissam
317 2999 417 3061 levius
440 2997 553 3061 iecisse
576 3000 826 3077 existimaretur,
861 3024 930 3064 cum
956 3022 1021 3063 cam
1049 3003 1114 3081 ipse
1136 3002 1323 3081 probasset,
1347 3017 1439 3078 quam

229 3175 257 3224 1.
277 3169 344 3236 Sed]
367 3170 463 3222 Malim
482 3171 600 3222 Scilicet.
639 3172 790 3225 particulae
810 3171 968 3224 adversandi
989 3175 1079 3224 nullus
1101 3174 1146 3225 bic
1167 3171 1272 3225 ridetur
1290 3171 1376 3228 locut.

228 3250 257 3298 2.
278 3263 306 3298 a.
325 3243 366 3310 d.]
387 3245 507 3298 Beierne.
526 3273 562 3287 -
581 3245 620 3294 nd
637 3252 730 3299 ceteri.
805 3251 831 3303 ὅ.
851 3248 923 3317 Ipse]
944 3248 1010 3298 Inde
1030 3247 1092 3299 llot.
1113 3248 1192 3299 Creo.

230 3321 258 3376 3.
278 3336 306 3370 a.
326 3317 365 3384 d.]
387 3319 505 3372 Beierns.
524 3347 561 3360 -
580 3319 619 3370 ad
636 3327 730 3374 ceteri.
804 3323 831 3376 lt.
849 3323 1033 3390 querentibus]
1055 3323 1247 3391 pincenatibus
1265 3321 1356 3374 Prlnc.

229 3394 258 3448 b.
280 3393 323 3459 R]
343 3411 398 3444 om.
420 3392 483 3444 Lod.
803 3401 828 3452 5.
847 3397 945 3466 notae]
965 3405 1029 3447 note
1051 3401 1139 3449 Prior.

233 3473 260 3525 7.
282 3474 312 3518 in
333 3471 402 3517 Asia
424 3467 560 3538 Pontoque
579 3468 690 3538 legatus
709 3469 740 3522 L.
759 3470 875 3538 Lricrilli]
905 3477 934 3521 in
955 3473 1025 3521 Asia
1043 3473 1155 3539 legatus
1173 3470 1313 3537 Pontoque
1334 3468 1363 3521 L.
1384 3468 1456 3522 Lu:

143 3540 204 3592 enta
222 3543 316 3596 Princ.
334 3540 442 3594 Berald.
802 3552 826 3602 7.
847 3545 1054 3612 Mithridatem]
1081 3545 1260 3597 Mitridatem
1280 3548 1369 3597 l'rinc.

234 3620 262 3672 Β.
279 3617 441 3685 postulatus
459 3624 501 3667 est
519 3617 603 3686 apud]
632 3616 784 3688 Legebatnr
800 3621 957 3689 postulatus
975 3621 1064 3690 oprid,
1084 3627 1185 3673 omisso
1200 3620 1281 3672 verbo
1295 3628 1352 3681 est,
1372 3615 1444 3687 quod

146 3706 204 3761 post
222 3690 356 3820 syllnbsqr
376 3709 409 3742 us
427 3706 504 3762 saepe
524 3697 634 3745 uetuit.
671 3691 751 3746 Cani.
771 3693 804 3744 ad
826 3694 935 3748 Cornel.
956 3714 982 3768 p.
1001 3698 1047 3753 91.
1067 3696 1131 3751 llot.
1153 3694 1187 3745 ad
1206 3693 1284 3746 eand.
1305 3711 1332 3764 p.
1347 3695 1392 3750 96.
1412 3690 1446 3743 ad

147 3767 242 3819 uttan.
283 3809 289 3821 .
311 3774 325 3822 l
348 3770 374 3820 7.
412 3802 420 3818 .
442 3768 504 3823 1t9.

233 3784 427 3910 9.ppostridll.·]
446 3839 531 3911 Lugd.
546 3841 610 3894 Hot.
626 3840 702 3893 Man.
718 3842 796 3894 Creo.
812 3871 844 3883 -
862 3848 918 3912 pri.
939 3842 1036 3913 (prid.)
1056 3844 1148 3897 Petne.
1168 3840 1276 3896 Berald.
1298 3840 1359 3894 atd.
1381 3837 1447 3895 Lotl.

217 3922 263 3971 10.
282 3916 313 3969 C.
333 3915 419 3982 Cato]
439 3917 609 3969 Praenomen
629 3914 735 3967 addidit
755 3917 939 3971 Heinrtcbtus.

219 3986 291 4044 lbid.
309 3990 455 4057 Scaurum]
478 3990 522 4041 M.
542 3989 676 4041 Scaurum
697 3991 761 4043 ted.

218 4062 292 4117 lbid.
312 4063 343 4117 L.
364 4064 490 4131 Marius]
512 4063 545 4133 Q.
566 4065 679 4115 Marius
697 4065 786 4118 Ptine.
808 4065 869 4120 Ald.
892 4092 927 4106 -
946 4066 980 4136 Q.
1000 4066 1044 4119 M.
1063 4064 1169 4120 Berald.

219 4144 264 4195 ss.
281 4138 339 4206 M]
360 4154 417 4190 ont.
437 4141 527 4192 i’rtnc.
550 4137 657 4191 Berald.
679 4139 739 4193 ald.
760 4142 824 4193 tod.

221 4210 292 4264 lbid.
313 4212 434 4283 Claudii]
454 4215 545 4267 Ptine.
566 4212 671 4266 Berald.
692 4213 748 4266 ald.
769 4214 836 4266 Lod.
855 4243 892 4258 -
911 4217 1010 4270 Claiidi
1028 4214 1113 4285 Lngd.
1132 4217 1196 4268 flor.
1217 4213 1295 4268 Man.
1314 4213 1395 4268 Creo.
1413 4240 1451 4256 -

150 4286 260 4360 Ptgtun
275 4290 302 4339 lo
317 4287 468 4340 Annalibus
481 4304 631 4359 cognomen
654 4287 733 4340 habet
755 4289 870 4354 Claudi,
891 4295 918 4343 ln
940 4291 1029 4358 indice
1049 4290 1139 4345 Catii.

223 4367 268 4417 12.
287 4364 328 4429 in]
348 4378 536 4435 expunxerunt
556 4363 731 4415 Heinricbinc
752 4380 777 4415 et
799 4366 922 4419 Belerue.

222 4442 268 4492 20.
287 4435 425 4504 Tertiam]
459 4441 571 4490 tertiam
596 4437 685 4490 Ptine.
712 4439 819 4492 berald.
850 4439 908 4492 ald.
936 4437 1002 4492 Lod.
1028 4437 1112 4511 Luqd.
1152 4437 1203 4490 Sed
1223 4436 1277 4490 vid.
1296 4435 1451 4490 Heinriebii

154 4525 243 4563 unat.
262 4509 297 4561 ad
317 4513 345 4564 h.
363 4509 383 4562 l.
812 4521 856 4568 20.
876 4515 1041 4581 Scaevolae]
1066 4513 1192 4564 scevolae
1212 4515 1303 4567 Prloc.
1346 4547 1450 4584 ,μ’

224 4589 270 4644 25.
288 4583 415 4654 Triarii]
435 4590 538 4636 triario
558 4586 650 4639 Princ.
669 4584 775 4640 Berald.
816 4594 860 4644 25.
879 4590 967 4660 apriti]
988 4590 1026 4640 ad
1044 4590 1107 4642 llot.
1127 4589 1210 4642 Creo.

226 4664 270 4716 28.
290 4659 429 4726 Muciam]
451 4662 540 4714 Ptine.
559 4659 666 4713 Berald.
685 4690 719 4703 -
739 4662 862 4714 Mutiam
882 4669 979 4717 ceteri.

228 4734 298 4788 lbid.
316 4735 518 4806 inpudicitiae]
537 4735 724 4805 impudiciclae
743 4737 834 4792 Prlnc.

227 4811 272 4866 29.
291 4813 514 4878 existimaretur]
535 4815 712 4862 estimaretur
731 4814 821 4864 Princ.
