3210 5280
309 216 358 287 IN
382 217 528 285 ORAT.
550 219 599 285 lu
623 216 843 285 CLODIUM
867 217 930 281 ET
952 214 1218 284 CURlONEM.
1356 211 1418 278 ms

82 345 294 437 ,conticuit
323 367 358 422 et
386 358 547 421 concidit.
597 357 721 422 Noster
747 368 862 422 autem
881 366 991 422 status
1011 367 1060 421 est
1081 357 1148 420 liic.
1196 352 1297 438 ,lpud
1314 355 1419 421 banos

91 495 117 528 ›„
129 450 231 513 iidem
250 469 384 529 sumus,
406 469 490 532 quos
510 448 684 531 reliquisti
687 468 700 524 ,·
719 446 817 527 apud
837 448 969 511 sordem
989 445 1080 508 urbis
1097 455 1129 509 et
1142 445 1285 526 faecem
1308 447 1425 511 multo'

91 541 264 619 ·„melius,
286 559 392 622 quant
415 541 602 622 reliquisti:
622 559 702 601 nam
722 546 754 601 et
783 537 874 600 illud
893 536 988 599 nolis
1006 557 1074 598 uon
1096 535 1207 613 obest,
1234 537 1340 602 videri
1357 558 1417 601 no·

91 640 233 707 ·,‚strum
254 632 481 693 testimonium
501 648 569 692 non
591 628 747 693 valuisse.
799 626 925 690 Missus
953 634 1002 689 est
1015 627 1164 707 ‘sanguis
1186 626 1330 705 invidiae
1349 629 1420 705 sine

91 719 264 797 ,doloret
298 729 402 803 atque
432 721 536 782 etiam
562 719 628 779 ltoc
658 714 790 797 magis,
824 717 919 800 quod
939 734 1051 778 omnes
1071 714 1128 776 illi
1138 715 1301 794 fautores
1323 718 1445 780 iilius⁵

102 809 260 891 „flagitii
287 827 358 872 rent
389 807 607 888 manifestam
621 805 727 870 'illam
748 806 955 888 redemptam
975 825 1042 870 esse
1068 804 1113 868 alr
1142 806 1311 870 iudictlsus
1340 826 1421 870 con·

97 897 298 975 ,fitenturt’l
1415 969 1419 978 ⁸

180 988 285 1053 Haec
316 984 364 1048 ad
389 985 634 1051 declarandam
661 985 840 1047 historiam
868 1003 912 1045 uc
933 1002 1041 1063 paene
1061 1004 1199 1049 cursum
1220 987 1321 1049 lmius
1343 1006 1420 1050 ora-

98 1079 201 1140 tionis
220 1078 415 1158 sufficiant:
449 1079 548 1138 cuius
574 1094 635 1135 nos
659 1068 833 1156 'integrum
854 1083 1093 1155 argumentum
1116 1078 1338 1159 amplumque
1360 1096 1418 1138 au·

99 1169 192 1249 tiqui
211 1169 405 1247 ,interpretis
435 1164 717 1229 commentarium
746 1164 1040 1247 deprehendimus,
1073 1186 1140 1228 nan
1161 1170 1230 1230 sine
1250 1166 1365 1228 multis
1384 1165 1418 1229 'et
1433 1163 1478 1226 ω’

97 1254 265 1318 nobilibus
277 1257 491 1341 fragmentis
512 1258 620 1337 ipsius
644 1255 836 1336 deperditae
858 1255 1036 1318 orationis.
1075 1254 1214 1338 Scripta
1235 1265 1281 1319 est
1303 1263 1420 1318 autem

96 1347 182 1409 haec
206 1349 319 1408 oratio
342 1345 538 1409 consulibus
565 1347 682 1409 Pisone
710 1340 743 1410 et
762 1344 936 1431 Messala,
969 1347 1006 1410 id
1035 1354 1101 1424 est,
1130 1347 1304 1414 Ciceronis
1326 1366 1417 1408 anno

99 1435 217 1502 XLVI.
238 1435 328 1500 urbis
348 1435 638 1500 DCLXXXXlll.

317 1749 463 1850 1Nc,
511 1751 591 1839 IN
642 1753 690 1846 P.
742 1751 1207 1841 CLAUDIUM.¹

526 1920 992 1997 ARGUMENTUM.
1432 1963 1463 2010 15

184 2160 282 2243 Apud
307 2163 450 2226 Graecos
477 2160 675 2226 huiusmodi
694 2182 824 2246 genera
843 2161 1041 2227 arationum
1062 2162 1260 2229 inurentium
1281 2166 1336 2229 seni
1358 2164 1421 2255 tpi-

99 2257 222 2341 yorsn²
251 2254 472 2334 nominantur,
505 2254 697 2319 continentia
722 2257 823 2320 lerme
848 2256 956 2319 laudes
978 2264 1011 2317 et
1036 2254 1298 2337 vituperationes.
1344 2257 1419 2319 Nou

101 2346 182 2412 euius
205 2349 252 2412 rei
273 2349 472 2429 postulantur
494 2372 511 2414 a
539 2349 649 2413 'l'tsllio
674 2349 724 2412 vel
745 2346 787 2413 C.
812 2346 914 2413 Curio
939 2348 989 2412 vel
1011 2350 1054 2414 Ρ.
1080 2347 1231 2423 Clodium
1260 2351 1317 2411 sed
1337 2370 1420 2432 qtto·

100 2441 182 2504 niam
209 2443 383 2504 habuerant
410 2443 442 2506 in
474 2455 586 2507 senatu
618 2444 773 2529 qttsndam
804 2440 980 2527 iurgiosam
1011 2443 1277 2518 decertationem,
1317 2444 1448 2506 visum

101 2533 256 2600 Ciceroni
271 2548 318 2598 est
333 2538 415 2599 hanc
436 2538 611 2602 orationem
632 2537 837 2601 conscribere
851 2536 973 2619 plenam
990 2535 1058 2599 sine
1073 2537 1173 2600 dubio
1188 2546 1220 2598 et
1242 2535 1463 2618 asperitatistt

101 2639 133 2692 et
154 2628 356 2704 facetiarum,
392 2631 507 2713 quibus
537 2650 641 2695 mores
669 2630 832 2715 utriusque
863 2629 1060 2711 proscindit,
1095 2640 1127 2691 et
1157 2629 1195 2690 tle
1221 2629 1421 2714 singulorum
1483 2702 1488 2709 .

101 2721 190 2785 vitiis
216 2743 310 2804 quam
342 2735 449 2804 potest
475 2724 677 2787 acerbissime
710 2723 864 2808 loquitur.
909 2724 973 2786 Sed
1001 2720 1083 2786 enim
1110 2721 1298 2805 principium
1327 2721 1422 2784 huius

102 2816 245 2879 offensae
273 2816 416 2879 fertura
443 2815 484 2880 P.
512 2816 621 2882 Clodii
646 2817 789 2892 †iratu³
821 2816 1032 2882 descendisse.
1093 2817 1173 2879 Natu
1198 2813 1284 2878 visus
1314 2824 1362 2877 est
1389 2814 1421 2877 in

104 2911 200 2972 domo
232 2908 392 2991 pontificis
422 2909 551 2974 maximi
579 2909 621 2976 C.
653 2910 803 2975 Caesaris
838 2913 1040 2994 eiusdemque
1072 2909 1234 2993 praetoris
1266 2909 1420 2972 incestum

103 3001 219 3066 lenisse
252 3023 322 3065 cum
353 3004 420 3066 eius
452 3023 556 3068 tinore
583 3005 756 3086 Pompeia,
792 3027 887 3090 qutun
918 3025 958 3068 eo
990 3005 1157 3086 tempore‘·
1184 3023 1244 3084 per
1273 3001 1464 3078 Vestalests

104 3095 247 3179 virgines
272 3108 304 3160 ct
329 3110 488 3164 matronas
513 3099 747 3164 honestissimas
773 3097 805 3162 iu
837 3109 954 3182 operto
980 3098 1090 3161 Bonae
1120 3098 1208 3160 Deae
1232 3094 1421 3160 sacrificium

104 3187 183 3253 viris
206 3189 352 3253 omnibus
373 3192 564 3256 inaccessum
587 3193 695 3256 fiebat.
740 3192 831 3257 Unde
862 3193 972 3275 elapso
1002 3202 1108 3254 tamen
1134 3188 1273 3265 Clodio,
1309 3209 1423 3274 magua

103 3280 219 3370 invidia
242 3284 425 3365 percrebuit
446 3296 477 3348 et
492 3285 619 3349 iufamia
635 3284 913 3362 caerimoniarum,
939 3296 972 3349 ut
986 3296 1113 3348 senatus
1133 3287 1307 3348 decernere
1322 3304 1418 3368 coges

103 3384 211 3450 retur,
236 3375 343 3440 otnni⁵
366 3376 528 3462 diligentia
545 3380 708 3442 consulum
724 3379 1022 3465 pervestigandum,
1039 3377 1168 3463 siquod
1183 3389 1266 3442 esset
1286 3376 1423 3461 pttlslicis

103 3469 315 3552 religionibus
335 3470 462 3534 inlatum
484 3472 651 3557 flagitium.
693 3471 878 3538 Accedebat
893 3474 955 3538 huc
969 3471 1062 3537 etiam
1077 3472 1302 3556 praeiudicium
1318 3473 1421 3556 quod·
1433 3491 1465 3542 3⁰

53 3577 57 3585 ·
103 3560 175 3623 dam
198 3559 240 3626 C.
267 3560 417 3629 Caesaris
438 3563 537 3648 ipsius
560 3564 735 3649 pontilicis,
762 3566 816 3653 qui
840 3588 977 3632 uxorem
1002 3587 1090 3632 suant
1120 3566 1206 3633 illico
1229 3565 1421 3649 repudiavit.

114 3701 1413 3722 -w—-

175 3794 200 3843 l.
220 3797 256 3842 lts
276 3797 338 3843 Cod.
363 3798 408 3843 ltoe
426 3800 480 3844 loeo
499 3799 570 3845 hebet
587 3796 734 3856 Claudium,
758 3803 801 3848 ssd
821 3803 933 3858 deinceps
952 3802 975 3846 iu
994 3801 1096 3847 aliarum
1113 3803 1252 3860 paginarum
1273 3801 1348 3845 titulis
1372 3801 1422 3856 ple·

242 3881 342 3925 rumque
365 3865 486 3914 Clodium.
532 3869 649 3915 Nimirum
673 3871 811 3917 scribebant
831 3872 931 3917 llouttni
955 3867 1042 3925 Clam,
1073 3870 1262 3926 pronunciabant
1285 3867 1353 3925 Cim,
1382 3870 1422 3928 qui

245 3937 297 3983 iere
310 3951 363 3983 usos
377 3944 413 3983 est
424 3940 595 3985 hodiernorum
608 3940 742 3986 Gallorum.
779 3938 804 3986 2.
824 3941 850 3986 ln
864 3943 945 3986 codiee
963 3942 1030 3985 locus
1045 3940 1079 3985 sie
1094 3954 1120 3984 se
1135 3942 1220 3987 habet:
1240 3945 1300 3999 aput
1310 3937 1423 3984 Graecos

250 4040 257 4053 .
296 4036 304 4052 .
341 4010 528 4054 .uoms'nantur
546 4014 610 4063 cet..
629 4012 706 4066 spatio
723 4004 818 4056 relitlo.
854 4011 994 4056 Cuiusmodi
1006 4013 1082 4066 spatis
1099 4024 1172 4054 vaces
1185 4009 1246 4056 band
1263 4023 1320 4054 ιιι-ο
1338 4022 1423 4054 occur·

243 4082 300 4121 runt
317 4079 340 4121 in
354 4077 456 4131 Codice,
476 4094 535 4138 quse
553 4080 692 4136 plerunque
707 4081 821 4135 notent·
839 4086 894 4126 sent
905 4081 997 4124 torulis
1009 4079 1123 4134 Graecis,
1143 4092 1202 4138 qtss
1220 4079 1349 4134 librarius,
1368 4079 1424 4136 quie

231 4147 336 4194 ,Graece
349 4147 451 4193 fortasse
465 4155 516 4193 erat
528 4151 640 4207 ignarus,
660 4151 751 4194 omisit.
788 4152 872 4195 Visum
884 4155 963 4195 sutem
982 4149 1103 4195 nobisest
1121 4151 1232 4204 supplere
1244 4145 1425 4198 ἐπαινοῦντα

246 4215 297 4265 καὶ
314 4215 459 4281 ψέγοντα.
497 4220 642 4263 contutatur
654 4218 798 4265 Aristoteles
810 4220 933 4266 Rhetorie.
948 4219 991 4264 tib.
1012 4219 1033 4267 l.
1053 4232 1105 4274 rap.
1124 4215 1166 4273 ³..
1187 4220 1289 4278 itemque
1303 4218 1423 4262 isocrates

246 4285 347 4331 Praetu.
367 4288 424 4331 edit.
450 4286 583 4334 Wolfisnse
608 4302 650 4344 per
675 4288 815 4345 Crispinum
841 4303 866 4347 p.
895 4286 955 4335 557.
982 4290 1012 4333 Α.
1045 4287 1096 4334 Nisi
1120 4289 1173 4348 quis
1199 4291 1287 4332 mavult
1311 4288 1423 4342 supplens

242 4351 418 4404 ἐπιδεικτικά
437 4371 465 4401 ιι
485 4359 601 4402 Cicerone
621 4360 643 4402 iu
657 4357 761 4404 Oratore
780 4358 827 4404 xl.
849 4364 873 4405 et
894 4359 1067 4404 Fortunatiano
1086 4357 1156 4403 unet.
1173 4349 1218 4403 lils.
1239 4358 1259 4403 1.
1281 4357 1325 4401 tub
1343 4357 1422 4405 initio.

244 4421 268 4469 3.
289 4426 495 4471 SicCod.l1eius
514 4429 619 4472 incestis.
657 4429 741 4473 Malim
757 4434 838 4474 reatu.
853 4428 905 4474 cu.
927 4442 949 4484 p.
971 4425 1030 4476 33¹.
1050 4429 1067 4472 l.
1090 4426 1131 4477 ll.
1157 4427 1204 4473 Os.
1242 4426 1267 4473 4.
1287 4428 1348 4472 Coti.
1367 4440 1425 4471 euru

243 4501 399 4553 eotesnpore.
436 4497 495 4541 Mai.
509 4491 540 4549 Ε.
554 4510 583 4542 sa
594 4504 718 4557 tempore,
732 4511 789 4559 qua.
827 4497 851 4544 6.
862 4499 930 4544 amni
939 4499 967 4545 de
980 4499 1059 4544 Beieri
1072 4499 1136 4544 euni.
1148 4498 1237 4543 Maius.
1257 4497 1318 4543 Cod.
1329 4498 1424 4548 arania.

180 4621 225 4673 22.
245 4618 387 4671 Consonat
407 4617 599 4686 Quintilianus
619 4619 688 4673 lust.
708 4619 761 4673 111.
775 4624 817 4676 7.=
838 4618 937 4685 „Etru
951 4624 980 4671 iu
993 4623 1193 4691 competitores
1213 4617 1255 4692 (in
1268 4619 1425 4673 consulatus

105 4696 256 4762 petitione,
269 4693 421 4747 Antonium
437 4708 465 4746 et
479 4693 658 4763 Catilinam),
672 4699 702 4748 tu
716 4695 746 4749 t.
760 4696 908 4759 Pisonem,
921 4695 958 4748 tu
973 4695 1150 4749 cuonttttt
1165 4692 1213 4748 ET
1225 4694 1425 4749 cuutouuut

103 4766 186 4838 libri,
206 4772 435 4841 tttupersttonem
456 4773 618 4836 continent,
637 4785 666 4826 et
686 4784 779 4828 tsnten
804 4775 834 4825 tn
852 4785 950 4826 musta
967 4769 1032 4826 loco
1051 4785 1115 4825 suut
1135 4770 1224 4826 tisbitl
1243 4769 1425 4827 sententtset”
1487 4796 1489 4803 ·
