3210 5280
231 183 271 245 tt
767 182 995 251 uscottttts

228 321 330 384 tribus
350 324 546 408 rogationem
570 335 777 407 aeceperunt,
812 337 844 389 et
865 347 925 388 urm
945 347 1030 390 mens
1054 337 1156 403 esset,
1191 337 1227 390 nt
1247 328 1272 401 †
1294 329 1389 392 modo
1411 340 1540 411 superat

228 416 340 497 populi
359 417 473 479 iussum
497 419 687 493 conficeret,
724 417 844 483 remisit
864 418 1120 485 intercessionem
1144 419 1342 484 Trebellius:
1377 431 1474 505 atque
1496 425 1539 487 ita

230 508 332 592 legem
355 510 508 573 Gabinius
531 515 569 575 de
591 510 702 593 piratis
724 512 949 597 persequendis
970 514 1113 595 pertulit.

307 599 346 664 At
366 606 452 665 enim
474 602 514 667 de
535 604 737 684 corrigenda
757 606 832 688 lege
851 607 1047 670 retulerunt.

205 697 219 745 ⁵
313 690 458 754 Diximus
480 692 589 755 iamin
612 693 787 776 principio,
826 694 1009 760 Cornelium
1040 695 1144 777 primo
1173 695 1276 781 legem
1297 698 1536 783 promulgasse,

230 805 270 847 ne
291 784 360 868 qttis
382 798 599 866 personatum
621 786 693 872 lege
715 790 911 864 solveretur,
951 787 1086 870 [deinde]
1111 788 1234 865 tulisse,
1260 801 1293 850 ut
1314 801 1378 851 tum
1404 792 1538 874 denique

231 871 277 939 de'
291 898 325 938 ea
342 899 376 939 re
391 891 515 942 senatus
530 872 705 942 conscilium
722 881 833 958 lieret,
858 902 926 944 cum
943 883 1087 944 adessent
1100 881 1132 944 in
1147 894 1257 946 senatu
1272 904 1333 946 uon
1349 882 1449 946 minus
1464 883 1537 950 CC.

230 972 321 1034 tinec
343 982 390 1032 est
412 973 482 1047 illa,
508 994 599 1057 qurum
622 975 778 1056 appellat,
802 975 974 1039 eorrectio.
1481 1029 1484 1032 -

306 1065 428 1140 iidem,
447 1069 514 1129 nisi
531 1070 616 1132 ltoee
639 1070 714 1148 ipsa
735 1070 810 1144 lex,
841 1089 946 1153 quum
968 1069 1001 1132 0.
1023 1068 1309 1144 Cornelianum,
1339 1068 1537 1147 obstitisset,

191 1151 446 1216 ttdeerevisscnt
467 1158 520 1232 id,
552 1161 647 1241 qnod
663 1160 784 1240 palum
804 1160 873 1220 iam
894 1161 951 1220 isti
970 1157 1159 1239 defensores
1180 1156 1383 1220 iudiciorum
1403 1179 1538 1241 pugna·

233 1253 364 1321 cerunt,
398 1249 532 1306 senatui
558 1267 625 1308 non
656 1249 811 1327 plaeere,
843 1246 881 1309 id
912 1247 1076 1310 iudicium
1107 1247 1147 1309 de
1177 1246 1297 1309 Sullae
1327 1245 1420 1309 bonis
1441 1246 1535 1322 fieri.

234 1333 344 1408 (luam
367 1353 432 1412 ego
456 1354 598 1396 causam
619 1336 723 1417 longe
752 1339 853 1401 aliter
871 1347 1011 1419 praetor
1031 1338 1064 1397 in
1085 1337 1247 1397 concione
1268 1333 1421 1413 defendi,
1457 1355 1537 1397 cam

211 1420 269 1482 'id
280 1421 441 1497 dicerem,
460 1422 555 1504 quod
573 1422 659 1486 idem
680 1425 806 1490 iudices
826 1436 945 1508 postea
964 1433 1172 1504 statuerant,
1194 1423 1359 1486 iudicium
1373 1427 1535 1508 aequiore

231 1518 378 1590 ternpore
391 1507 475 1584 fieri
492 1522 656 1591 oportere.

191 1609 221 1657 ts
316 1599 396 1678 Quia
420 1599 562 1663 defuerat
583 1601 799 1684 superioribus
820 1602 1013 1684 temporibus
1035 1602 1068 1665 in
1089 1601 1213 1666 aerario
1234 1601 1364 1685 pecunia
1388 1600 1534 1683 publica,

233 1692 326 1754 nmlta
350 1703 380 1754 et
401 1713 494 1775 saepe
516 1692 581 1756 eins
602 1694 649 1756 rei
671 1695 809 1758 remedia
831 1708 918 1758 erant
940 1697 1097 1780 qttaesita‚
1120 1695 1152 1758 in
1168 1697 1282 1779 qttibus
1302 1699 1366 1758 hoc
1387 1716 1534 1779 qrtoque,

232 1797 266 1847 ut
287 1785 437 1865 peetmiae
457 1786 620 1868 publicae,
645 1808 725 1872 quiae
747 1789 886 1851 residuae
907 1793 992 1871 apud
1006 1810 1159 1873 qttemque
1174 1801 1293 1865 essent,
1318 1788 1536 1872 exigerentur.

115 1872 119 1886 '
232 1877 271 1939 Id
293 1878 547 1942 atttem'maxime
568 1877 747 1961 pertinebat
767 1884 806 1943 ad
828 1880 1013 1946 Cornelium
1036 1883 1204 1959 Fossatum,
1235 1881 1396 1944 dictatoris
1417 1881 1534 1957 filium,

233 1970 306 2052 qutia
321 1971 407 2052 Sylla
430 1994 489 2054 per
511 1974 626 2035 maritos
645 1995 761 2053 annos,
785 1976 898 2059 quibus
920 1974 1112 2039 exercitibus
1134 1976 1315 2058 praefuerat
1336 1987 1367 2037 et
1387 1995 1452 2036 rem
1475 1995 1536 2055 pu·

190 2055 222 2105 ²⁰
233 2064 343 2126 blicam
366 2074 524 2141 tenuerat,
562 2064 736 2148 sumpserat
755 2070 904 2150 pecunias
926 2091 967 2132 ea
988 2069 1196 2153 vectigalibus
1217 2078 1249 2130 et
1269 2089 1309 2132 ex
1331 2068 1453 2131 aerario
1475 2089 1536 2149 po·

231 2159 297 2238 puli
312 2159 465 2235 Romani,
489 2181 588 2244 eaque
602 2182 653 2223 res
667 2182 759 2244 saepe
771 2174 839 2226 erat
850 2162 984 2246 agitata,
1008 2182 1101 2244 saepe
1117 2161 1248 2234 omissa,
1271 2161 1384 2242 partim
1398 2172 1536 2242 propter

223 2251 427 2332 Syllanarum
443 2253 578 2335 partium
601 2254 763 2337 [metum],
787 2254 898 2337 partim
919 2257 1006 2338 quod
1027 2254 1163 2339 iniquum
1184 2254 1367 2328 ridebatur,
1390 2264 1466 2336 post
1487 2263 1537 2317 tot

325 2512 350 2562 1.
369 2516 456 2574 esset,
476 2516 508 2560 ut
526 2507 607 2560 modo
625 2517 737 2580 superat
752 2510 849 2583 populi
867 2515 969 2561 iussum
987 2507 1148 2581 conficeret]
1175 2508 1221 2562 Sic
1237 2524 1364 2583 corrupte
1385 2510 1479 2565 Prima.
1498 2538 1536 2553 -·

160 2635 162 2639 ,
229 2588 302 2633 esset
320 2591 353 2633 ret
368 2584 463 2654 populi
481 2589 584 2635 iussttm
603 2583 752 2657 conficeret
771 2584 876 2638 Bersld.
897 2584 956 2639 Ald.
977 2584 1044 2639 Lod.
1063 2611 1098 2627 -
1117 2592 1189 2636 esset
1196 2586 1290 2653 populi
1296 2623 1304 2648 ‚
1323 2589 1369 2653 qui
1378 2592 1535 2654 supererat,

229 2666 259 2708 ut
277 2660 380 2709 ireseum
399 2656 549 2731 conficeret
576 2659 640 2713 flat.
665 2659 743 2713 Mau.
773 2659 855 2714 Creo.
891 2689 926 2703 -
963 2668 1035 2711 esset
1058 2660 1167 2730 popuii,
1200 2669 1231 2711 nt
1255 2665 1358 2710 iussttm
1384 2657 1536 2731 conficeret

228 2729 316 2804 l-agd.
337 2735 431 2806 Sigon.
876 2735 903 2790 6.
922 2733 1030 2802 deinde]
1051 2752 1107 2789 om.
1121 2737 1211 2788 Prius.
1224 2724 1331 2787 Betald.
1344 2732 1403 2786 Ald.
1419 2732 1486 2785 Lod.
1504 2728 1507 2733 ’

323 2813 350 2867 8.
369 2825 429 2859 erem
448 2806 576 2862 adessent
594 2811 624 2860 itt
641 2817 741 2862 senatu
758 2826 814 2861 non
833 2814 923 2860 minas
943 2810 998 2864 CC.
1033 2811 1110 2861 Haec
1129 2818 1170 2860 est
1189 2810 1250 2877 iila]
1273 2811 1357 2880 Lugd.
1373 2809 1438 2862 lior.
1458 2808 1537 2862 Matr.

229 2882 310 2935 Creo.
331 2908 367 2924 ·-
385 2900 446 2935 eum
463 2883 639 2937 adessemus
656 2893 755 2936 senatu
771 2902 828 2935 noa
847 2889 937 2935 mimas
955 2893 984 2936 et
1000 2882 1067 2937 lsaec
1085 2892 1114 2935 et
1132 2885 1182 2935 ttta
1202 2886 1291 2940 Prlur.
1329 2913 1366 2927 -
1397 2902 1459 2934 cum
1478 2882 1537 2932 ad-

228 2964 319 3008 essent
341 2963 371 3010 itt
396 2967 497 3009 senatu
520 2975 576 3010 aon
598 2964 690 3011 mittas
708 2961 725 2995 *
743 2966 771 3011 et
788 2957 855 3010 haee
875 2966 916 3009 est
933 2960 984 3010 tlte
1003 2957 1065 3013 ald.
1095 2988 1126 3001 -
1159 2976 1221 3010 eum
1244 2958 1354 3011 adesset
1369 2958 1487 3029 populus
1504 2963 1536 3009 ia

227 3039 328 3083 senatu
345 3051 401 3085 noa
418 3039 508 3084 nantes
526 3042 554 3087 et
573 3033 640 3086 haee
658 3044 700 3089 esi
712 3032 763 3086 itta
780 3032 889 3087 Berald.
907 3061 945 3076 ·-
961 3051 1023 3085 cum
1042 3033 1152 3086 adesset
1167 3035 1298 3103 populns,
1315 3039 1345 3084 ire
1362 3042 1461 3083 senatu
1479 3050 1537 3084 trote

228 3095 319 3157 mimas
337 3108 392 3162 00.
412 3115 440 3159 et
458 3106 525 3160 ltoee
544 3118 586 3161 est
604 3109 655 3162 uta
672 3108 741 3163 Lod.
761 3135 797 3149 -
822 3110 910 3174 “Noa
928 3114 1019 3160 mimas
1037 3109 1083 3162 00
1101 3113 1192 3181 putari
1211 3105 1356 3181 legendam
1376 3124 1446 3163 esset
1469 3123 1535 3160 cum

229 3178 262 3232 de
282 3179 376 3235 eadem
395 3185 516 3238 Cornelii
534 3182 594 3256 lege
612 3188 745 3238 memoria
766 3199 903 3238 tenerem.
923 3181 995 3256 quod
1014 3198 1093 3256 supra
1114 3187 1184 3255 [pag.
1198 3187 1257 3254 92]
1278 3187 1410 3255 scripturn
1429 3197 1471 3236 est
1491 3183 1534 3235 bis
1569 3245 1573 3253 .

228 3253 332 3309 verbis:
370 3257 515 3310 Cornelium
532 3262 575 3311 ita
586 3257 672 3328 serre
690 3276 787 3310 rttrsres
805 3264 909 3329 coepit,
942 3263 1101 3330 aequisita
1119 3267 1218 3310 senatu
1236 3257 1344 3328 legibus
1360 3258 1534 3310 solveretur.

228 3335 283 3382 nisi
301 3331 355 3385 00.
372 3328 546 3401 affuissent.”
565 3328 707 3391 MANUT.

322 3412 350 3466 8.
369 3407 518 3478 eorrectio]
537 3413 734 3461 correctionem
750 3406 857 3462 Berald.
874 3404 942 3463 Lod.

319 3483 348 3538 9.
370 3480 470 3546 Iidem,
490 3487 545 3534 nisi
563 3481 629 3534 haec
647 3513 666 3526 -
683 3513 700 3527 -
719 3483 915 3551 decrevissent]
937 3482 1100 3556 Madvigius.
1126 3511 1164 3529 -·
1188 3481 1263 3534 Idem
1283 3480 1350 3534 iraec
1366 3510 1382 3523 ·
1400 3509 1417 3524 ·
1435 3479 1535 3553 deere-

131 3611 138 3634 Ι
226 3557 329 3606 vissem
348 3558 439 3609 Princ.
458 3554 566 3609 Berald.
590 3585 630 3601 -
659 3556 735 3609 Idem
753 3563 809 3611 taisi
827 3557 893 3609 isaeo
912 3589 930 3601 -
949 3588 967 3600 -
987 3556 1169 3610 decrevissem
1188 3562 1282 3615 ceteri.
1319 3555 1401 3625 „Etsi
1421 3553 1535 3608 dtttette

227 3645 268 3682 est
289 3633 317 3681 in
337 3627 497 3702 fragmentis
517 3630 551 3684 de
570 3635 619 3697 lia,
638 3648 706 3703 quae
726 3631 760 3684 ad
781 3647 866 3686 totam
887 3637 1020 3686 orationis
1034 3637 1243 3705 perpetuitatem
1256 3636 1412 3704 pertinent,
1431 3630 1535 3701 aliquid

227 3719 362 3770 statuere,
393 3705 440 3759 hie
460 3720 551 3760 tamen
570 3704 724 3760 clarissime
743 3722 836 3781 patet,
868 3713 1031 3760 senteutiam
1052 3709 1195 3761 Ciceronis
1216 3721 1373 3777 corruptam
1393 3722 1461 3758 esse.
1498 3705 1534 3757 Et

227 3782 283 3829 ntst'
301 3779 425 3851 quidem,
445 3785 496 3834 etti
515 3786 546 3835 in
564 3779 631 3835 edit.
653 3783 674 3835 l.
693 3780 782 3847 deest,
802 3796 875 3835 reete
894 3798 958 3834 sane
976 3781 1100 3835 additum
1119 3799 1194 3848 esse,
1215 3797 1272 3835 tota
1292 3783 1442 3834 sententiae
1462 3797 1536 3833 eon-

226 3850 512 3927 iormatioldeelarat.
543 3871 595 3910 nee
615 3853 800 3929 infrequentes
820 3856 977 3910 huiusmodi
997 3856 1209 3922 vocabulorum,
1242 3861 1359 3911 maxime
1380 3855 1536 3927 particola-

227 3945 303 3992 mm,
335 3934 497 3985 omissiones
523 3936 551 3984 in
577 3947 608 3983 ea
634 3929 699 3985 edit.
719 3947 793 3984 sunt.
831 3930 885 3985 Sed
909 3950 996 4003 neque
1021 3949 1095 3986 recte
1114 3932 1235 3986 Cornelii
1255 3946 1450 4004 personasse,
1480 3944 1534 4001 quo

152 4034 157 4039 -
226 4007 385 4070 minatici,
405 4009 477 4077 quod
497 4004 787 4071 vellet‚deceraeret‚
815 4006 936 4059 Cornelii
956 4008 1015 4079 lege
1035 4005 1194 4079 impeditum
1213 4005 1298 4071 dicit,
1330 4022 1416 4076 neque
1436 4007 1535 4058 Cicero

227 4075 256 4130 ld
275 4094 303 4130 se
322 4077 495 4133 decreturum
514 4079 599 4134 luisse
618 4080 708 4133 dicere
728 4096 835 4154 potest,
866 4080 938 4152 qaod
958 4097 1050 4154 aperte
1069 4087 1098 4135 in
1118 4082 1239 4135 Cornelii
1260 4079 1420 4133 adversariis
1440 4096 1536 4151 repre-

227 4152 337 4213 hendit:
364 4153 414 4208 bos
434 4160 507 4207 enim
528 4155 681 4229 praeclaros
701 4157 806 4210 scilicet
827 4155 990 4210 iudiciorum
1009 4155 1179 4221 defensores,
1199 4162 1244 4227 qui
1266 4172 1408 4227 tantopere
1428 4153 1536 4206 Corae-

226 4227 294 4279 lium
320 4234 398 4300 quati
424 4228 589 4283 iudiciorum
613 4248 766 4285 eversorem
792 4236 974 4297 insectentur,
1005 4251 1055 4304 pro
1073 4247 1103 4283 ea
1124 4237 1182 4305 ipsa
1203 4250 1231 4284 re
1250 4246 1370 4303 pugnare
1390 4234 1443 4291 aiu
1477 4245 1537 4282 tum

112 4290 130 4310 '‘
226 4301 291 4354 haic
310 4309 461 4358 sententiae
481 4310 548 4357 satis
567 4321 661 4379 aperte
680 4311 847 4359 eontrarium
866 4324 926 4360 este
944 4305 1013 4361 dicit
1033 4306 1077 4370 id,
1096 4306 1169 4377 quod
1188 4312 1246 4378 ipse
1266 4321 1374 4378 praetor
1394 4310 1422 4357 in
1442 4304 1537 4356 eadem

226 4390 307 4430 eausa
326 4383 422 4450 egerit.
460 4380 561 4433 Omnia
581 4397 783 4452 componuntur
809 4396 835 4433 et
862 4387 1006 4453 aptissima
1024 4381 1091 4434 liunt
1111 4383 1249 4434 lenissima
1269 4385 1421 4434 mutatione
1441 4379 1536 4451 [quant

226 4457 403 4523 recepimus].
440 4453 528 4507 Video
547 4456 709 4508 Ciceronem
734 4456 822 4528 legem
842 4456 964 4509 Cornelii
991 4457 1100 4509 laudare
1126 4473 1153 4510 er
1179 4473 1274 4509 eorum
1301 4456 1460 4525 hominum,
1490 4458 1538 4526 qui

227 4524 327 4580 iudicia
348 4531 443 4583 tollere
463 4529 576 4593 vellent,
596 4530 711 4584 eoncilia
732 4530 765 4582 ab
785 4548 819 4583 eo
839 4531 970 4603 impedita
990 4532 1110 4586 dicere.”
1136 4532 1253 4586 MADV.

312 4610 355 4662 10.
371 4607 584 4677 pesgaavetumt]
604 4614 837 4675 oppugnaverunt
857 4606 961 4659 Berald.

309 4684 352 4736 15.
371 4682 454 4750 idem]
474 4680 555 4731 iidem
575 4682 654 4733 Creu.
867 4686 910 4738 17.
926 4683 1065 4755 petiliane]
1081 4682 1186 4752 publice
1206 4685 1296 4737 Ptine.

300 4759 347 4809 22.
367 4758 480 4822 metum]
502 4752 609 4809 Beraid.
629 4753 697 4809 Lod.
720 4786 750 4798 -
773 4772 829 4810 om.
850 4758 940 4811 Ptine.
961 4758 1024 4813 atd.
1045 4787 1080 4808 ι.-
1097 4763 1251 4829 potentiam
1271 4762 1366 4812 ceteri.
