3210 5280
191 246 231 307 m
381 221 385 228 '
728 245 950 310 summm

190 386 309 468 gratiae
330 385 498 468 acquisisse
523 383 755 447 necessitudinis
776 385 862 460 iure,
899 387 983 468 quod
1013 406 1051 447 cx
1080 387 1185 447 cadciu
1209 396 1340 468 uterquc
1366 387 1486 451 liberos

189 479 342 540 haberet:
366 500 468 562 neque
491 476 573 543 Cato
596 479 635 540 ab
660 477 813 560 aequitate
835 499 888 551 ea,
912 499 991 561 quiae
1013 492 1043 538 ct
1067 477 1158 540 vitam
1184 479 1250 547 cius
1269 489 1300 539 ct
1323 480 1486 563 stragistra-

188 582 253 632 tum
288 571 372 633 illuni
399 574 546 646 decebat,
594 591 751 653 quoquam
780 569 919 632 deflexit.
962 572 1042 633 Post
1071 572 1151 633 diem
1181 583 1281 632 autem
1320 587 1483 655 quartam,

190 685 281 746 quatu
315 665 494 744 postulatus
532 675 598 726 erat
633 665 787 737 Scaurus,
822 662 956 725 Faustus
995 663 1078 741 Sylla
1110 675 1174 724 tum
1204 675 1371 744 quaestor,
1407 666 1486 728 lilius

164 757 294 835 ⁵Syllae
323 756 455 831 Felicis,
488 757 589 820 irater
610 777 650 818 ex
671 757 776 818 eadem
796 766 891 817 matre
915 755 1024 817 Scauri
1046 755 1063 788 ‘³
1084 777 1193 817 servus
1215 757 1279 817 eius
1304 757 1484 818 vulneratus

118 864 178 919 [ιιι]
187 849 333 930 prosiluit
359 871 399 911 ex
421 849 538 911 lecticis
562 861 593 911 et
616 859 744 930 questus
771 859 818 909 cst
839 868 899 926 pro
922 847 1109 929 interempto
1131 869 1198 909 esse
1225 849 1484 928 competitoribus

188 941 298 1003 Scauri
323 954 353 1004 et
377 942 536 1004 amludare
557 962 627 1003 eum
649 939 796 1002 trecentis
818 939 940 1001 armatis
962 962 1074 1024 scquc,
1098 941 1124 1002 si
1146 961 1272 1003 necesse
1294 955 1395 1014 essct,
1420 941 1482 1003 vim

187 1034 220 1095 vi
241 1034 449 1113 repulsurum.

268 1127 485 1189 Defendet-unt
499 1129 647 1191 Scaurum
670 1147 726 1188 sex
740 1125 881 1207 patroni,
899 1148 968 1188 etim
988 1127 1071 1189 adid
1089 1139 1209 1208 tempus
1230 1146 1303 1187 raro
1318 1126 1480 1208 quisquam

144 1240 175 1289 tu
187 1219 327 1300 pluribus
350 1242 440 1301 quam
464 1233 600 1304 quatuor
620 1229 779 1282 uteretur:
803 1238 839 1279 ac
860 1231 932 1299 post
955 1220 1033 1282 bella
1049 1220 1150 1281 civilia
1168 1230 1237 1280 aute
1254 1220 1352 1299 legem
1370 1222 1480 1282 Iuliam

185 1314 224 1372 ad
254 1314 416 1375 duodenos
443 1324 597 1394 patronos
624 1324 672 1374 cst
700 1322 896 1391 perventum.
948 1313 1090 1374 Fuerunt
1114 1325 1214 1374 auteur
1241 1313 1271 1373 ut
1294 1313 1401 1392 [ses]:
1438 1317 1478 1376 l'.

185 1402 321 1467 Clodius
342 1406 497 1480 Pulcher,
522 1407 574 1468 M.
598 1403 787 1480 Marcellus,
812 1405 862 1466 Μ.
891 1403 1045 1481 Calidius,
1069 1408 1121 1468 M.
1145 1405 1281 1478 Cicero,
1313 1406 1365 1467 M.
1390 1407 1481 1466 Mes-

184 1497 248 1559 sala
271 1497 397 1580 Niger,
416 1499 458 1578 Q.
481 1498 684 1575 Hortensius.
728 1497 801 1579 lpse
823 1518 949 1580 quoque
971 1501 1106 1560 Scaurus
1127 1499 1205 1560 dixit
1223 1520 1283 1579 pro
1305 1519 1338 1559 sc
1360 1518 1480 1558 acum·

184 1609 248 1670 gno
264 1609 362 1669 opere
382 1588 499 1653 iudices
514 1589 611 1654 movit
629 1601 660 1652 et
680 1589 828 1672 squalore
850 1601 881 1650 et
895 1589 1027 1652 lacrimis
1048 1603 1079 1653 et
1101 1591 1265 1653 aedilitatis
1281 1591 1397 1650 effusae
1415 1609 1492 1673 mc-¹

142 1681 283 1746 tamor-ia
319 1702 355 1743 ac
383 1680 496 1746 lavore
522 1682 668 1765 populari
706 1702 742 1744 ac
774 1681 940 1764 praecipue
967 1694 1111 1764 paternae
1147 1681 1340 1748 auctoritatis
1368 1702 1479 1743 reeor-

183 1771 318 1840 tatione.
1457 1799 1465 1809 ι

619 1970 1042 2066 ENARRATIO.

478 2233 623 2301 clucA
646 2238 778 2302 VERS.
801 2241 833 2302 A
853 2237 1004 2302 PRIMO
1026 2240 1174 2301 XXXX.

261 2357 303 2432 (l.
329 2358 375 2433 l.)
407 2353 487 2419 Cum
511 2373 705 2421 enumeraret
725 2358 854 2434 iudicia,
891 2379 970 2442 quae
992 2371 1083 2439 pater
1105 2361 1213 2421 Scauri
1235 2372 1385 2440 expertus
1407 2373 1473 2422 est:

135 2467 166 2514 ιο
253 2448 772 2530 Subiitetiampopnliiutlicium
783 2451 1347 2533 iniquirenteOnUomitio,tribuno
1357 2454 1482 2532 plebis.

190 2565 288 2577 —u-
296 2572 298 2575 .
305 2572 311 2576 .
332 2571 516 2578 .-..—.---
522 2571 593 2578 -..0-
981 2571 989 2576 -
997 2569 1100 2577 ..—--·..
1108 2570 1232 2578 .---·-
1243 2571 1469 2583 *num—0-

196 2630 200 2637 ’
268 2630 294 2676 2.
313 2625 465 2691 aequitate]
487 2627 608 2690 equitate
626 2625 716 2675 Princ.
834 2629 862 2677 2.
881 2625 960 2693 quac]
979 2641 1059 2692 pisam
1081 2623 1171 2675 Princ.
1191 2621 1251 2676 ΔΜ.

267 2702 294 2753 5.
315 2696 439 2767 decebat]
459 2695 568 2746 diceba
588 2699 681 2749 Prine.

248 2769 320 2824 lbid.
340 2774 481 2840 patariam]
502 2771 594 2822 Princ.
614 2768 775 2823 Beraltl-
739 2778 922 2840 -quartum
942 2776 1035 2823 ceteri.

266 2848 292 2900 5.
312 2845 419 2911 Felicis]
440 2844 553 2895 ibelicis
572 2847 661 2897 Princ.

248 2919 318 2970 lbid.
339 2918 448 2990 eadem]
468 2937 501 2969 ea
521 2919 695 2971 Heinrichius
714 2933 740 2970 et
760 2918 880 2989 Peyron,
900 2918 979 2970 male.
1017 2919 1159 2972 Genitivus
1179 2919 1280 2969 Scauri
1298 2935 1351 2970 non
1373 2918 1471 2990 pendes

173 3009 232 3044 eu.
251 3002 355 3056 matre,
376 2992 422 3045 sed
443 3011 498 3045 ιιι
516 2991 626 3060 frater.
663 2991 799 3064 lungenda
818 3008 880 3045 sunt
900 3009 989 3045 sotem
1000 2992 1104 3061 jrater
1123 2993 1264 3044 exeadem
1281 2988 1389 3060 matre,
1411 2999 1429 3047 i.
1447 3013 1472 3046 e.

173 3062 280 3123 ridel
264 3087 304 3129 oe
323 3066 519 3170 ιἰμιιιιηιιιιιις.

243 3087 316 3194 istit.
343 3140 483 3192 Scauri*
510 3158 607 3191 servies
633 3143 698 3207 ceu]
738 3140 826 3192 Locus
846 3156 989 3212 corruptus
1009 3156 1036 3193 et
1056 3140 1182 3203 mutilus,
1216 3145 1260 3191 cui
1285 3139 1355 3192 hand
1384 3157 1470 3212 pauca

171 3211 263 3267 deesse
283 3214 416 3266 videniur.
442 3218 519 3283 Quae
539 3214 572 3265 ad
593 3231 654 3266 eum
675 3214 870 3266 restituendum
891 3232 905 3265 a
927 3219 991 3268 viris
1011 3213 1099 3267 doctis
1121 3231 1222 3268 tentata
1242 3232 1320 3282 suoi,
1342 3214 1472 3289 deinceps

171 3287 364 3341 indicabimus.
403 3287 564 3341 Conferaiur
584 3305 674 3341 aurern
698 3289 893 3360 Madvigiusp.
914 3295 958 3349 32.

245 3364 315 3418 lliid.
337 3381 435 3412 serviis
454 3369 511 3413 eins
528 3366 703 3430 orilneratus]
730 3369 821 3415 servis
848 3371 907 3414 eins
924 3365 1078 3414 vielneratis
1099 3365 1254 3417 lleinrn-
1218 3364 1355 3464 -puod
1372 3382 1471 3415 servies

170 3442 228 3487 eins
245 3456 283 3487 vri
274 3440 411 3488 cineratus
430 3440 486 3490 Mai
506 3457 539 3490 ex
558 3438 608 3490 lide
628 3438 731 3491 codicis
752 3438 935 3491 Ambrosiani.

263 3513 424 3578 fflectiris]
446 3513 542 3563 lectt'ca
562 3515 655 3570 Heiur.

244 3584 313 3639 ibid.
329 3605 383 3656 pro
402 3592 565 3657 interempto
584 3590 654 3653 esse]
686 3605 770 3658 prope
795 3592 986 3658 interemptum
1011 3606 1069 3639 esse
1095 3586 1199 3641 Berald.
1219 3590 1307 3642 Beier.
1327 3607 1468 3658 -prope

171 3664 363 3730 interemptum
383 3679 440 3711 esse
459 3679 487 3710 sc
505 3682 524 3712 a
544 3660 610 3716 iod.
624 3664 716 3716 Heinr.

244 3732 312 3787 lbid.
332 3736 567 3804 cornpetitoribns]
588 3736 826 3805 competitionibus
845 3737 938 3789 Princ.
960 3734 1065 3788 Beratd.

244 3815 360 3865 10-11.
380 3828 412 3860 ac
431 3842 449 3853 -
468 3841 487 3853 -
506 3841 523 3853 -
540 3813 716 3881 perventum]
741 3829 794 3864 om.
814 3809 920 3863 Berald.

242 3890 285 3939 to.
305 3887 350 3951 ac]
371 3893 401 3934 at
420 3884 483 3938 llos.
505 3887 584 3936 Creu.
604 3886 673 3938 Mai.
709 3889 865 3954 ,Neutrum
884 3901 950 3956 puto
968 3887 1111 3953 scripsisse
1131 3898 1288 3948 auctorem,
1308 3881 1354 3934 sed
1374 3890 1467 3954 potius

167 3963 249 4028 atque
263 3962 281 4009 i.
294 3976 317 4009 e.
329 3975 357 4010 et
371 3956 465 4011 adeo.'‘
486 3959 606 4013 HElNR.
644 3961 693 4012 llis
708 3961 802 4013 uolens
818 3965 858 4011 vir
871 3958 1044 4012 doctissimus
1058 3976 1091 4009 ac
1104 3956 1274 4010 retinendum
1290 3974 1347 4009 csse
1361 3957 1466 4011 docuit.

244 4042 286 4087 lt.
307 4033 355 4101 ad]
376 4033 451 4101 apud
468 4034 560 4086 Princ.
826 4042 870 4090 ll.
885 4036 1059 4104 perventum]
1075 4042 1242 4104 proventum
1262 4035 1351 4085 Princ.

242 4105 313 4159 ibid.
332 4111 395 4173 sex]
416 4125 472 4158 om.
493 4105 575 4177 Lugd.
596 4107 673 4160 Man.
695 4109 787 4179 Sigon.
806 4109 900 4162 Heinr.
948 4106 1044 4160 Putide
1074 4105 1208 4160 adiectum
1236 4105 1339 4159 videtur
1360 4106 1468 4160 Beiero.

242 4185 287 4237 iit.
308 4200 409 4248 magno
429 4184 520 4251 opere]
541 4181 647 4234 Berald.
668 4209 701 4220 -
720 4201 887 4252 magnopere
906 4186 1004 4245 ceteri,
1026 4180 1134 4252 tabique.

241 4253 310 4308 ibid.
329 4258 452 4306 lacrimis
471 4265 498 4305 et
517 4255 683 4324 aedilitatis]
708 4255 785 4307 iarlsr
808 4262 859 4307 ιιιιί
877 4265 905 4308 et
923 4256 1058 4307 caliditatis
1076 4258 1169 4311 l’rinc.

130 4331 141 4349 “
239 4327 309 4382 lbid.
328 4325 442 4398 fftsae]
464 4330 558 4383 Helnr.
579 4334 665 4384 Beier.
686 4359 721 4373 -
740 4277 828 4402 estere
848 4337 942 4384 ceteri.

240 4409 284 4461 15.
300 4407 458 4473 praecipue]
475 4411 604 4473 precipue
623 4406 712 4458 Princ.

239 4485 282 4535 17.
302 4476 489 4530 EetAttltAT
489 4479 542 4548 10]
563 4481 653 4531 Princ.
675 4477 778 4534 Berald.
797 4481 862 4534 Hor.
880 4508 918 4520 —
937 4478 1098 4530 INITIUM
1115 4477 1385 4531 EXI’OSITIONIS
1403 4477 1465 4530 ald.

163 4548 249 4618 lugd.
270 4552 350 4604 Creo.
386 4582 412 4592 -
443 4552 713 4606 EXPOSITIONIS
732 4555 893 4607 INITIUM
910 4552 976 4606 Lod.
1007 4583 1041 4595 -
1072 4553 1233 4604 INITIUM
1256 4551 1465 4604 EXPLANA-

164 4622 294 4676 YIUNIS
313 4628 389 4679 Mau.
738 4668 742 4676 .
825 4637 868 4690 18.
889 4647 942 4680 om.
965 4626 1030 4680 Lod.
1052 4627 1136 4698 Lugd.

238 4704 281 4757 19.
301 4705 484 4768 enumeraret]
506 4711 647 4752 eastimerat
667 4701 751 4773 lugd.
827 4708 870 4760 19.
892 4704 1000 4768 Scauri]
1026 4702 1145 4752 Scaurus
1164 4703 1243 4754 eren.
1264 4703 1351 4753 Beier.

237 4780 281 4831 20.
301 4775 400 4843 Subiit]
423 4777 491 4834 Mai.
511 4778 631 4829 Beierus.
652 4806 687 4819 -
706 4777 797 4829 stridit
815 4777 922 4833 Berald.
942 4805 978 4820 -
997 4776 1069 4826 scibit
1090 4780 1181 4829 ceteri.
