3210 5280
486 193 536 258 IN
560 194 704 260 ORAT.
729 191 1079 259 CATILINARIAS.
1375 193 1437 258 tlt

116 333 240 400 civibus
263 332 433 409 Romanis,
457 344 488 396 et
509 334 611 396 noluit
635 332 742 397 venire
765 336 804 396 ad
826 344 987 408 senatum,
1011 343 1042 394 et
1063 331 1172 414 coepit
1197 333 1279 397 velle
1304 331 1437 398 inimicis

116 429 286 496 Ciceronis
308 429 419 492 favere
448 427 537 511 quasi
564 449 624 509 pro
656 427 779 490 civibus
811 426 982 498 Romanis3
1016 427 1098 487 hune
1126 424 1257 487 infamat
1280 427 1437 490 laudando

118 523 310 591 Caesarem:
333 525 438 596 Ecce,
461 521 581 605 inquit,
607 520 728 585 Caesar
750 541 826 583 vere
846 517 1029 601 popularis,
1054 517 1203 581 videlicet
1224 519 1278 602 qui
1298 518 1345 581 sic
1361 520 1438 583 lecit

116 639 180 701 pro
202 616 347 699 populo,
371 625 406 678 ut
430 616 609 677 consuleret
631 615 722 676 saluti
744 613 854 696 populi
875 612 1024 676 Rotnani.
1069 610 1153 691 Quid
1178 623 1226 674 est
1249 612 1438 694 popularis?

118 711 223 775 Saluti
237 709 351 793 populi
366 709 502 775 Romani
517 709 731 772 consulentem
748 706 935 787 accipimus,
958 726 1017 767 nec
1030 704 1219 787 populdrem
1234 708 1434 787 seditiosum,
1448 721 1462 768 5

117 807 174 868 sed
195 805 381 887 popularem
405 804 527 886 populo
551 803 810 865 consentientem.
1344 875 1348 881 .

64 892 70 899 ’
203 903 285 966 Νοη
307 900 488 981 neminem]
512 900 660 978 Quintum
687 893 853 956 Metellum
876 888 952 953 dicit
974 893 999 966 †
1022 891 1146 976 obligat
1168 891 1268 957 illum.
1298 974 1299 978 Ἰ
1455 927 1459 937 ν

202 997 240 1059 Is
263 1005 297 1056 et
310 993 436 1055 nudius
458 993 581 1055 tertius
595 992 684 1053 cives
699 993 874 1054 Romanos
888 986 996 1066 dedit]
1019 989 1072 1050 Ad
1086 986 1234 1048 invidiam
1253 986 1438 1051 coniuratos

118 1087 206 1151 cives
225 1088 388 1151 Romanos
411 1090 505 1149 modo
528 1085 614 1148 dicit.
660 1083 740 1146 Vult
763 1083 947 1153 ostendere,
971 1080 1041 1161 quia
1065 1091 1096 1142 et
1118 1081 1161 1142 G.
1188 1078 1309 1143 Caesar
1325 1093 1438 1146 contra

118 1181 223 1266 legem
248 1179 466 1260 Semproniam
489 1179 580 1241 lacit.
623 1178 819 1260 Quamquam
842 1176 923 1237 enim
945 1194 1009 1236 non
1032 1173 1214 1246 occidebat,
1239 1186 1342 1236 tamen
1365 1196 1437 1238 sen·
1451 1187 1481 1236 tt

119 1274 246 1336 tentiam
271 1274 344 1336 dicit
367 1275 406 1334 de
432 1272 536 1354 capite
562 1273 676 1335 civium
702 1272 934 1334 Romanorum.
980 1268 1062 1330 Vult
1088 1270 1255 1332 ostendere
1277 1282 1309 1332 et
1340 1269 1437 1332 Silani

119 1366 302 1429 sententiam
333 1377 364 1428 et
395 1365 543 1430 Caesaris
574 1364 677 1446 capite
708 1363 840 1446 punire;
874 1364 929 1424 sed
959 1361 1108 1426 Caesaris
1133 1363 1284 1425 sententia
1317 1363 1439 1425 iniussu

117 1457 230 1541 populi
256 1461 443 1521 condemnat
466 1459 551 1521 cives
578 1461 754 1523 Romanos.
798 1458 926 1519 Laudat
952 1476 1032 1542 ergo
1055 1455 1223 1521 Caesarem
1246 1466 1278 1518 et
1301 1454 1439 1520 ostendit

117 1551 223 1634 ipsum
247 1564 357 1616 contra
380 1551 470 1635 leges
493 1573 575 1614 esse.

204 1647 306 1710 Illum
328 1643 487 1722 latorem]
531 1644 659 1707 Scilicet
689 1645 732 1707 G.
760 1645 952 1708 Gracchum.
1003 1643 1086 1704 Vult
1118 1644 1379 1706 ostenderemore
1408 1641 1482 1706 nita

118 1736 217 1801 licere
233 1739 348 1802 occidi.
394 1739 481 1800 Ecce
496 1739 549 1801 uhi
572 1738 726 1813 ostendit,
751 1738 822 1822 quia
847 1737 1012 1819 popularis
1033 1739 1139 1801 luerat
1159 1738 1251 1800 etiam
1268 1738 1436 1812 Lentulus,

119 1853 185 1896 non
207 1832 283 1895 dicit
297 1854 366 1896 eum
387 1834 590 1915 popularem,
615 1835 671 1895 sed
694 1831 767 1892 dicit
784 1832 953 1914 prodigum
970 1831 1061 1914 quasi
1076 1845 1299 1912 corruptorem
1315 1831 1438 1919 populi.

207 1925 292 2008 Cap.
326 1927 389 1988 Vl.
423 1929 474 1987 ll.
511 1925 687 1990 Dederitis
717 1925 799 1987 mihi
838 1925 997 1987 comitem
1020 1927 1151 2008 populo
1183 1925 1317 2004 carum]
1356 1924 1439 2005 Quia

119 2019 291 2100 putabatur
312 2017 412 2080 Silani
436 2019 588 2080 sententia
611 2017 764 2094 crudelis,
800 2031 829 2081 et
851 2017 924 2082 ideo
947 2016 1077 2080 timebat
1101 2031 1247 2093 senatus,
1282 2018 1370 2100 quod
1391 2018 1440 2081 vi·

121 2113 250 2173 deretur'
272 2110 429 2183 crudelis;
451 2110 609 2191 promittit
635 2110 695 2174 illis
717 2111 864 2174 invidiam
889 2156 899 2175 .
925 2156 934 2174 .
960 2155 970 2174 .
996 2152 1006 2176 .
1032 2154 1041 2175 .
1067 2154 1077 2174 .
1101 2153 1254 2175 ......
1277 2123 1483 2191 eneporantt

120 2206 295 2279 scelerum3
318 2205 427 2288 ponit,
451 2228 532 2290 quae
556 2216 704 2287 poterant
726 2203 867 2267 evenire.

207 2303 318 2381 Cerito
342 2299 460 2362 auimo
482 2303 617 2382 sepadta
637 2299 673 2361 in
691 2298 859 2381 patriam]
884 2297 965 2378 eria
981 2296 1060 2362 dixit
1075 2300 1228 2382 sepulta,
1252 2297 1440 2381 insepultos

121 2412 261 2455 acervos
283 2413 419 2454 erorum.

208 2485 458 2567 Purprumtum]
482 2484 656 2567 Purpurati
673 2486 819 2550 dicuntur
834 2484 983 2548 satellites
1001 2485 1136 2549 maiores
1156 2483 1239 2548 circa
1258 2496 1438 2565 tyrannum,

123 2578 177 2662 qui
194 2591 265 2640 siant
281 2581 391 2642 eodem
408 2579 500 2655 loco,
525 2600 589 2662 quo
611 2581 754 2660 tyranni,
778 2582 817 2641 ad
840 2579 1011 2641 fallendum
1035 2581 1121 2642 forte
1144 2577 1265 2662 siquis
1289 2577 1442 2642 voluisset
1452 2594 1484 2644 25

124 2672 285 2736 occidere.

206 2767 259 2828 12.
283 2768 521 2848 Purpuratum
548 2787 621 2828 esse
647 2765 724 2826 huic
748 2763 945 2844 Gabinium]
982 2765 1021 2828 ld
1041 2777 1107 2841 est,
1131 2763 1313 2828 satellitem.

209 2859 345 2922 Misera
366 2871 467 2943 atque
490 2858 698 2940 miseranda]
744 2860 849 2920 Multa
871 2865 944 2918 sunt
970 2856 1103 2931 misera,
1128 2860 1185 2920 sed
1205 2878 1269 2919 nou
1292 2867 1365 2918 sunt
1386 2853 1444 2917 mi·

124 2954 270 3015 seranda.
316 2953 375 3026 Ut,
400 2951 427 3012 si
450 2963 638 3034 torqueatur·
659 2951 832 3025 homicida,
866 2947 1031 3014 miserest
1057 2951 1199 3035 quidem,
1232 2952 1371 3013 sednon
1395 2961 1443 3012 est

126 3042 341 3108 miserandus:
373 3045 524 3108 innocens
547 3046 574 3107 si
600 3055 805 3125 torqueatur,
829 3055 860 3106 et
886 3043 981 3105 miser
1003 3057 1051 3108 est
1074 3058 1105 3108 et
1127 3045 1336 3107 miserandus.
1453 3061 1486 3111 30

213 3138 263 3203 13.
286 3138 367 3202 Nisi
388 3160 468 3200 vero
490 3143 532 3201 L.
556 3137 699 3217 Caesae]
734 3139 869 3200 Flaccus
892 3137 1014 3201 occisus
1040 3152 1086 3201 cst
1108 3160 1177 3200 cum
1201 3137 1326 3210 liberis;
1350 3135 1443 3198 huius

126 3250 226 3312 nepos
248 3231 351 3293 luerat
372 3233 415 3293 L.
437 3230 572 3307 Cacsar,
599 3233 712 3312 [nepos
737 3231 857 3314 Flacci]
882 3232 970 3295 cuius
990 3253 1086 3295 soror
1110 3243 1206 3312 nupta
1228 3229 1334 3291 fuerat
1358 3231 1444 3293 Len·

128 3323 210 3386 tulo.
236 3324 278 3384 L.
297 3323 418 3386 Caesar
436 3324 532 3386 iratus
546 3326 575 3385 iu
597 3336 723 3398 scriatu,
738 3345 846 3400 „ecce,
865 3326 964 3400 dixit,
978 3325 1029 3406 qui
1048 3324 1127 3387 vivit
1143 3337 1174 3386 et
1189 3325 1283 3386 habet
1297 3345 1444 3388 sororem

127 3437 226 3478 meam
250 3416 280 3478 in
308 3417 521 3480 matrimonio.
567 3419 658 3480 Avus
688 3437 773 3479 meus
800 3417 885 3484 iussu
910 3419 1051 3484 consulis
1077 3417 1202 3483 occisus
1223 3428 1291 3491 est,
1323 3428 1356 3480 et
1383 3416 1444 3480 iste

127 3509 244 3573 vivit.''
287 3513 379 3573 Avus
408 3512 539 3574 Fulvius
565 3512 710 3574 Flaccus.
1455 3533 1487 3584 35

210 3605 352 3668 Sororis
374 3603 470 3686 suae]
509 3604 629 3669 Uxoris
654 3602 793 3668 Lentuli.

211 3700 324 3760 Aurem
345 3697 460 3776 suram]
496 3698 657 3760 Flaccum·

211 3793 316 3856 Iressu
336 3792 500 3872 consulis]
539 3789 670 3872 Opimii.

213 3886 383 3968 Legatum
406 3882 561 3965 missum]
585 3886 634 3948 De
658 3884 818 3949 Aventino
841 3885 871 3949 in
894 3884 1103 3968 Capitolium.

212 3979 429 4062 Largitionis
451 3976 623 4055 noluntas]
648 3979 789 4058 Propter
813 3981 900 4063 leges
922 3981 1076 4064 agrarias.
1457 4001 1488 4051 aa

215 4070 299 4154 Cap.
328 4073 410 4134 Vll.
443 4073 494 4133 tt.
531 4073 574 4134 Ut
603 4071 744 4135 habeam
770 4073 952 4156 praesidii]
990 4074 1128 4154 Antiqua
1160 4071 1295 4136 locutio.
1340 4074 1446 4139 Modo

129 4165 278 4240 dicimus,
312 4165 433 4240 timeo,
463 4186 504 4227 ne
527 4164 676 4236 moriam
709 4169 791 4245 apud
818 4167 964 4250 antiquos
985 4166 1032 4228 sic
1054 4166 1238 4249 legebatur,
1263 4167 1383 4242 timeo,
1407 4180 1446 4231 ut

203 4334 596 4411 2.1ι1ηε]ὓι.-1αηε6.
636 4348 662 4398 7.
682 4342 750 4395 dicit
763 4344 869 4410 oblique
882 4345 980 4396 illum?
1000 4344 1053 4398 Ot.
1094 4349 1137 4402 15.
1151 4351 1297 4400 malorum.
1318 4347 1445 4403 Gaouoe.

128 4426 175 4477 20.
196 4421 286 4484 ,Post
306 4439 330 4471 v.
351 4419 488 4469 invidiam
509 4437 549 4472 ιν.
569 4417 700 4469 nonnulla
721 4435 797 4472 erasa
817 4435 892 4474 suut.
911 4423 1061 4490 eneporan]
1083 4423 1111 4472 ln
1132 4427 1255 4491 margine
1276 4424 1447 4495 adscriptum

127 4513 189 4549 curn
210 4501 398 4567 superscripta
420 4499 471 4544 hac
496 4509 561 4546 nota
581 4499 765 4546 immanitate.
796 4496 938 4547 Fortasse:
959 4500 1135 4546 immanitate
1154 4503 1283 4566 superer-t
1301 4499 1445 4554 scelerum.

128 4570 255 4624 Gronov.
302 4575 346 4626 22.
367 4570 503 4639 sepedtum
519 4573 645 4638 patriam
665 4570 725 4620 Cic.
747 4568 799 4622 alti
818 4571 928 4638 sepaeelta
948 4576 1102 4641 lupatria.
1151 4576 1196 4627 27.
1216 4571 1332 4644 Egregie
1354 4574 1447 4628 rchot.

149 4645 241 4698 eseber
262 4643 324 4696 laute
344 4662 393 4718 pro
414 4643 483 4694 tum
504 4649 532 4695 ln
554 4660 649 4696 nostro
670 4645 814 4697 Cicerone.
842 4645 894 4699 Oa.
933 4649 978 4704 52.
995 4647 1072 4708 ,llaec
1091 4661 1290 4720 supervacanea
1310 4646 1449 4704 ridentur.

128 4664 184 4773 het
204 4725 232 4774 tn
254 4721 301 4775 tali
321 4725 458 4794 scriptore
478 4715 561 4792 quid,
580 4736 696 4792 quaeso,
717 4735 855 4794 praestare
874 4720 1040 4794 possumus?
1061 4719 1115 4774 Os.
