3210 5280
474 216 522 279 IN
547 216 654 283 Ac'r.
677 217 708 279 1.
731 217 779 280 IN
802 214 843 279 C.
867 215 1080 279 VERREM.
1366 211 1425 274 133

116 351 209 415 animi
232 365 325 435 atqne
346 354 503 432 sublimis;
525 378 593 419 nam
616 355 816 420 econtrario
839 360 934 421 lacer
959 354 1073 416 dicitur
1101 353 1266 434 amputatis
1286 371 1426 433 corpore

115 467 263 510 sensuum
288 449 453 522 meminis,
477 452 540 513 hoc
564 462 631 526 est,
655 450 782 512 auribus
799 450 951 512 oculisve.
997 449 1093 527 Quod
1115 450 1154 508 ad
1175 447 1308 509 animum
1332 465 1437 524 saepe·

116 541 326 617 transfertur,
351 555 384 606 ut
404 543 590 629 plerumque
614 544 732 608 afflicto
756 541 860 604 animo
886 541 1028 604 sensibus
1046 562 1119 603 >non
1150 553 1273 602 utamur
1296 538 1425 601 erectis.

116 632 170 693 Sic
184 635 306 698 alacer
326 635 440 698 dieitur
455 638 498 714 is,
521 639 570 701 cui
594 639 694 701 omisis
714 659 821 700 sensus
838 635 867 696 iu
892 635 967 697 loco
991 655 1050 696 suo
1074 633 1206 718 quisque
1228 636 1253 708 †
1278 637 1368 717 degat
1395 629 1427 692 ui

117 734 190 786 mint
216 735 248 788 et
275 726 384 791 intenti
405 741 438 792 ut
469 732 557 794 rirltu
582 731 697 794 iudicet
720 734 828 793 adesse
855 728 989 812 animum
1012 750 1074 790 nou
1101 726 1256 788 sincerum
1283 725 1452 787 sensibuss

118 817 195 879 suis.
241 820 311 897 Quia
333 844 368 884 re
396 822 523 907 cognita
550 825 624 888 illud
647 845 774 910 quoque
798 820 1004 903 intelligitur,
1044 821 1127 882 aliud
1157 839 1226 880 esse
1256 822 1426 893 alacrem,

95 909 202 971 ·aliud
223 914 364 981 laetam.
409 919 488 979 Sunt
503 919 556 1001 qui
572 921 723 983 alacrem
747 915 943 978 festinantem
965 926 995 975 et
1018 933 1190 995 properum
1213 909 1274 972 dici
1296 917 1420 989 putant,

119 1004 205 1084 quasi
228 1008 294 1070 alis
315 1029 439 1075 acrem.
1435 1007 1483 1061 [³⁰¹

200 1097 289 1163 Ecce
310 1104 438 1183 autem]
481 1103 652 1184 Proprium
681 1103 744 1165 hoc
769 1099 934 1165 Ciceronis
966 1109 1014 1161 est
1045 1099 1076 1161 in
1106 1100 1202 1161 rebus
1230 1092 1423 1178 improvisis.

119 1186 214 1269 Qtiod
236 1213 304 1252 cum
327 1215 401 1256 eura
424 1195 581 1279 Virgilius
604 1206 635 1258 et
655 1194 732 1275 legit
755 1207 785 1256 et
808 1193 983 1267 transtulit,
1007 1204 1060 1256 ut:
1437 1192 1468 1240 ¹⁰
1521 1208 1525 1220 ’

96 1289 101 1297 ’
352 1286 441 1352 Ecce
461 1299 575 1353 aulem
596 1289 723 1370 gemini
741 1307 763 1346 a
784 1285 927 1352 Tenedo.

204 1370 353 1437 Camillis
374 1377 622 1460 consularibus]
677 1377 757 1438 Sunt
782 1376 874 1437 etiam
904 1373 1039 1437 aedilitia
1066 1387 1098 1437 et
1126 1372 1286 1458 praetoria
1311 1384 1342 1436 et
1368 1372 1425 1435 tri·

120 1464 238 1526 bunitia
261 1467 399 1531 comitia.

202 1557 327 1623 Eadem
348 1562 413 1624 illa
433 1572 542 1627 vetera
563 1559 722 1642 consilia]
767 1559 1005 1642 Corrumpendi
1028 1558 1155 1622 indicii.

204 1654 264 1715 Per
283 1652 428 1732 eosdem]
482 1656 548 1718 Per
574 1675 668 1736 supra
692 1654 791 1716 dictos
816 1657 1033 1735 redemptores
1056 1655 1326 1736 condireioresque
1347 1651 1425 1713 laci·
1439 1661 1468 1707 ¹⁵

121 1744 208 1807 noris
229 1740 330 1805 istius.
1083 1769 1087 1777 ⁴

204 1839 250 1914 (§.
276 1837 342 1915 18.)
365 1841 398 1902 0.
412 1840 511 1902 Cario
523 1886 533 1918 ‚
547 1863 645 1925 quem
661 1840 740 1924 ego]
774 1838 892 1919 Quaeri
906 1839 1006 1913 solet,
1031 1861 1088 1900 cur
1102 1840 1164 1900 hoc
1182 1841 1220 1900 de
1235 1838 1424 1914 Hortensio,

120 1951 178 1992 cur
203 1932 241 1991 sle
265 1928 333 1991 aliis
356 1951 419 1992 nou
446 1930 539 1992 dieat.
584 1932 666 2009 Quia
690 1955 753 1996 nou
777 1932 922 1995 solebant
946 1931 1070 2012 precari
1093 1931 1214 1994 veniam
1240 1943 1365 1993 veteres
1389 1933 1426 1992 de

120 2045 229 2086 eorum
256 2024 497 2105 compellatione
522 2028 621 2102 nuda,
645 2048 725 2109 quos
746 2026 907 2109 negotium
930 2036 1088 2108 tangeret.
1133 2023 1305 2088 Curionem
1324 2035 1425 2085 autem

119 2128 240 2198 patrem
263 2117 348 2179 dicit.
715 2121 718 2126 “
1437 2125 1469 2172 tn

203 2209 289 2292 Tam
319 2220 433 2289 aperte
453 2212 640 2295 palamque
662 2210 812 2291 dixisset]
863 2206 980 2290 Aperte
1009 2211 1047 2271 ad
1077 2211 1176 2271 verba
1203 2209 1340 2290 pertinet
1362 2230 1424 2272 non

121 2303 275 2372 obseura,
306 2303 425 2383 palam
462 2303 499 2366 ad
534 2302 744 2383 praesentium
768 2302 994 2365 uuiltitudiuesn
1018 2314 1047 2366 et
1069 2301 1249 2385 qualitatem
1276 2303 1425 2384 lrequcn·

119 2393 159 2455 tis
180 2393 256 2456 luci.
1402 2446 1404 2451 .

203 2490 247 2563 (§.
273 2485 339 2563 19.)
359 2486 410 2549 Aa
428 2490 537 2566 ipsam
549 2485 724 2567 fornicem
744 2484 947 2564 Fabianam]
991 2485 1115 2549 Foruix
1149 2484 1308 2548 Fabianus
1334 2475 1426 2548 arens

122 2591 168 2640 est
188 2578 275 2640 irrata
296 2578 415 2662 regiani
440 2579 470 2639 in
496 2598 584 2639 sacra
607 2577 658 2638 via
682 2576 783 2640 Fabio
799 2599 931 2641 censore
953 2590 1173 2654 constructus,
1197 2577 1311 2661 quide
1334 2578 1469 2641 vietisti

214 2819 241 2869 1.
259 2812 349 2881 lacer]
377 2810 471 2862 alacer
490 2813 581 2864 Prion.
785 2811 856 2864 ibid.
877 2815 1003 2884 corpore]
1023 2831 1040 2864 a
1060 2831 1175 2883 corpore
1194 2814 1259 2870 not.
1281 2818 1360 2869 Cren.

213 2890 240 2941 2.
259 2886 354 2956 Qrmd]
384 2888 432 2939 Sic
451 2890 558 2956 scripsi.
578 2914 613 2926 -
631 2903 701 2956 areae
720 2889 812 2940 Ptine.
831 2883 949 2960 (comp.)
969 2887 1077 2942 Berald.
1093 2888 1154 2942 sid.
1170 2888 1236 2942 Lod.
1251 2890 1334 2963 Lugd.
1349 2891 1428 2945 Man.

121 2980 243 3034 -quae
262 2959 437 3031 significatio
458 2961 520 3011 lint.
540 2961 622 3012 Creo.

212 3043 238 3096 5.
258 3034 445 3105 transfertur]
466 3033 680 3103 transferuntur
698 3032 765 3087 Lod.
788 3031 873 3105 Lagd.
896 3035 973 3089 Man.

192 3109 264 3165 ibid.
284 3109 488 3178 triplarumque
507 3139 525 3150 -
545 3139 562 3150 -
581 3106 707 3180 sciamur]
740 3110 778 3161 iis
796 3114 868 3159 anim
883 3111 1042 3180 plateamque
1060 3143 1079 3155 -
1099 3143 1117 3155 -
1136 3117 1240 3163 utimur
1260 3113 1324 3168 Hos.
1346 3114 1427 3168 Creu.

211 3188 293 3243 11-6.
313 3189 359 3234 cui
376 3189 466 3312 aquiiis
483 3200 579 3232 sensus
599 3214 617 3225 -
636 3216 654 3226 -
674 3215 691 3227 -
710 3182 833 3234 sensibus
851 3188 920 3252 siris]
952 3188 1052 3238 Locum
1072 3193 1309 3258 corruptissimum
1330 3189 1428 3260 depin-

122 3263 206 3311 ximus
232 3277 265 3311 ex
291 3257 358 3310 edit.
408 3263 477 3310 rinc.
504 3272 589 3328 aqna
610 3277 666 3311 non
686 3260 841 3327 diserepsut
862 3265 915 3311 nisi
935 3276 1001 3312 voce
1020 3258 1142 3313 iudicent
1162 3262 1221 3315 uid.
1244 3261 1327 3334 Lngsl.
1346 3264 1425 3318 Man.
1448 3319 1451 3324 .
1528 3262 1530 3266 ’

120 3362 155 3375 -
175 3339 219 3384 cui
237 3339 327 3384 amnis
345 3349 441 3382 sensus
460 3337 489 3381 irs
509 3332 526 3383 i.
546 3351 569 3384 s.
589 3353 614 3402 q.
633 3333 721 3399 degit.
762 3333 802 3385 Vi
819 3343 884 3384 seint
903 3342 930 3385 et
949 3341 1000 3387 int.
1020 3344 1051 3386 ut
1069 3354 1098 3388 v.
1117 3336 1220 3388 iudicet
1240 3337 1286 3388 aii.
1306 3356 1352 3389 an.
1373 3357 1429 3390 noa
1483 3368 1486 3376 ·

120 3413 188 3460 siae.
207 3426 277 3460 sens.
296 3413 355 3458 suis
375 3406 480 3460 Bersld.
495 3411 587 3459 -cui
606 3413 810 3459 annuissemus
829 3413 858 3458 iu
877 3409 896 3463 l.
916 3426 938 3459 s.
958 3428 984 3480 q.
1004 3410 1101 3476 degit:
1121 3412 1208 3463 lacer
1225 3430 1310 3474 uara,
1330 3419 1376 3483 qui
1388 3419 1427 3465 sie

121 3491 161 3531 est
179 3475 314 3552 affectus,
335 3491 366 3532 ut
385 3500 415 3533 a.
433 3481 536 3531 indicet
555 3482 600 3532 ad.
620 3500 666 3535 an.
686 3500 741 3534 non
760 3498 840 3554 syna.
858 3501 930 3536 seua.
949 3489 1007 3534 ersis
1028 3483 1096 3538 Lod.
1113 3491 1202 3536 -cul
1220 3504 1314 3537 omues
1332 3505 1429 3537 sensus

120 3561 149 3606 irs
166 3556 226 3608 laea
244 3563 354 3626 queisque
372 3574 422 3607 suo
440 3561 537 3623 vegeti
554 3566 618 3607 reiut
637 3566 669 3607 et
687 3562 797 3612 intenti.
834 3556 916 3610 Laeti
932 3576 1002 3610 vero
1019 3564 1067 3631 qui
1083 3561 1163 3611 visltu
1181 3561 1307 3613 indicant
1332 3563 1428 3614 adesse

120 3636 239 3681 animum
257 3648 404 3703 synaeresin
423 3630 548 3681 sensibus
565 3637 623 3682 suis
642 3634 704 3686 iios.
724 3632 805 3686 Creu.

120 3780 141 3831 L
178 3709 293 3833 dol-lu·
314 3706 374 3758 Hoc
393 3705 518 3758 scholion
538 3711 660 3777 sequenti
689 3712 875 3780 postpositam
901 3723 941 3760 est
968 3712 996 3760 in
1026 3710 1116 3762 l’rine.
1141 3707 1249 3765 Bernlrl.
1276 3709 1333 3764 sid.
1360 3709 1427 3764 Lod.

142 3798 176 3852 ng
198 3818 205 3832 .
258 3797 302 3832 an.

193 3865 237 3910 tt).
258 3855 412 3921 Virgilius]
443 3858 508 3906 Aen.
529 3854 567 3907 ll.
588 3860 650 3914 203.
786 3858 830 3912 15.
851 3856 1116 3924 Persuadem10m.
1137 3855 1242 3911 Beralrl.
1262 3857 1331 3911 Lod.

194 3932 239 3984 18.
258 3931 331 3997 Quia
349 3947 405 3979 nan
424 3928 560 3997 solebant]
582 3930 628 3980 Sic
648 3931 757 4000 scripsi.
775 3958 813 3971 —
831 3936 878 4000 qui
895 3948 974 3981 nemo
992 3931 1118 3982 solebant
1139 3933 1229 3986 Ptine.
1243 3963 1276 3974 —
1291 3939 1338 4004 qui
1349 3952 1429 3986 nemo

120 4002 224 4055 solebat
245 4003 305 4056 uid.
326 4009 447 4072 —quia
465 4021 544 4053 nemo
563 4004 670 4054 solebat
687 4001 795 4057 Beralrl.
819 4005 886 4059 Lod.
908 4020 934 4056 et
953 4021 1027 4077 seqq.

193 4076 263 4132 lbid.
280 4081 400 4144 veteres]
433 4081 522 4130 Ptine,
543 4078 599 4131 Ald.
623 4079 707 4148 Lngd.
727 4079 805 4131 Man.
827 4110 857 4120 -
879 4079 955 4150 apisd
971 4088 1081 4130 veteres
1101 4083 1193 4132 reteri.
1222 4109 1257 4126 -
1286 4083 1428 4150 „Veniam

120 4155 238 4219 veteres]
260 4151 344 4222 Aprsd
360 4161 471 4203 veteres
490 4157 590 4205 rectius
611 4152 745 4224 legeretur
766 4170 792 4207 et
812 4154 963 4226 apertius.''
993 4155 1077 4206 tior.
1174 4165 1177 4183 ¹

194 4230 238 4283 19.
257 4226 292 4278 de
311 4230 416 4292 earnem]
447 4226 535 4301 Lugd.
554 4228 618 4280 Hor.
638 4229 715 4281 Man.
736 4228 817 4282 Creu.
845 4257 883 4271 ··-
908 4229 1036 4279 decorum
1057 4230 1147 4280 Prius.
1168 4226 1227 4282 ΔΜ.
1257 4258 1287 4269 -
1315 4228 1429 4280 deorsam

122 4301 228 4355 Berald.
247 4330 284 4342 -
302 4319 395 4351 eorum
417 4300 483 4354 toi.

193 4383 238 4432 21.
254 4375 414 4447 palamque]
436 4375 501 4430 Lnd.
523 4391 550 4428 et
570 4393 644 4448 seqq.
664 4377 811 4448 -palum
831 4378 924 4430 Ptine.
944 4374 1050 4430 Berald.
1071 4373 1133 4429 atd.

191 4455 236 4506 2¹1.
251 4451 361 4541 ¹Foruia
380 4451 530 4519 Fabianus]
564 4451 605 4504 De
626 4456 678 4504 hoa
698 4449 751 4506 sid.
771 4452 883 4524 Zumpt.
904 4451 937 4504 sd
957 4452 985 4504 h.
1005 4451 1024 4504 l.
1044 4467 1071 4504 es
1093 4449 1232 4524 Spalding.
1253 4450 1286 4503 sd
1307 4452 1426 4520 Quintil.

122 4526 166 4578 Vl·
184 4529 304 4654 52ὲῦιῖἑά
324 4598 419 4664 Fabio]
441 4602 533 4651 Princ.
554 4599 660 4652 Berald.
684 4600 743 4653 uid.
762 4629 799 4642 —
818 4605 867 4652 via
885 4619 904 4651 a
924 4599 1008 4652 Fusio
1030 4599 1098 4652 Lod.
1120 4616 1146 4653 et
1167 4619 1243 4673 seqq.

123 4671 437 4819 Lomll‘stidqeq‘qaieiis]
471 4675 518 4728 Sic
539 4679 645 4746 scripsi.
674 4703 711 4716 —
739 4674 857 4727 devictis
875 4676 967 4729 Prius.
986 4675 1094 4730 Bersld.
1115 4674 1177 4731 sid.
1209 4704 1242 4719 -
1272 4695 1291 4726 a
1310 4675 1431 4729 deuictis
