3210 5280
346 219 396 285 IN
418 219 525 286 ACT.
548 221 596 286 11.
617 220 667 288 IN
690 219 731 286 C.
753 220 956 286 VERREM
978 219 1070 284 LIB.
1093 218 1123 283 1.
1325 220 1385 284 15⁵

83 371 190 441 petua.
235 355 374 423 Crimina
404 364 645 441 repetundarum
678 371 708 423 et
737 358 795 422 alia
819 359 971 442 pleraque
1000 370 1072 420 ante
1104 370 1172 420 acta
1197 356 1261 420 rita
1290 379 1384 439 saepe

83 452 259 513 firmantur.
304 451 442 514 Sumitur
464 453 554 515 ctiam
568 452 640 515 hinc
660 446 752 535 saepe
767 450 922 515 delensio.
967 448 1076 514 Omnis
1091 450 1170 513 enim
1186 450 1385 514 confirmatio

83 548 123 608 ab
150 542 308 605 attributis
330 545 500 625 [personae
515 546 560 626 et]
582 544 712 630 negotio
727 544 806 608 sumi
826 545 920 606 solet.
964 545 1055 628 Ergo
1071 543 1217 607 attributa
1232 564 1386 625 personae

83 635 218 699 maxime
239 636 270 698 in
294 649 363 698 aute
385 649 453 700 acta
475 637 538 700 vita
560 638 669 723 quaeri
690 639 810 713 solent,
834 634 964 720 negotio
989 635 1021 698 in
1046 639 1117 718 ipso
1143 637 1284 700 crimine.
1327 635 1443 704 Li-mt

83 731 161 791 bros
183 728 279 812 igitur
308 751 368 810 pro
398 731 548 815 qualitate
576 730 737 795 criminum
760 728 881 793 'l'ullius
910 727 1051 790 dividens
1081 740 1152 791 ante
1184 728 1261 791 actis
1293 737 1410 791 unmns

84 821 187 895 eledit,
217 832 300 883 hunc
327 821 445 886 scilicet
468 825 587 898 solum,
621 821 742 886 crimini
764 822 825 905 ipsi
849 823 1092 903 repetundarum
1122 821 1206 885 1111.
1232 844 1324 885 unmn
1346 824 1386 884 dc

82 913 153 976 iure
175 914 326 990 dicendo,
360 916 491 978 alterum
514 918 551 978 sle
575 938 610 978 re
631 915 848 990 frumentaria,
879 913 1004 977 tertium
1033 915 1072 976 de
1092 913 1209 998 signis,
1240 925 1386 998 quartum

84 1006 122 1066 sle
148 1004 323 1086 suppliciis.
367 1007 419 1069 Ad
448 1009 528 1069 hanc
556 1007 636 1071 enim
666 1008 893 1073 similitudinem
916 1011 1011 1089 poe'ta
1032 1006 1189 1091 Virgilius
1211 1008 1383 1083 Minoem,

83 1088 215 1151 iudicem
238 1092 319 1170 apud
340 1089 479 1167 inferos,
507 1104 658 1174 tamquam
680 1093 707 1156 si
728 1103 858 1176 praetor
878 1091 917 1154 sit
939 1113 1042 1154 rerum
1064 1089 1262 1171 capitalium,
1285 1111 1387 1174 quae·

83 1183 225 1244 sitoreua
248 1185 403 1264 appellat;
435 1187 486 1247 dat
511 1184 553 1253 ibi
574 1184 794 1262 sortitionem,
825 1184 878 1247 ubi
909 1205 1033 1246 urnam
1054 1183 1211 1257 nominat3
1244 1185 1296 1245 dat
1325 1183 1429 1248 ele-tt

84 1275 220 1337 ctionem
243 1275 399 1351 iudicum,
422 1298 491 1339 cum
516 1276 608 1340 dicit:
630 1279 807 1341 consilium
828 1288 939 1349 vocot,·
961 1278 1012 1339 dat
1033 1275 1244 1360 cognitionem
1266 1275 1387 1339 facino·

82 1388 173 1440 rum,
196 1389 266 1429 cum
289 1368 382 1431 dicit:
412 1369 564 1453 suasque
584 1380 617 1432 et
634 1370 780 1433 crimino
800 1370 910 1433 discit.
954 1370 1046 1451 Ergo
1075 1370 1125 1431 hic
1154 1370 1250 1446 liber,
1275 1368 1387 1450 quide

87 1471 247 1521 anteacta
272 1460 335 1522 vita
361 1472 426 1539 cst,
458 1473 569 1524 statum
598 1484 725 1525 necesse
755 1474 802 1525 est
830 1461 1074 1527 coniecturalem
1104 1463 1230 1525 habeat.
1275 1461 1388 1542 Capita

86 1565 207 1626 autem,
231 1573 312 1634 quae
336 1553 404 1633 ipse
426 1553 551 1617 Tullius
570 1554 645 1617 fecit
667 1555 834 1619 diuidendo
853 1566 949 1618 totam
971 1557 1052 1617 hauc
1076 1553 1303 1637 accusationem
1318 1556 1343 1628 †
1358 1557 1388 1616 in

86 1643 262 1727 legatione,
289 1644 386 1708 ricem
403 1658 607 1727 quaesturae,
632 1650 727 1711 tertio
743 1648 774 1710 in
789 1660 935 1729 practura
951 1650 1082 1709 urbana.
1114 1642 1182 1709 na'm
1197 1670 1266 1709 cum
1282 1668 1388 1710 ornnes
1400 1660 1430 1707 15

86 1737 151 1800 eius
161 1750 247 1799 actus
259 1751 443 1822 quaesturae
455 1739 595 1815 nomine,
610 1739 793 1822 legationis,
807 1753 970 1822 praeturae
984 1742 1137 1816 urbanae,
1156 1751 1323 1822 praeturae
1337 1738 1388 1802 Si·

86 1829 238 1905 cilieusis‚
263 1852 343 1913 quae
366 1830 592 1913 quadripartita
614 1831 766 1895 librorum
789 1832 941 1894 diuisione
963 1845 1195 1916 cognoscatur:
1219 1843 1289 1894 ante
1319 1842 1388 1893 acta

87 1921 166 1984 enim
177 1921 280 1985 omnia
288 1925 349 1984 hoc
358 1923 440 1987 lilsro
447 1926 672 2004 comprehensa
684 1936 755 1987 sunt
766 1927 804 1986 acl
814 1945 921 1988 eorum
933 1925 1046 1998 iidem,
1061 1946 1140 2008 quae
1148 1936 1221 2007 post
1230 1926 1387 1986 dicuutur.

85 2015 256 2078 Prooemia
278 2036 352 2078 sanc
384 2017 474 2079 huius
503 2017 628 2080 libriin
656 2015 851 2080 simulatione
876 2016 1043 2079 constituta
1075 2027 1147 2078 suut
1176 2018 1268 2099 quasi
1293 2037 1388 2079 verae

89 2242 184 2293 ultimo
209 2239 271 2293 loco
297 2255 492 2295 accusatorem.
530 2238 598 2292 Vide
621 2238 743 2293 eiusdem
762 2245 968 2293 annotationem
996 2241 1029 2293 ad
1057 2243 1130 2293 lrnnc
1156 2239 1222 2295 libr.
1249 2244 1271 2296 l.
1290 2244 1324 2306 9,
1342 2243 1389 2300 26.

88 2314 139 2369 sed
159 2313 255 2367 falsam
275 2331 333 2369 esse
352 2315 423 2368 hanc
443 2318 599 2387 opinionem
626 2333 659 2368 ex
691 2314 762 2367 rnale
787 2314 926 2368 intellecto
949 2314 1012 2368 loco
1040 2314 1122 2367 modo
1143 2314 1254 2370 laudato
1280 2315 1388 2369 ductam

88 2390 218 2520 prpppgq
241 2388 282 2444 Μ.
309 2393 374 2444 Ant.
397 2392 532 2445 Ferrarius
555 2388 671 2464 Epistol.
698 2389 747 2445 lili.
773 2390 794 2444 l.
814 2392 841 2447 9.
867 2405 935 2463 quae
954 2406 995 2443 eas
1014 2388 1048 2444 de
1068 2388 1390 2465 comperendinatione.''

182 2601 209 2651 1.
228 2604 295 2648 ante
313 2603 380 2647 scta
397 2597 473 2662 vita]
494 2593 587 2649 Princ.
605 2590 668 2656 ,Ald-
688 2621 722 2636 -
742 2600 808 2646 anre
826 2602 907 2647 aerae
924 2599 1003 2647 sisae
1021 2590 1128 2648 Berald.
1148 2590 1214 2648 ted.
1226 2621 1264 2638 ι-
1275 2610 1312 2646 ear
1324 2600 1390 2646 oute

89 2677 155 2722 scta
172 2675 235 2722 vita
256 2670 341 2741 Lngd.
361 2671 425 2723 llot.
446 2671 522 2723 Man.
542 2670 623 2723 Cren.

183 2749 210 2799 2.
227 2742 301 2812 irinc]
324 2743 410 2816 Lugd.
432 2745 496 2797 tior.
519 2745 595 2798 Man.
616 2743 696 2798 (iren.
714 2770 753 2785 -
770 2740 814 2795 Isis
833 2746 1011 2815 antiquiores.

164 2817 236 2874 llud.
258 2824 331 2871 enim
349 2815 539 2889 confirmatio]
559 2823 631 2870 enim
649 2826 678 2868 et
696 2815 873 2884 confirmatio
893 2819 984 2872 Princ.

181 2895 209 2950 ὅ.
224 2910 362 2963 personas
379 2896 420 2960 es]
442 2908 497 2946 orn.
519 2896 610 2947 Princ.
629 2890 736 2945 Berald.
755 2890 816 2945 sid.
836 2891 901 2960 Lod.

182 2966 209 3023 li.
225 2970 364 3039 personas
381 2970 512 3034 maxime]
533 2966 601 3023 Lod.
619 2982 647 3021 et
667 2982 741 3039 seqq.
759 2995 796 3008 -
811 2984 948 3036 personas
967 2975 995 3019 et
1014 2971 1134 3019 maxime
1153 2970 1267 3039 priores.

165 3040 235 3095 lbut.
255 3044 381 3111 negotio]
408 3041 492 3112 Lugd.
512 3042 578 3097 ilos.
600 3049 677 3096 Man.
695 3070 731 3083 ··
750 3047 857 3109 negotii
877 3043 968 3095 Princ.
989 3041 1094 3094 Berslsl.
1116 3041 1176 3095 stt.
1195 3039 1263 3093 Lod.
1282 3069 1319 3083 —·
1337 3057 1391 3091 rre-

90 3120 200 3185 gotium
212 3120 291 3170 Creu.
303 3145 339 3159 -
352 3121 487 3184 ,negotio
500 3116 564 3169 llot.
578 3114 625 3169 sed
644 3115 743 3168 melius
757 3116 888 3188 Verlmrg.
908 3122 1066 3184 negotium:
1085 3115 1157 3187 qnod
1176 3119 1277 3187 recepit
1290 3115 1391 3171 Ottver.

91 3191 231 3260 flagitante
250 3196 395 3246 sententia.
416 3191 547 3247 osuat'.
584 3197 620 3246 Δι
645 3196 760 3260 negotio
783 3193 867 3242 etiarn
892 3205 955 3244 snte
979 3189 1070 3245 dasiro
1090 3206 1154 3244 casu
1172 3189 1277 3244 dictum
1297 3189 1391 3262 μησὶ·

183 3342 210 3396 6.
229 3337 311 3406 lune]
333 3338 395 3395 std.
413 3355 440 3392 st
460 3355 535 3410 seqq.
554 3367 590 3382 ·-
608 3356 680 3392 noue
698 3340 789 3393 Princ.
807 3337 914 3392 Bersld.

183 3418 209 3471 7.
229 3417 270 3481 re]
298 3411 359 3467 add.
380 3413 464 3486 Lngd.
483 3415 547 3468 llot.
568 3415 645 3467 Man.
665 3416 745 3467 Cren.

165 3490 417 3558 sarmationem]
438 3489 515 3541 llauc
533 3505 628 3540 rocem
647 3488 690 3540 bis
710 3487 838 3559 deinceps
858 3502 1005 3559 posuerunt
1025 3488 1117 3541 Ptine.
1139 3486 1244 3543 Beraltl.

165 3569 211 3618 11.
229 3565 372 3614 consilium
391 3565 485 3630 vocat]
506 3565 596 3617 Prius.
616 3561 723 3619 tteratd.
742 3590 779 3605 ·-
797 3564 990 3632 comitumque
1007 3569 1093 3615 vocat
1111 3560 1179 3617 Lod.
1198 3579 1225 3616 st
1245 3578 1318 3635 seqq.

167 3643 212 3694 12.
230 3637 311 3705 iiber]
340 3637 423 3688 iibere
442 3640 534 3691 Princ.

166 3710 210 3768 ili.
229 3713 312 3783 quas]
330 3714 474 3782 qrsattssor]
502 3709 586 3784 Lugd.
605 3710 682 3764 Man.

167 3789 211 3842 15.
231 3792 433 3838 armatiorem
456 3815 476 3829 -
493 3816 512 3829 -
530 3794 703 3856 -praetura
726 3783 844 3852 urbano]
878 3785 967 3840 Locus
993 3799 1136 3857 corruptus
1164 3788 1206 3837 aie
1232 3783 1333 3854 legitur
1362 3788 1392 3839 ln

93 3860 184 3914 Ptine.
208 3859 315 3913 Berald.
353 3861 384 3912 ln
398 3856 460 3914 tid.
480 3877 507 3914 st
528 3859 593 3916 ted.
612 3876 653 3912 eat
671 3863 731 3911 vice
751 3876 799 3930 pro
818 3866 916 3912 vicem.
936 3889 971 3904 -
988 3865 1190 3911 accusationem
1209 3862 1391 3922 <occasionem

93 3935 184 3997 Man.)
208 3940 238 3986 irs
262 3954 312 4000 ea,
341 3954 410 4004 qrsae
434 3940 570 3987 commisit
587 3935 694 3990 Verres
714 3938 806 4005 primo
830 3940 860 3986 irs
877 3942 1041 4006 quaestura,
1071 3932 1168 3984 deinde
1187 3938 1217 3983 irs
1234 3935 1393 4000 legatione,

93 4014 179 4060 tertio
197 4014 228 4060 irs
243 4017 379 4079 praetura
397 4009 518 4073 urbana,
534 4017 676 4078 postremo
694 4013 724 4059 irs
739 4017 875 4077 practura
893 4003 1028 4060 Siciliensi
1047 4007 1128 4079 Lugsl.
1149 4008 1226 4061 Man.
1246 4032 1282 4049 -
1310 4026 1393 4060 acess-

93 4089 244 4144 sationem,
263 4093 330 4135 sunt
347 4082 432 4136 haser
454 4088 574 4152 primum
592 4089 622 4134 irs
640 4091 831 4153 praescieram,
851 4084 948 4135 deiude
966 4084 1181 4151 integrationem
1199 4089 1228 4134 ei
1245 4088 1393 4151 vicepraes-

93 4164 216 4229 stmm,
234 4164 320 4210 tertio
338 4163 368 4209 irs
383 4166 546 4227 praeturam
559 4158 705 4215 uriarum.
727 4166 827 4229 qrrsrto
840 4164 870 4210 irs
878 4166 1042 4228 praeturam
1053 4158 1221 4209 Siciliensem
1233 4158 1298 4211 Hot.
1311 4158 1393 4212 Creo.

166 4230 238 4286 Ihid.
256 4251 321 4284 uam
340 4235 412 4302 cum]
444 4250 505 4284 essm
523 4241 615 4284 autem
633 4229 718 4304 Lugd.
738 4233 816 4287 Man.

167 4310 212 4363 17.
231 4307 353 4358 urbanae
371 4337 390 4350 -
408 4338 427 4351 -
446 4341 463 4351 -
480 4310 677 4376 cognoscatur]
698 4307 746 4360 Sic
766 4322 892 4378 corrupte
906 4309 995 4360 Princ.
1010 4304 1117 4358 Berald.
1132 4304 1207 4367 ted..
1221 4303 1292 4378 apud
1312 4322 1392 4375 quern

94 4393 182 4432 tannen
202 4396 243 4434 est
270 4390 486 4449 cognoscantur.
513 4410 550 4423 -
579 4382 700 4433 rrrbauoe
718 4382 917 4452 Siciliensisqus
935 4379 1060 4452 quadrip.
1087 4380 1149 4433 iibr.
1173 4380 1257 4433 divis.
1283 4398 1393 4449 coguo-

93 4462 208 4506 sranrm
226 4454 288 4508 sid.
308 4455 394 4526 Lugd.
414 4457 477 4510 ttor.
497 4455 574 4509 Man.
594 4457 675 4510 Cren.

168 4536 213 4588 18.
232 4532 315 4597 euim]
336 4531 427 4583 Princ.
447 4528 553 4584 Bersld.
575 4530 635 4584 sid.
655 4528 723 4585 Lod.
744 4558 775 4571 -
797 4535 855 4581 eius
874 4527 957 4599 Lngd.
978 4529 1042 4582 Hor.
1063 4529 1130 4582 Man
1159 4529 1240 4582 cren.

167 4601 240 4659 ibid.
260 4603 402 4672 dicuntur]
425 4607 515 4658 Princ.
535 4605 641 4658 Beralsl.
661 4604 721 4658 sid.
742 4604 810 4660 tot.
830 4632 865 4647 -
884 4604 1009 4656 diceretur
1030 4602 1114 4677 Lugd.
1135 4604 1199 4660 ssot.
1218 4603 1294 4658 Man.
1314 4606 1393 4660 Croti·

168 4681 213 4734 19.
232 4677 389 4747 Prooemia]
418 4677 580 4732 Prohoemia
600 4681 691 4733 Priuc.

168 4751 239 4810 lbid.
256 4757 287 4808 iu
306 4755 493 4829 simulatione]
517 4752 603 4827 Logd.
622 4755 689 4814 liet.
709 4754 788 4812 Man.
806 4755 888 4812 Cren.
902 4781 944 4805 0-
962 4756 1148 4806 insinuatione
1167 4757 1282 4829 priores.
