3210 5280
215 173 276 256 aa
642 144 1086 275 asenna-asconius

297 335 341 413 (i.
372 334 439 411 50.)
467 329 681 404 tilietdssirais
719 290 921 417 soniarius]
976 332 1061 396 Hinc
1099 339 1246 414 apparet,
1288 330 1380 395 etiam
1423 354 1518 414 supra

213 427 432 494 ALIENUM
455 429 543 492 alieni
564 428 669 494 iudicii
691 427 847 494 bominem
869 426 1058 510 significari,
1081 437 1111 488 et
1134 427 1203 487 ideo
1226 427 1264 486 de
1279 426 1405 499 alienis,
1430 426 1518 508 qttasi

214 520 351 597 exteris,
374 543 433 605 per
454 521 557 586 iocum
579 522 671 596 dicit,
695 534 848 603 tamquam
869 516 1144 604 peregrinantibus
1166 531 1197 580 et
1211 520 1356 594 advenis,
1380 519 1514 602 aliquem

213 612 352 696 bospitio
375 637 443 677 esse
465 614 674 696 recipiendum
699 611 853 678 Caecilio.

192 714 221 764 t.
299 706 407 785 Quasi
424 708 625 788 praeteriens
645 705 862 785 satisfaciam
885 703 1055 784 universis]
1095 702 1247 777 Sufficiet,
1271 701 1390 786 inquit,
1414 704 1515 766 omni-

216 797 294 872 bus,
338 799 424 881 quod
446 818 508 875 ego
533 796 619 858 velut
645 794 839 877 praeteriens
861 795 1002 857 breviter
1024 797 1134 859 dixero
1156 818 1217 877 pro
1239 797 1366 858 levitate
1387 818 1517 875 euruta,

214 887 328 973 quibus
350 891 597 970 respondendum
625 900 683 950 est.

298 981 345 1046 De
364 980 497 1063 populo
518 977 725 1059 subscriptor
745 974 905 1056 addatur]
950 979 1066 1043 Amare
1086 979 1294 1061 subscriptor
1314 981 1353 1045 de
1373 982 1518 1062 populo,

215 1072 305 1158 qttasi
327 1072 376 1135 isti
400 1074 431 1136 in
459 1070 556 1155 vulgo
583 1070 762 1132 numerandi
788 1070 866 1143 sint,
901 1082 932 1132 et
954 1071 1101 1133 addatur
1121 1072 1268 1150 proprie,
1304 1071 1392 1154 quasi
1417 1072 1517 1134 invito

174 1179 247 1232 stet
270 1168 429 1248 superit03
447 1163 629 1227 buiusmctii
651 1165 798 1224 enisurus
820 1163 956 1227 additae
981 1162 1137 1223 dicuntur.
1181 1163 1318 1244 Obliqne
1339 1175 1440 1224 atatem
1464 1163 1521 1226 ci-

217 1279 294 1322 cero
315 1279 482 1320 ruinavere
502 1267 633 1318 conatur
650 1253 821 1318 Caecilium
837 1252 928 1315 etiam
945 1275 961 1314 a
977 1253 1193 1316 subscribendi
1208 1275 1284 1335 spe,
1308 1259 1394 1338 qnod
1409 1268 1519 1336 postea

216 1350 270 1414 iiie
293 1359 485 1432 poposcerat
507 1349 711 1410 secttntlarnm
736 1367 856 1435 nutrius.
912 1346 972 1408 Sed
1000 1345 1283 1409 inhumanissimum
1304 1358 1373 1410 erat
1395 1350 1518 1422 dicere,

215 1462 255 1506 ue
281 1441 528 1523 subscriptorem
560 1439 682 1522 quidem
715 1437 859 1500 idoneum
889 1460 984 1519 posse
1014 1459 1084 1502 esse
1110 1439 1293 1504 Caecilium.
1349 1441 1456 1519 Quare
1486 1439 1515 1500 in

215 1552 332 1620 sumnia
353 1532 414 1595 sibi
437 1532 683 1612 subscriptorem
710 1523 915 1593 necessarium
942 1552 1004 1592 uon
1028 1552 1096 1593 esse
1122 1534 1146 1605 †
1172 1532 1246 1594 alibi
1272 1553 1346 1595 mox
1369 1531 1429 1592 ait:
1454 1530 1522 1596 Sed

175 1641 256 1689 seue
274 1623 502 1687 subscribendi
522 1621 672 1706 quidem,
693 1643 772 1685 cum
793 1621 830 1684 id
845 1625 1056 1702 postularet,
1068 1623 1231 1703 facerent
1249 1633 1458 1703 patestatem.

299 1714 362 1778 At
379 1714 575 1775 columnam
595 1711 782 1793 Maenium]
826 1714 989 1785 bleramus,
1021 1734 1090 1774 curn
1114 1717 1238 1775 donttun
1259 1735 1345 1775 suain
1370 1715 1520 1774 venderet

152 1820 158 1829 '
217 1804 332 1871 Catoni
360 1816 391 1866 et
419 1804 535 1866 Flacco
564 1805 768 1877 censoribus,
804 1815 838 1865 ut
865 1804 908 1867 ibi
936 1805 1063 1866 basilica
1085 1807 1315 1881 aedificaretur,
1349 1803 1519 1886 exceperat

215 1897 263 1960 ius
286 1896 344 1959 sibi
366 1895 456 1958 unius
475 1895 658 1969 columnae,
683 1917 881 1978 superquam
901 1910 1014 1959 toctttm
1029 1898 1199 1978 proiicerct
1219 1920 1259 1961 ex
1277 1898 1518 1978 prestolantibus

215 1989 382 2062 tabulatis.
406 1990 487 2051 ttutle
503 1987 570 2069 ipse
593 1999 624 2048 et
646 1987 764 2068 posteri
780 1988 844 2051 eius
859 2001 1004 2070 spectaro
1028 2012 1137 2053 munus
1153 1993 1359 2073 gladiatorum
1376 2002 1517 2071 possent,

174 2084 302 2165 20qttod
323 2081 412 2144 etiam
439 2093 501 2144 tum
524 2080 554 2141 in
579 2078 817 2143 inundabatur.
874 2084 926 2145 Ex
948 2081 1002 2145 iiic
1025 2083 1120 2165 igitur
1142 2084 1284 2146 columna
1309 2081 1433 2145 biacuia
1456 2101 1515 2144 vo·

216 2176 308 2237 citata
331 2184 398 2240 est:
422 2176 446 2248 †
468 2173 569 2236 causis
591 2173 743 2236 eiusmodi
764 2174 860 2237 soliti.

308 2350 335 2406 6.
354 2345 444 2418 usitat]
465 2345 510 2400 ste
529 2349 637 2416 scripsi.
677 2343 826 2417 Legebatur
844 2346 899 2402 vel.
988 2353 991 2363 ¹

309 2428 334 2480 7.
354 2417 569 2491 respondendum
589 2421 646 2490 est]
685 2420 731 2472 itit
759 2420 975 2473 annectebantur
1002 2419 1097 2484 verba,
1126 2436 1194 2489 quae
1213 2438 1263 2475 nos
1282 2425 1372 2494 aptius
1392 2425 1515 2492 sequenti

215 2495 321 2554 scholio
340 2500 519 2558 asseruimus,
539 2494 654 2564 Obliqus
672 2502 764 2549 autem
782 2527 798 2538 -
816 2524 834 2536 -
854 2525 872 2536 -
882 2492 1018 2564 facerent
1032 2504 1209 2566 potestatem.
1414 2510 1419 2518 ’

226 2610 228 2615 .
307 2575 335 2629 9.
354 2579 383 2622 et
402 2570 526 2621 addatur
540 2575 673 2639 proprie,
693 2573 781 2640 qriasi]
803 2567 885 2639 Lugd.
899 2569 963 2623 llot.
978 2571 1052 2622 Man,
1068 2573 1148 2623 (iren.
1168 2597 1206 2611 ·—
1224 2577 1252 2620 et
1271 2568 1394 2619 addatur
1403 2574 1516 2640 proprie

215 2651 294 2717 qreast
312 2650 361 2705 isti
379 2650 408 2697 irs
426 2645 513 2714 vitige
532 2643 694 2693 atemerartdi
712 2649 777 2697 sint.
797 2652 826 2694 et
844 2643 966 2694 addatur
984 2643 1018 2693 de
1034 2645 1134 2715 populo
1153 2650 1232 2713 qttast'
1252 2646 1340 2697 Ptine.
1359 2672 1394 2685 -
1414 2653 1443 2695 et
1461 2644 1517 2694 ad-

215 2723 301 2778 datur
317 2724 430 2790 proprie
448 2718 481 2769 de
496 2716 597 2788 populo
615 2722 694 2787 qttusi
713 2715 816 2771 iterata.
839 2717 894 2771 tid,
916 2716 982 2769 Lod.
1013 2745 1042 2762 η
1070 2727 1097 2768 et
1116 2717 1239 2769 addatur
1254 2723 1368 2790 proprie
1386 2717 1420 2769 de
1439 2723 1518 2788 quasi

215 2796 314 2852 Graan.
333 2800 379 2865 qui
400 2798 480 2846 uiuite
500 2792 616 2844 breviter
635 2797 792 2845 etincterit:
817 2793 903 2860 „Mb
921 2791 953 2842 dr
970 2793 1099 2860 popula.”

291 2877 334 2932 10.
354 2867 485 2938 strperba:
513 2864 667 2917 lutittsmodt'
692 2872 763 2917 euim
788 2870 845 2937 res]
876 2865 921 2918 Sic
948 2870 1054 2937 scripsi.
1076 2895 1113 2908 -
1131 2867 1246 2936 superbo
1270 2863 1344 2934 quod
1361 2862 1516 2916 istiusmodi

215 2950 287 3002 enlm
307 2961 353 2994 res
371 2943 460 3004 Princ.
478 2939 535 2994 biti.
556 2971 588 2982 -
606 2941 736 3010 superbo,
755 2940 827 3011 quat
844 2941 997 2991 huiusmodi
1014 2945 1141 2992 rtiutiruru
1160 2958 1205 2991 res
1224 2943 1322 2994 Grati.
1341 2957 1356 2991 e
1375 2939 1436 2993 eod.
1456 2957 1514 2993 suo.

215 3043 252 3065 ·-
269 3018 385 3091 superbo
409 3014 483 3088 parad
499 3013 653 3066 iutiusmceit'
671 3032 715 3065 res
734 3019 826 3067 ceteri.
848 3044 879 3056 -
901 3015 1010 3084 „Quasi
1027 3021 1117 3066 inuito
1136 3024 1164 3066 et
1181 3015 1309 3086 superbo]
1328 3013 1442 3083 Malim,
1467 3019 1514 3065 iu-

214 3098 277 3151 vita
296 3101 324 3144 et
344 3092 497 3161 superfluo,
518 3089 623 3142 duobus
644 3088 807 3142 adverbiis.”
828 3089 911 3143 HOT.

291 3172 335 3227 15.
355 3185 389 3217 ue
407 3166 621 3236 subscriptorem
640 3164 758 3242 quidem]
779 3182 838 3233 ,ue
858 3163 934 3216 abest
953 3178 970 3214 a
990 3162 1070 3217 bist·
1091 3161 1224 3232 eistat.

293 3247 335 3301 si,
354 3243 472 3306 sttrrmta]
492 3256 596 3300 srtmtuc
615 3239 692 3293 Man.
1289 3259 1293 3275 =

290 3313 360 3368 ibid.
380 3331 438 3367 esse
457 3314 525 3365 attbt
543 3330 608 3364 maa:
626 3316 681 3380 ait]
703 3312 749 3364 Sic
768 3327 893 3382 corrupte
913 3310 1006 3366 Ptine.
1026 3303 1131 3362 tt‘eratd.
1153 3308 1213 3364 bid.
1233 3304 1299 3361 Lod.
1312 3325 1420 3360 -esse
1439 3307 1515 3369 dleit.

214 3389 284 3447 aiibi
301 3407 367 3441 mua
386 3394 428 3441 ait
449 3386 531 3460 lugd,
552 3388 628 3446 Man,
648 3414 685 3427 -
704 3405 762 3436 esse
780 3387 859 3438 dicit.
878 3383 945 3436 aiibi
964 3383 1028 3456 (111,
1042 3392 1128 3449 orat.)
1147 3389 1190 3434 ait
1211 3387 1273 3437 iios.
1292 3383 1373 3438 Creu.
1412 3383 1518 3453 „Strat-

214 3464 278 3523 iiter
298 3461 487 3535 corrigendam
510 3465 600 3534 putavi
622 3476 651 3514 ut
671 3475 766 3532 supra:
795 3477 879 3533 quma
899 3464 928 3511 ia
947 3475 1035 3511 vetere
1055 3465 1188 3530 scriptum
1208 3474 1294 3522 esset,
1313 3476 1395 3511 moe:
1425 3457 1517 3510 itatiu-

216 3544 344 3601 oiusnte„
365 3553 448 3610 puto,
466 3538 595 3598 librario,
615 3554 697 3605 qutun
720 3541 748 3587 in
768 3540 888 3603 margine
908 3538 1066 3604 repetisset:
1085 3533 1137 3586 lli.
1156 3550 1198 3586 or.
1216 3533 1287 3586 Nam
1306 3551 1339 3585 ex
1359 3524 1440 3587 tertis
1452 3533 1517 3584 Ver·

216 3618 276 3671 tias
297 3615 370 3681 [Act.
392 3613 426 3664 tt.
447 3611 496 3664 lib.
521 3616 539 3663 t.
560 3628 619 3680 cap,
639 3613 665 3667 6.
684 3612 708 3676 i·
730 3612 785 3675 ts]
807 3624 847 3662 est
868 3610 913 3661 htc
932 3607 1035 3660 locus.''
1057 3607 1142 3660 ΗΟΤ.

291 3691 334 3746 15.
353 3686 548 3753 srtbscrt'lrertdt]
578 3683 662 3756 Lugd.
678 3685 748 3738 ¹Hos.
767 3684 845 3745 Mau,
867 3686 945 3736 Cren.
966 3710 1002 3729 -ι-
1019 3682 1235 3752 sttbscrt'ptoruur
1254 3683 1433 3751 antiquiores.

292 3760 361 3814 ibid.
380 3759 421 3826 td]
443 3777 498 3814 om.
520 3763 595 3819 bien,

288 3833 359 3892 lbid.
377 3833 520 3904 facereret]
542 3831 626 3904 Lugii.
647 3834 724 3886 Man.
743 3833 840 3887 Graer.
860 3848 936 3901 seqq.
954 3858 991 3874 -
1002 3826 1133 3899 facerem
1152 3834 1236 3884 ceteri
1250 3844 1313 3882 curn
1327 3828 1438 3883 Graevii
1453 3826 1515 3881 MS.

289 3913 408 3968 16-21·
427 3909 556 3964 Scholion
577 3909 645 3974 boo,
674 3905 747 3980 quod
773 3922 835 3979 poss
861 3922 977 3978 sequens
1002 3905 1158 3977 tegebatur,
1186 3904 1319 3969 saciaco
1347 3907 1517 3956 restituimus

201 4000 279 4045 cum
299 3985 428 4039 Gracile.

291 4062 335 4118 ¹6·
353 4057 507 4119 Maculam,
544 4057 687 4123 Maeuius]
720 4053 854 4123 Meam-
872 4053 1008 4105 Meuium.
1045 4051 1158 4104 Meritus
1176 4056 1271 4107 ceteri.
1309 4051 1355 4104 Sic
1381 4065 1409 4105 et
1434 4047 1516 4104 taire.

291 4140 335 4193 18.
352 4140 501 4208 exceperat
517 4137 562 4184 lits
579 4131 631 4182 sibl
649 4134 728 4180 tutius
747 4129 899 4196 eoiuruaae]
927 4127 1053 4196 „Plinius
1067 4126 1100 4179 H.
1115 4127 1148 4180 N.
1163 4127 1289 4182 XXXIV.
1303 4129 1330 4182 5.
1350 4131 1388 4178 sit
1403 4124 1435 4178 C.
1451 4125 1516 4178 Me-

215 4210 292 4262 ntnm
318 4209 499 4279 triumphasse
525 4210 559 4261 de
578 4205 731 4262 Antiatibus
751 4203 864 4274 sitisque
884 4206 979 4276 priscis
999 4203 1120 4264 Latinis,
1153 4216 1180 4253 et
1199 4215 1229 4253 ee
1250 4217 1278 4252 re
1300 4200 1338 4251 itit
1360 4199 1517 4253 colamnam

215 4281 308 4335 datam
332 4290 401 4341 esst,
434 4280 569 4336 ΡΟΡΜΔ.
615 4281 689 4333 Haec
717 4275 768 4331 init
794 4293 1001 4330 taonemeotum
1030 4278 1179 4338 victoriae,
1214 4289 1244 4328 ut
1273 4274 1318 4326 iila
1348 4277 1380 4328 c.
1410 4273 1517 4326 nutius.

215 4356 340 4411 Fortasse
360 4354 414 4409 duo
435 4356 537 4409 Macati
548 4396 556 4422 ,
574 4356 695 4425 duaeque
713 4354 856 4406 colutnnae
876 4349 1021 4403 admodum
1043 4351 1163 4403 diversae
1182 4346 1319 4402 inerant?
1346 4348 1480 4404 Garat.

290 4431 361 4485 lbra
379 4434 538 4500 proliceret]
555 4436 695 4501 proiceret
715 4429 807 4481 Ptine.
826 4426 931 4480 Berald.
1024 4473 1029 4483 ,

289 4505 359 4560 ibid.
379 4503 428 4576 ea]
455 4503 521 4557 Lod.
542 4506 604 4558 ilos.
624 4506 705 4558 Creo.
725 4530 762 4544 -
779 4509 808 4552 et
829 4502 919 4555 Ptine.
939 4495 1046 4553 Betslti.
1069 4495 1128 4552 did.
1148 4526 1185 4540 -
1203 4513 1259 4551 om.
1278 4495 1364 4569 Lagd.
1385 4500 1461 4552 Men.

290 4584 334 4638 19.
353 4579 425 4631 stade
445 4609 464 4621 -
482 4608 501 4621 -
516 4579 641 4651 possent]
671 4577 736 4627 iude
754 4607 772 4618 -
792 4605 809 4617 -
825 4582 936 4643 posstat
957 4578 1046 4628 Ptine.

289 4661 332 4710 21.
352 4657 444 4705 casteis
459 4653 592 4705 eittsmodt'
609 4653 696 4718 saliti]
718 4652 804 4702 Locus
825 4666 916 4722 aperte
937 4663 1096 4718 corruptus,
1114 4649 1159 4717 qui
1181 4663 1266 4714 neque
1286 4649 1389 4698 omisso
1403 4663 1427 4698 r.
1441 4645 1518 4695 soliti

214 4727 333 4793 (Batti.
353 4727 420 4781 Lod.
442 4727 540 4798 Lugd.)
560 4746 645 4798 neque
664 4725 779 4797 legendo
800 4727 889 4775 salitis
908 4725 1014 4786 (Creu.)
1034 4728 1121 4774 sanari
1144 4737 1240 4790 potest.
1264 4730 1268 4736 '
1288 4720 1328 4811 Ν,
1353 4723 1381 4772 iti
1407 4718 1517 4788 quidem
