3210 5280
208 201 270 264 tot
643 200 1080 269 Psnuno-nscoulus

202 343 296 414 duint,
321 344 405 422 quod
425 364 486 408 non
501 340 573 405 inde
595 341 755 424 coeperit,
779 364 848 405 cum
868 340 1033 424 superiora
1053 336 1179 401 crimina
1204 357 1266 399 oon
1291 345 1405 417 egeant
1423 335 1507 397 clus·

201 434 286 495 enodi
311 445 464 510 tractatu,
490 436 543 519 qui
566 439 604 497 ad
624 435 782 517 sequentia
803 435 960 516 pertinet,
984 444 1015 496 et
1040 432 1176 496 oratoris
1198 429 1331 492 consilio
1354 429 1507 512 anteguis

199 525 371 608 iisdemque
391 529 575 591 clarioribus
590 531 768 590 sumendum
785 540 867 592 essct
881 525 1058 591 exordium.
1102 526 1215 606 ltaque
1237 534 1310 603 post
1331 522 1393 585 boc
1416 525 1440 596 †
1466 524 1504 584 (lc

158 691 160 697 A
200 618 344 682 nieroslio
370 619 527 702 expressis
558 621 733 684 honoribus
762 624 801 683 ab
829 620 950 696 invitis,
981 620 1019 681 de
1048 618 1197 698 Epicrate
1232 614 1367 688 Bidiuo,
1402 617 1505 698 deque

175 712 296 772 erebus
316 713 521 794 capitalibus,
544 716 581 776 (le
605 716 763 798 Sopatro,
787 716 825 777 dc
847 713 997 786 Sthenio,
1021 714 1059 774 ie
1077 711 1146 773 iure
1167 709 1315 771 dicundo.
1360 708 1506 770 Alterum

142 806 241 867 [tilde
266 807 480 882 senatoribus,
503 809 542 869 ‹le
564 808 796 884 sacerdotibus,
821 809 860 871 de
884 806 1069 877 censoribus
1094 803 1198 886 pretio
1222 824 1239 864 a
1266 803 1372 865 Verre
1393 799 1505 877 lactis,

203 899 241 958 de
267 899 434 963 collatione
461 901 492 962 iu
517 910 650 975 statuas,
681 903 719 963 de
740 899 979 981 publicanorum
1004 919 1071 960 crim
1102 899 1208 961 Verre
1234 892 1449 958 convenientia
1475 895 1506 955 in

198 988 310 1065 inistis,
334 994 371 1054 de
393 993 507 1056 tabulis
529 992 703 1076 Carpinatii
725 992 873 1073 pecunias
895 985 1008 1056 Verris
1032 988 1295 1053 extraordinarias
1316 987 1505 1050 contineuti-

198 1084 270 1145 bus.
315 1087 420 1148 Gcnus
445 1108 557 1149 causac
579 1085 610 1149 in
639 1085 784 1150 omnibus
806 1085 1012 1150 verrinarum
1040 1081 1127 1147 libris
1149 1080 1342 1145 admirabile.
1396 1082 1504 1144 Status

158 1181 189 1230 ¹⁰
199 1175 417 1262 principaliter·
443 1181 635 1247 coniectura.

588 1412 1115 1545 aunuuurlo

280 1726 325 1802 (§.
351 1727 396 1805 1.)
417 1724 467 1788 Ea
490 1749 541 1793 mc
564 1727 697 1792 adhoc
721 1731 896 1811 negotium
915 1727 1092 1809 provincia
1117 1723 1274 1803 attraxit]
1318 1727 1392 1787 Hoc
1422 1746 1500 1787 vcro

196 1815 266 1898 plus
284 1828 330 1880 est
348 1839 438 1899 quam
458 1820 544 1899 quod
560 1817 589 1880 iu
605 1819 810 1883 Divinatione
831 1817 927 1881 dixit:
950 1818 1097 1896 Suscepi
1109 1835 1250 1879 eausam
1269 1818 1500 1898 reipublicae.

280 1913 324 1986 (i.
348 1913 395 1990 2.)
424 1917 577 1996 Princeps
607 1913 744 1992 Sicilia]
802 1915 884 1975 'sum
914 1931 984 1972 cum
1015 1908 1164 1969 Messana
1201 1909 1310 1971 civitas
1346 1909 1500 1972 seditione

155 1998 294 2064 tidivisa
317 2004 463 2066 arixilimn
487 2018 595 2068 eontra
618 2009 790 2070 Hieronem
816 2026 874 2088 per
896 2004 1019 2088 legatos
1041 2023 1058 2063 a
1080 2002 1201 2082 populo
1225 2004 1370 2068 Romano
1389 2003 1498 2085 petiit:

196 2097 281 2177 quod
303 2095 422 2160 initium
444 2097 504 2161 istit
524 2099 710 2163 discordiae.

277 2190 462 2273 Nunquam
487 2203 604 2273 postea
632 2190 820 2274 deficerent]
863 2191 1026 2273 Apparet,
1063 2187 1135 2272 quia
1164 2199 1240 2270 post
1268 2189 1435 2254 societates
1468 2200 1499 2251 et

117 2350 120 2357 Ι
194 2277 357 2343 amicitiam
380 2280 531 2343 firmatam
554 2283 630 2344 nibil
656 2286 717 2346 tale
740 2284 972 2348 commiserant.

276 2373 316 2435 ln
338 2375 493 2435 amicitia
512 2384 673 2455 perpetuo
697 2377 881 2458 manerent]
925 2378 1013 2457 Qrsae
1035 2394 1189 2457 utinquam
1212 2376 1404 2438 deiecerant.

151 2486 184 2536 κο
277 2469 321 2541 (§.
344 2464 391 2542 3.)
412 2465 526 2545 Signis
554 2468 839 2549 nionumentisque
864 2468 1112 2549 pulcherrimis]
1155 2468 1364 2550 Praeparatio
1390 2472 1430 2532 ad
1459 2468 1497 2532 li·

194 2559 284 2620 brom
308 2559 346 2619 de
368 2555 481 2639 siguis.
1465 2576 1468 2581 ·

276 2651 320 2730 (§.
344 2651 391 2726 l.)
412 2652 560 2733 Denique
590 2651 649 2714 illc
678 2652 747 2730 ipse
776 2649 828 2713 M.
857 2651 1062 2732 Marcellus]
1105 2654 1187 2732 Hic,
1224 2654 1396 2738 imperator
1426 2677 1495 2718 cum

193 2755 292 2818 essct,
324 2741 399 2803 vicit
420 2741 564 2825 cepitque
587 2740 757 2820 Syracusas
780 2753 811 2803 ct
832 2743 923 2806 victis
944 2747 1099 2826 pepercit.

286 2894 312 2942 1.
330 2881 405 2950 inde]
432 2882 506 2932 tutte
525 2884 617 2935 Prisc.

164 3000 192 3031 ,Ι
283 2966 311 3015 2.
330 2959 373 3026 et]
404 2975 460 3008 om.
480 2958 571 3010 Prioc.
590 2953 696 3008 Berald.
715 2954 778 3009 aid.
798 2955 866 3011 Lod.

283 3038 311 3094 5.
329 3031 476 3102 iisdemque
501 3033 583 3098 clar.]
611 3027 670 3083 sid.
692 3045 719 3083 et
742 3047 815 3103 seqq.
834 3059 871 3075 -
890 3032 987 3089 iisdem
1005 3036 1074 3091 clar.
1094 3037 1184 3091 Princ.
1205 3035 1311 3092 Berald.

283 3111 311 3165 ii.
329 3106 380 3158 leae
398 3106 431 3157 de
453 3106 577 3157 merodio
598 3108 688 3174 capu]
719 3104 765 3158 Sic
784 3123 913 3180 corrupte
935 3112 1026 3166 Prine.
1044 3110 1153 3165 Berald.
1172 3110 1230 3170 ΔΜ.
1250 3111 1317 3165 Lod.
1338 3139 1375 3153 -
1393 3110 1445 3164 hac
1462 3088 1495 3163 eie

190 3184 337 3249 Heraclio,
363 3181 395 3233 de
422 3198 500 3251 capr.
527 3178 610 3253 bugd.
635 3180 712 3236 Man.
741 3209 777 3223 -
806 3180 856 3233 lroc
879 3182 934 3234 deso
958 3191 1102 3239 eriminum
1129 3205 1235 3256 genero
1257 3192 1434 3258 persequitur
1458 3187 1498 3238 ad

190 3267 360 3322 extremum,
377 3261 498 3327 primum
514 3255 547 3306 ds
569 3256 714 3324 Heraclio,
734 3254 766 3307 de
786 3275 866 3327 expr.
889 3259 954 3315 llos.
973 3264 1054 3316 cren.

190 3324 192 3329 ¹
264 3331 334 3386 lbid.
354 3330 500 3402 Epicrate]
526 3328 587 3384 ΑΜ.
607 3345 634 3383 et
653 3348 727 3402 seqq.
745 3360 783 3372 -
801 3338 920 3401 epicrote
940 3337 1031 3390 Princ.
1052 3334 1161 3395 Bersld,

260 3405 332 3462 lbid.
352 3405 463 3474 Bidtuo}
483 3405 632 3457 Ernestius.
655 3434 684 3445 -
706 3405 811 3457 Btcieno
830 3411 923 3462 ceteri.
1060 3474 1062 3479 Ι

282 3485 310 3538 5.
328 3480 508 3550 capitalibus,
527 3479 572 3546 de]
593 3480 773 3548 capitalibus,
794 3481 839 3531 ubi
856 3481 890 3533 de
911 3485 974 3538 llos.
993 3486 1075 3540 Creo.

262 3555 337 3615 thid.
358 3556 494 3626 Sopatro]
525 3556 616 3612 Prlnc.
636 3554 744 3609 Berald.
764 3554 824 3610 ald.
844 3553 912 3610 Lod.
932 3589 969 3602 -
986 3561 1104 3632 Sopatro
1123 3564 1217 3614 ceteri.

263 3631 334 3685 lbid.
354 3630 388 3682 de
406 3629 539 3695 Sthenio,
557 3629 601 3697 de]
630 3629 694 3682 Lod.
714 3657 752 3672 -
770 3629 918 3685 destinenio
940 3635 974 3685 de
994 3637 1085 3690 Ptine.
1106 3664 1142 3676 —
1162 3635 1313 3689 Cesticenio
1333 3634 1367 3686 de
1386 3631 1493 3687 uenit.

189 3732 226 3748 ·-
244 3705 278 3759 de
296 3708 403 3771 Araia,
421 3705 454 3756 de
474 3703 534 3758 ald.
553 3731 591 3746 -
610 3703 643 3755 de
658 3703 788 3771 Sthenio,
806 3724 873 3775 quiae
892 3714 986 3761 omnia
999 3728 1088 3778 geniis
1099 3728 1182 3761 asurim
1201 3714 1345 3762 eriminum
1357 3704 1494 3780 afficiunt,

188 3782 263 3854 quod
279 3791 323 3834 est
340 3782 374 3833 de
394 3779 479 3851 Lugtl.
500 3781 578 3833 Mea.
598 3809 632 3823 ·-
652 3779 686 3830 de
704 3778 833 3843 Sthenio,
860 3801 930 3847 quae
949 3792 1042 3837 omnia
1060 3793 1125 3837 ssent
1142 3786 1176 3837 de
1195 3786 1259 3838 Hos.
1279 3785 1359 3837 Creo.

261 3865 306 3914 ii.
327 3855 564 3923 ENAutttrto]
590 3855 754 3907 INITIUM
769 3855 1040 3912 EXPOSITIONIS
1058 3865 1137 3915 Creo.
1160 3890 1190 3901 -
1212 3877 1269 3916 om.
1288 3863 1382 3913 ceteri.

262 3936 405 3999 12.·oero]
427 3933 493 3986 Lod.
512 3947 539 3983 et
558 3948 633 4002 seqq.
653 3959 687 3972 -
706 3930 791 3981 verbo
811 3936 926 4004 priores.

261 4011 306 4066 13.
326 4012 368 4057 rei
383 4008 521 4076 publicae]
551 4005 600 4061 tto.
620 4004 668 4056 Po.
688 4003 749 4058 ΔΜ.

263 4085 309 4138 15.
324 4101 376 4151 per
394 4083 520 4151 legatos]
542 4080 701 4137 Honores.
721 4110 760 4125 -
773 4101 824 4150 per
838 4085 909 4136 aiios
923 4090 1036 4156 priores.
1074 4083 1152 4154 „Per
1170 4084 1294 4153 legatos]
1315 4085 1354 4136 Ex
1368 4081 1493 4155 Polybio.

187 4156 287 4220 Vetus,
305 4175 357 4227 per
378 4159 458 4211 alios.
478 4156 606 4210 similiter
627 4169 716 4206 autem
740 4161 824 4210 etiam
851 4160 931 4230 paulo
955 4159 1025 4212 inira
1047 4159 1153 4213 locutus
1175 4176 1224 4212 est.
1251 4159 1337 4212 llOT.
1376 4161 1440 4212 llos.
1461 4177 1493 4212 ex

186 4230 302 4304 Polybio
323 4248 397 4285 reete
410 4233 465 4285 boc
482 4231 645 4284 emendavit.
683 4230 806 4325 tortasse
828 4234 896 4286 baec
919 4235 989 4287 MSo
1009 4238 1117 4289 Graevii
1132 4232 1493 4287 confirmatoremendatio:

185 4306 893 4454 nequibitliuplieiiilltlitigiidllllbierbloupgririiii-
909 4390 981 4454 petit
1001 4387 1179 4456 antiquiores.

260 4464 304 4514 18.
327 4461 468 4528 Apparet,
487 4463 551 4526 quia
569 4466 634 4525 post
652 4458 800 4508 societates
819 4467 847 4510 et
862 4462 957 4530 aneia]
979 4459 1043 4513 Lod.
1063 4475 1090 4512 et
1110 4476 1185 4531 seqq.
1207 4489 1237 4500 -
1260 4459 1405 4529 Apparent
1428 4463 1494 4530 quia

183 4533 334 4581 societates
351 4542 380 4583 et
396 4534 461 4602 post
480 4537 559 4585 amic.
574 4537 685 4602 priores.

260 4608 304 4661 ifl-
320 4610 464 4676 perpetuo]
490 4617 625 4676 perpetua
644 4606 730 4681 Lugd.
750 4608 815 4661 llot.
834 4611 913 4661 Creu.

260 4677 330 4732 lbid.
350 4681 527 4752 defecerant]
557 4683 621 4735 llot.
642 4688 721 4736 Creo.
745 4713 775 4724 -
797 4682 940 4751 ‹iefcerat
961 4689 1075 4757 priores.

213 4775 216 4782 ·
259 4760 304 4815 25.
323 4756 458 4830 cepitque]
477 4762 616 4828 caepitque
636 4759 729 4813 Prisc.
748 4758 857 4814 Berald.
877 4758 937 4815 ΔΜ.
971 4761 1018 4816 stc
1038 4757 1120 4814 inies.
