3210 5280
442 199 492 266 stt
514 199 657 268 ottae.
680 199 730 266 ttt
752 197 1008 266 VATINIUM.
1224 205 1228 214 '
1320 202 1383 269 828

148 342 238 407 Hace
266 340 350 407 lacta
378 351 469 420 sunt,
503 363 600 428 qurum
629 361 704 407 reus
725 349 810 406 esset
830 341 870 405 de
891 338 924 404 vi
945 341 989 406 Ρ.
1011 337 1180 419 Vatinius,
1214 353 1382 408 accusante

64 434 107 503 C.
132 436 274 501 Licinio.
318 437 400 500 Nam
423 457 519 520 quum
542 445 675 519 praetor
697 432 739 499 C.
764 432 938 498 Memmius
959 433 1174 519 quaesitorem
1196 436 1312 503 sortito
1333 437 1383 501 fa·

62 550 137 594 cere
167 530 281 605 vellet,
319 540 352 592 et
380 527 529 593 Vatinius
560 527 764 612 postularet,
795 539 830 591 ut
858 526 926 611 ipse
959 539 1127 593 accusator
1155 551 1231 594 snus
1259 542 1384 596 martinas

62 623 251 688 relectiones
274 625 314 687 de
336 624 570 709 quaesitoribus
588 622 751 698 iaceret¹3
773 620 884 704 (ipsius
900 619 1013 686 etenim
1029 622 1151 686 Vatinii
1172 623 1263 710 lege,
1288 646 1383 711 quam

64 718 180 781 tulerat
218 716 250 780 in
278 716 460 795 tribunatu,
505 739 570 783 non
600 717 678 782 satis
707 729 817 801 aperte
849 738 952 802 neque
985 715 1152 781 distincte²
1187 721 1408 802 apparebam

64 821 168 874 utrum
196 820 285 873 sorte
312 809 475 896 quaesitor
503 822 587 875 esset
616 811 820 895 deligendus,
858 831 896 874 an
925 831 1004 874 vero
1034 823 1140 874 mutua
1162 809 1244 875 inter
1265 815 1384 878 adver·

63 904 168 968 sarios
188 903 331 968 iacienda
361 904 526 985 reiectio;)
558 905 732 988 conspirati
754 903 879 989 quidam
900 925 964 988 pro
985 903 1058 988 ipso
1080 904 1212 971 Vatinio
1234 906 1382 985 immissi,
1434 938 1436 943 v

62 997 203 1059 tribunal
223 1000 493 1075 conscenderunt,
518 1010 550 1062 et
562 1011 685 1073 sortes,
702 1018 783 1081 quae
798 997 881 1060 intra
904 1018 1012 1061 urnam
1035 998 1296 1076 continebantur,
1320 999 1384 1064 dis·

63 1111 200 1174 pergere
221 1091 364 1175 adgressi
384 1103 473 1166 sunt3
495 1104 589 1175 atque
609 1090 651 1154 ita
673 1092 819 1154 effectum
842 1102 890 1154 est
911 1091 1052 1176 gratiose
1072 1113 1131 1175 per
1152 1093 1194 1158 P.
1213 1091 1383 1172 Clodium,

66 1185 124 1266 [Ρ.
148 1183 212 1267 18.]
237 1196 270 1249 ut
293 1184 397 1250 omnia
417 1187 587 1249 secundum
610 1185 805 1249 volumtatem
827 1206 914 1250 suam
936 1183 1085 1252 Vatinius
1106 1186 1279 1252 obtineret.
1395 1193 1428 1243 ¹⁰

141 1303 179 1384 tl.
207 1309 353 1384 Iudices
384 1311 653 1409 quaestionum.

151 1429 291 1492 Eosdem
314 1439 347 1492 et
368 1426 568 1511 quaesitores
593 1425 834 1503 nominabant³,
867 1426 1070 1510 praepositos
1096 1426 1218 1492 scilicet
1248 1438 1281 1494 et
1309 1428 1387 1513 ipsis

64 1519 243 1598 iudicibus,
266 1543 401 1607 quorum
430 1533 537 1585 certus
562 1543 712 1585 numerus
736 1523 776 1585 de
801 1541 894 1586 cansa
920 1520 1127 1605 pronuntiare
1152 1524 1301 1587 debebat.

143 1644 226 1720 XV.
255 1638 291 1720 1.
338 1646 387 1720 Ut
410 1646 523 1746 legati
556 1669 602 1720 ex
635 1648 714 1720 eius
740 1647 884 1720 ordinis
911 1649 1132 1721 auctoritate
1158 1646 1385 1748 legarentur.

152 1795 191 1807 -
215 1765 276 1808 -4
305 1765 405 1829 Nullo
432 1763 503 1827 iure
526 1763 688 1827 Vatinium
715 1761 790 1827 dicit
815 1762 846 1826 in
871 1763 1061 1848 legationem
1075 1785 1157 1829 esse
1181 1764 1429 1849 proiectum,ss

68 1880 164 1943 quum
189 1858 292 1922 soleat
312 1859 376 1922 hoc
390 1879 408 1921 a
423 1869 534 1922 senatu
554 1857 640 1940 peti,
664 1869 697 1919 ut
718 1855 878 1940 praesides
901 1857 1137 1939 provinciarum
1156 1857 1283 1942 possint
1302 1881 1386 1945 quos

68 1953 167 2016 velint
188 1953 305 2018 amicos
326 1974 404 2017 suos
425 1953 545 2016 habere
567 1952 708 2034 legatos.
751 1951 847 2013 Hunc
861 1948 960 2035 igitur
981 1971 1100 2014 summa
1126 1950 1307 2034 inpudentia
1322 1973 1387 2017 non

67 2048 288 2111 auctoritatem
301 2057 429 2110 senatus
444 2057 661 2129 exspectasse,
685 2047 743 2109 sed
756 2046 893 2128 quodam
916 2042 986 2108 iure
1007 2042 1136 2129 privato
1154 2056 1272 2116 tantam
1288 2046 1395 2111 licen·'

66 2138 141 2202 tiam
163 2140 222 2204 sibi
244 2139 486 2224 depoposcisse.

144 2258 181 2338 2.
224 2263 272 2338 Ut
305 2289 381 2339 non
414 2264 564 2338 nuntios
598 2264 702 2363 pacis
735 2289 779 2338 no
804 2263 913 2362 belli,
951 2288 1026 2339 nou
1053 2262 1273 2362 oratores⁵,
1310 2281 1430 2342 nocto

65 2374 329 2474 interpretes⁶.

153 2495 244 2557 Haec
270 2504 301 2557 et
322 2491 446 2575 reliqua
467 2512 569 2576 usque
597 2495 636 2556 sd
661 2491 754 2556 tinem
777 2492 1025 2577 copiosissimam
1048 2495 1166 2558 habent
1186 2493 1248 2543 -i
1281 2493 1388 2561 rarie⁸

68 2586 230 2670 descripto
245 2585 417 2671 legationis
435 2585 557 2662 officio,
581 2598 615 2650 ut
636 2587 699 2651 hoc
718 2587 798 2651 idern
822 2608 932 2651 mutnus
944 2587 977 2651 in
993 2586 1139 2655 omnibns
1155 2607 1388 2674 recognoscas.

144 2705 182 2786 3.
209 2711 306 2786 Post
330 2712 426 2786 idem
453 2709 543 2784 fecit
568 2712 607 2783 in
634 2712 777 2785 dnobus
803 2713 983 2814 prodigiis
1016 2711 1180 2786 Clodius.

152 2829 191 2893 In
214 2828 398 2893 consulibus
424 2827 543 2893 Pisone
565 2837 598 2892 et
622 2828 760 2893 Gabinio
780 2829 911 2895 scilicet.
935 2829 996 2877 —9
1017 2830 1057 2895 ln
1082 2827 1229 2893 invidiam
1252 2829 1295 2894 P.
1317 2828 1430 2893 Va·t⁵

69 2922 138 2988 tinii
159 2922 344 2999 confertur,
369 2922 577 3026 quasiobuius
600 2922 787 2987 temeritatis
811 2923 878 3007 ipse
900 2921 1020 2989 Clodio
1041 2923 1164 2987 dederit
1192 2922 1386 3006 exemplum.

144 3042 182 3123 ll.
209 3047 402 3123 Neminem
429 3048 567 3121 tribum
594 3044 762 3148 Sergiam
788 3048 1009 3146 perdidisse.
1068 3132 1073 3140 ,

154 3164 210 3250 [Ρ.
235 3166 304 3247 ll.]
327 3166 419 3228 Haec
439 3164 519 3227 euim
546 3166 713 3229 constabat
736 3185 777 3228 ex
804 3164 947 3228 Salbinis
970 3177 1002 3229 et
1024 3162 1144 3228 Marsis
1172 3174 1205 3230 et
1225 3163 1387 3252 Pelignis,

71 3281 152 3344 quae
177 3257 364 3344 suffragium
387 3269 488 3322 tamen
515 3279 577 3339 pro
604 3257 737 3324 Vatinio
763 3257 873 3323 tribuli
898 3280 957 3323 suo
979 3279 1044 3323 non
1066 3257 1151 3328 tulit.
1195 3256 1239 3322 Et
1261 3259 1324 3322 lroc
1345 3257 1389 3322 ait

71 3352 197 3418 Tullius
217 3373 280 3434 pro
295 3351 484 3436 gravissimo
499 3351 616 3416 iudicio
641 3353 837 3428 habendum,
860 3361 896 3416 ut
911 3353 951 3416 ab
966 3350 1004 3416 iis
1019 3350 1214 3435 potissimum
1228 3351 1387 3436 repulsam
1398 3367 1431 3420 to

71 3446 242 3523 meruerit,
276 3467 412 3532 qnorum
441 3446 627 3529 praevalere
652 3445 808 3532 suffragio
834 3446 1012 3526 debuisset,
1043 3447 1103 3511 nisi
1129 3447 1212 3512 iuste
1244 3445 1390 3511 omnibns

72 3539 275 3640 displiceret.⁸

142 3789 167 3838 l.
186 3789 247 3839 Cod.
266 3791 440 3851 quaestoribus
450 3788 581 3851 secarent.
626 3790 652 3838 2.
672 3792 733 3838 Cod.
752 3796 855 3851 cpsrtcs
875 3815 904 3827 -
923 3791 1071 3840 distinctos.
1117 3789 1142 3840 3.
1162 3792 1223 3839 Cod.
1242 3798 1389 3854 pensatores

210 3863 381 3906 meminerant.
428 3859 454 3906 4.
474 3862 615 3907 Versiculos
638 3862 684 3908 Gr.
709 3878 763 3909 enm
786 3863 884 3909 dimidio
901 3876 999 3913 vassas.
1048 3861 1073 3910 5.
1093 3863 1157 3908 Male
1175 3864 1230 3909 cdd.
1249 3869 1390 3913 curatores.

212 3927 237 3977 6.
263 3931 323 3975 Cod.
348 3931 525 3989 interpreatur.
573 3929 598 3978 l.
618 3932 705 3991 supple
724 3932 864 3979 voeabulaln
883 3933 929 3980 Gr.
976 3931 1002 3980 d.
1021 3934 1082 3981 Cod.
1102 3934 1198 3978 serina.
1247 3929 1273 3980 9.
1299 3934 1390 3991 &epple

209 4000 352 4046 rotabulum
369 4001 414 4047 Gr.

147 4149 192 4207 15.
213 4148 319 4201 Auctor
339 4145 372 4200 sd
393 4148 493 4202 lieren.
512 4149 558 4203 lV.
578 4150 626 4208 55.
652 4162 683 4202 nt
704 4152 757 4202 lam
778 4147 934 4204 observarit
953 4149 1089 4204 Pltlscns:
1122 4155 1299 4202 neersstorts
1322 4145 1391 4222 offl-

71 4223 144 4275 et‘uns
163 4230 207 4274 sat
225 4222 336 4294 inferre
354 4228 491 4283 erimina,-
521 4222 682 4295 dqlcnsors's
700 4224 805 4277 Asuero
824 4235 854 4276 et
869 4225 1055 4297 propulsare,-
1086 4230 1169 4278 tastis
1187 4225 1294 4291 dtesre,
1323 4243 1393 4296 quae

71 4300 169 4349 scierit
193 4306 244 4350 aru
268 4297 412 4360 cudlerr'tp
443 4304 611 4370 quaesitoris
635 4308 677 4351 eat
702 4317 785 4351 sanaem
813 4319 943 4371 quemque
961 4298 1058 4352 borram
1077 4305 1108 4353 tn
1127 4295 1222 4372 officio
1240 4306 1392 4358 eontlnsrs.

71 4374 432 4502 pstqrnqntqlquaesttorts
459 4378 654 4428 anctoritatem
681 4378 711 4428 tn
737 4379 813 4448 lpsos
832 4373 937 4430 tndtces
957 4381 1152 4449 cognoscimus
1173 4382 1255 4431 ettam
1275 4395 1308 4431 ex
1327 4378 1390 4433 Cle.

84 4465 101 4500 n
147 4462 210 4501 roro
292 4486 300 4502 .

150 4528 194 4580 1⁷.
215 4521 349 4577 Notemns
370 4524 441 4576 banc
460 4523 699 4579 eonsecrndtnem.
740 4523 829 4578 bllrns
849 4543 914 4598 ergo
934 4523 987 4581 intr
1006 4527 1104 4580 l'urlns
1123 4526 1217 4593 Pllos,
1234 4531 1281 4600 qul
1301 4544 1392 4584 secem

73 4603 102 4651 ln
123 4601 294 4671 provinciam
315 4603 445 4652 lnlmicos
465 4617 529 4654 snos
550 4605 630 4654 iusslt
650 4600 755 4672 legatos
777 4603 825 4655 ire.
838 4602 899 4658 Val.
912 4605 989 4660 Mar.
1008 4604 1059 4659 ΙΙΙ.
1080 4609 1106 4665 7.
1127 4605 1155 4662 5.
1172 4619 1201 4659 et
1214 4606 1271 4662 Dlo
1282 4605 1393 4662 cassim

72 4672 172 4747 lrsgm.
196 4670 287 4729 Vales.
307 4674 449 4730 mxxv,

146 4754 192 4809 52.
214 4751 285 4823 Lege
303 4749 425 4805 similem
443 4751 536 4807 locum
557 4767 608 4828 pre
628 4749 725 4806 Plane.
745 4751 823 4809 Vlll.
842 4759 869 4812 t.
