3210 5280
492 219 542 285 tu
565 219 707 286 ottus.
730 220 825 286 Ptto
846 219 1048 287 FLACCO.
1363 222 1426 288 233

117 357 175 438 [P.
193 357 283 441 2le
304 358 446 434 Verum,
462 358 550 443 qsaod
564 359 616 423 bic
629 359 728 444 magis
742 350 1046 424 animadvertendum
1061 369 1176 448 lpum,
1193 360 1426 426 consideremus

117 451 254 515 omnium
277 454 390 516 horum
413 452 548 534 capitum
572 452 723 516 transitus
747 452 908 518 oratorie¹
928 455 1050 518 iactos:
1075 453 1116 517 ita
1141 453 1222 518 enim
1243 454 1302 518 sibi
1328 478 1425 520 eone·

117 547 283 622 ctuntur²,
307 557 342 608 ut
365 548 480 630 gradus
501 547 658 610 honorum
683 568 753 609 cum
776 549 907 630 quadam
931 546 1149 612 testificatione
1171 548 1318 632 cognitae
1333 549 1425 612 simul

117 649 149 701 et
179 642 331 722 probatae
356 639 545 724 integritatis
571 639 715 704 extollat.
759 636 928 730 Praemisit
956 638 1093 724 quippe,
1123 636 1155 701 in
1182 639 1279 703 Asia³
1308 638 1425 704 millam

117 729 228 795 Flacci
248 730 346 795 luisse
371 732 546 796 luxuriam:
577 732 647 795 dein
669 731 812 816 sequenti
837 732 940 814 capite
962 754 1025 805 ,ex
1046 733 1127 808 hoc,
1161 730 1280 816 inquit,
1303 733 1450 797 ·aetatis⁵

118 826 220 909 gradu
242 845 277 888 se
299 827 339 887 ad
360 825 531 889 exereitum
554 824 596 890 C.
619 825 726 889 Flacci
753 824 856 907 patrui
879 822 1061 889 contulit'’:
1092 837 1124 890 et
1152 825 1256 889 statim
1285 827 1422 892 subicit:

197 941 256 1023 lh
284 949 473 1023 Tribunus
506 951 676 1024 militaris
719 974 801 1023 cum
836 949 882 1024 P.
920 948 1080 1027 Servilio
1124 952 1341 1052 gravissimo
1387 961 1424 1026 et

120 1062 354 1134 sanctissimo
381 1064 460 1136 cive
485 1063 687 1158 profectus.

205 1178 362 1242 Laudatio
384 1178 465 1241 enim
491 1181 533 1243 L.
556 1178 681 1243 Servilii
703 1201 847 1265 magnum
862 1177 1071 1243 testimonium
1093 1179 1211 1242 Flacco
1226 1181 1265 1241 ad
1280 1178 1423 1243 indicium

120 1268 206 1333 vitae
229 1271 420 1334 honestioris
449 1271 597 1354 adquirit.
652 1273 734 1337 Post
758 1274 837 1336 haec
862 1272 953 1337 etiarn
978 1294 1075 1359 quum
1104 1284 1187 1336 essct
1214 1275 1467 1356 quaestssrae⁴¹⁰

120 1363 309 1428 mentionem
330 1365 491 1440 facturus,
515 1365 557 1428 ita
580 1365 731 1429 subiecits

200 1479 259 1561 15.
287 1487 450 1589 Quorum
477 1489 710 1588 amplissimis
736 1490 881 1564 iudiciis
907 1452 1094 1588 ornatus,
1111 1501 1287 1590 quaestor
1306 1491 1425 1567 iactus

123 1609 193 1674 est.

207 1717 337 1782 Οιιιιιῐε6
357 1717 529 1802 haeccrgo
546 1718 736 1784 enumeratio
752 1719 1007 1804 magistratuum,
1024 1741 1104 1804 quos
1120 1720 1233 1805 gessit,
1254 1719 1295 1783 ita
1311 1723 1426 1802 pendet

123 1831 164 1873 ex
186 1831 241 1883 se,
272 1821 307 1872 ut
336 1810 402 1874 laus
425 1813 677 1895 praecedentium
703 1812 879 1905 consecutis
907 1813 1081 1876 honoribus
1108 1815 1278 1898 sssliragata
1303 1815 1361 1888 sit;
1395 1826 1425 1876 et
1438 1829 1468 1876 1⁵

122 1902 153 1968 in
168 1905 257 1968 nssllo
268 1905 364 1968 leserit
379 1905 479 1990 gratia
495 1906 624 1971 fortuita
634 1904 754 1992 ,quum
769 1906 812 1979 iu,
822 1907 966 1969 omnibus
981 1927 1111 1968 censura
1127 1905 1228 1968 meriti
1245 1908 1424 1970 haberetur.

202 2019 262 2101 16.
290 2028 339 2101 M.
367 2029 525 2126 Pisone,
552 2031 614 2130 qui
635 2055 837 2132 cognomen
856 2029 1095 2130 frugalitatis,
1122 2031 1193 2104 nisi
1211 2033 1426 2129 accepisset,

123 2143 203 2239 ipse
229 2143 446 2238 peperisset.

208 2257 388 2342 Vigilanter
411 2279 517 2321 omnes
543 2259 623 2334 hos,
654 2255 707 2344 qui
729 2259 847 2324 Flacco
876 2255 908 2322 in
933 2256 1041 2341 primis
1073 2256 1303 2342 snagistrathsus
1335 2279 1428 2338 prae·

123 2353 269 2427 tnenmt,
304 2352 458 2414 laudativa
481 2347 612 2444 mipep⁶
634 2363 743 2416 orator
768 2363 920 2427 exornat,
948 2363 999 2426 ut,
1029 2354 1114 2437 quod
1136 2351 1232 2414 vlris²
1263 2361 1325 2413 tam
1347 2351 1470 2414 tntu-su

127 2445 183 2530 [P.
213 2445 302 2526 lib]
332 2445 466 2508 stribus⁸
496 2444 628 2529 placuit,
658 2446 843 2528 exploratae
868 2444 1104 2512 innnocentiae
1134 2443 1340 2507 testimonium
1373 2444 1427 2508 sit.

126 2532 249 2601 Verum
278 2541 364 2620 quod
392 2539 431 2600 ad
453 2539 600 2602 Pisonem
631 2537 824 2620 pertinent,
858 2536 985 2618 plurimi
1009 2537 1132 2621 quidem
1155 2557 1196 2600 ex
1221 2536 1283 2600 hac
1312 2537 1429 2602 lamilia

128 2644 372 2714 cognomentum
394 2631 585 2715 frugalitatis
606 2633 803 2695 babuerunt:
831 2630 988 2694 sedenim
1014 2631 1132 2714 primus
1160 2630 1223 2693 hoc
1250 2630 1362 2694 meruit
1383 2634 1427 2694 L.

126 2725 227 2800 Piso,
262 2725 317 2809 qui
341 2726 444 2810 legem
472 2728 511 2790 de
539 2723 678 2808 pecuniis
714 2723 895 2807 repetundis
925 2723 1015 2795 tulit.
1049 2735 1080 2788 et
1115 2722 1174 2788 luit
1204 2721 1245 2788 C.
1280 2725 1428 2788 Graccho

129 2815 270 2898 capitalis
299 2817 456 2895 inimicus,
493 2817 525 2881 in
555 2839 645 2902 quem
678 2816 774 2899 ipsius
808 2817 849 2884 C.
877 2819 1017 2883 Gracchi
1042 2829 1131 2884 extat
1162 2817 1266 2882 oratio
1296 2817 1426 2883 maledi·
1440 2822 1472 2874 2⁵

129 2922 253 2975 ctorurn
276 2912 376 2997 magis
395 2913 487 2997 plena
510 2933 601 2998 quam
623 2909 798 2975 criminum.

205 3027 266 3109 17.
294 3005 394 3109 Idem
421 3021 554 3111 novum
581 3034 715 3109 bellum
742 3039 906 3134 suscepit
931 3046 1039 3136 atque
1066 3036 1235 3111 confecit.

193 3146 256 3231 Ὀ.
282 3153 433 3217 Metellus
443 3155 485 3229 ⁸⁰,
519 3155 713 3217 detrectante
745 3151 868 3237 collega
899 3174 958 3217 suo
995 3154 1038 3234 Q.
1074 3152 1268 3227 Hortensio,
1302 3150 1431 3215 admini-

129 3244 311 3308 strationem
345 3245 529 3328 provinciae
552 3245 667 3312 Cretae
688 3244 756 3327 ipse
777 3245 933 3330 suscepit,
970 3259 1002 3310 et
1029 3246 1143 3310 ibidem
1176 3246 1324 3312 coniecto
1347 3245 1431 3308 bello
1449 3276 1463 3296 2

130 3351 374 3423 cognomentum
397 3363 437 3404 ex
459 3340 594 3417 virtute,
618 3353 653 3405 ut
671 3340 937 3424 supradiximus,
962 3339 1081 3406 Cretici
1102 3340 1226 3404 meruit.
1270 3338 1431 3422 Coeperat
1442 3348 1475 3398 to

200 3592 225 3637 l.
245 3592 306 3637 cod.
324 3593 459 3638 erutos-les.
496 3592 521 3642 2.
540 3595 576 3639 lta
594 3595 648 3643 cod.
667 3597 736 3641 unica
752 3609 785 3650 n,
804 3600 830 3640 nt
847 3595 870 3640 in
883 3594 936 3640 aliis
957 3594 1024 3640 codd.
1039 3595 1148 3649 conitor,
1168 3607 1289 3639 conexus.
1326 3591 1351 3639 3.
1370 3594 1432 3639 Cod.

268 3661 364 3707 Asiam.
402 3660 427 3709 l.
447 3663 506 3709 Cod.
526 3671 669 3724 praestum.
706 3661 731 3710 5.
750 3665 811 3710 Cod.
830 3665 906 3709 omni.
943 3660 967 3709 6.
986 3664 1088 3708 Tantum
1106 3664 1175 3720 spatii
1187 3669 1224 3708 est
1236 3664 1258 3707 in
1278 3666 1373 3717 codice,
1393 3663 1433 3708 rbi

274 3732 423 3778 Graecam
439 3734 497 3789 {sit;
516 3733 597 3778 acribo
608 3739 686 3779 antem
704 3735 754 3790 sir,
772 3735 827 3793 qnia
844 3747 914 3791 snpra
925 3734 1010 3778 dicitnr
1022 3733 1151 3778 tussdetiaa
1167 3733 1297 3778 sententia.
1335 3730 1359 3778 l.
1372 3733 1434 3777 Cod.

271 3802 347 3846 s'urs'a.
392 3800 418 3847 8.
445 3801 620 3863 ainlnstrs'laus]
645 3803 743 3848 Delator
769 3818 783 3848 a
808 3804 832 3849 in
856 3804 951 3860 codice,
979 3815 1023 3863 ego
1044 3807 1121 3848 hanan
1147 3803 1303 3847 archaismasn
1331 3804 1434 3847 retineo.

271 3870 357 3925 (Error
373 3872 410 3917 bic
428 3879 465 3918 est
482 3872 606 3928 scriptoris
622 3872 730 3928 librarii,
749 3886 796 3919 non
814 3873 970 3919 archaismus.
989 3870 1050 3930 Oa.)
1086 3871 1109 3919 9.
1129 3872 1164 3917 lta
1176 3873 1229 3917 eod.
1249 3871 1288 3932 (ot
1299 3872 1361 3917 intra
1373 3873 1433 3928 Gap.

272 3941 316 3986 vt.
336 3939 361 3987 3.
389 3942 447 3996 οι.)
484 3940 525 3990 10.
544 3941 605 3987 Cod.
623 3940 734 3989 Metello.

228 4079 256 4137 6.
276 4079 318 4132 lta
336 4081 397 4133 cod.
425 4080 483 4151 Ego
508 4097 571 4132 sero
590 4079 780 4134 extulsnabam
799 4078 944 4134 dlcandorn
963 4096 1022 4134 esss
1037 4084 1148 4149 patria,
1174 4083 1216 4134 ml
1235 4078 1335 4153 legitur
1353 4083 1383 4132 ln
1401 4095 1436 4132 eo

136 4169 216 4222 quem
236 4157 305 4208 char
324 4153 489 4211 Scholiasta
507 4155 578 4210 loco.
616 4155 664 4209 Vel
684 4159 745 4212 bele
764 4159 848 4228 tgtun
866 4155 908 4210 acl
927 4155 966 4209 un
986 4152 1117 4209 mutanda
1135 4153 1242 4209 atdemr
1259 4155 1353 4209 lectio.
1373 4155 1438 4207 Fris

136 4242 228 4282 snum
253 4229 284 4283 C.
308 4228 419 4284 Flaccus
446 4247 518 4284 anno
536 4229 612 4285 urbis
629 4231 885 4299 netxtscomt,
911 4247 989 4306 pater
1012 4230 1121 4285 sctltcet
1146 4245 1194 4285 ans
1219 4245 1331 4304 patrum
1355 4230 1437 4284 botua

135 4301 169 4357 1..
188 4303 293 4358 l‘laccl.
315 4322 364 4376 pro
384 4308 555 4376 quo'Clcsro
574 4321 646 4362 erat.

211 4383 257 4435 13.
276 4380 459 4448 Quaesturam
478 4380 591 4435 adtbant
610 4384 726 4436 uomens
746 4397 835 4438 astate
854 4379 1000 4436 summum
1021 4377 1141 4434 tnsenllt.
1160 4380 1219 4434 Clc.
1231 4375 1266 4432 ds
1278 4380 1344 4452 hep.
1357 4379 1379 4432 l·
1394 4383 1440 4435 te.

209 4457 256 4512 23.
276 4454 343 4508 'l'rss
370 4458 559 4511 tantummodo
588 4458 677 4528 Frugt
701 4457 814 4511 Pisones
841 4471 962 4512 manses
987 4453 1171 4528 Glanderplns
1196 4458 1226 4507 ln
1245 4453 1437 4508 Onomastlcc.

136 4525 237 4582 Nosses
258 4544 349 4582 antem
370 4534 503 4606 interpres
522 4533 592 4586 dtcts
607 4533 742 4603 plurimos
761 4548 810 4605 pro
825 4535 921 4602 plures
939 4535 1024 4585 etlam
1042 4528 1155 4585 infestus
1175 4529 1326 4585 xxxtttt.
1343 4536 1372 4587 2.

210 4606 256 4663 26·
277 4606 344 4658 ilem
364 4604 466 4663 dtsem
485 4623 577 4661 narrat
595 4611 693 4663 Cloero
712 4611 770 4682 lpse
789 4625 839 4682 pro
857 4610 973 4662 Foatelo
991 4622 1051 4678 cap.
1071 4606 1148 4661 xltt.

138 4751 179 4811 “L
197 4685 256 4810 atu.
276 4678 1441 4811 fiqrrensttcramstsdetrectationsmprovtnctaeconbrmasDtohagm.CbXXVlll.
1491 4694 1500 4708 ·

222 4771 277 4811 esan
320 4793 330 4815 .
