3210 5280
334 181 385 251 IN
409 180 550 248 ORAT.
578 184 673 250 PRO
696 185 799 251 SEX.
823 187 995 254 ROSCIO
1018 190 1253 260 AMERINO.
1336 136 1338 141 Α
1381 196 1443 262 429

123 319 242 385 Cicero
272 321 405 405 arripuit
436 323 582 389 luxuriae
609 336 738 408 partes,
778 329 975 412 expugnarit
1005 330 1216 398 obiectioneua
1247 332 1376 401 Eruciia
1415 335 1444 401 si

122 415 204 478 enim
230 416 317 481 solus
340 416 372 479 in
395 417 486 482 silvis
512 419 593 495 fuit,
617 419 800 484 luxuriosus
816 441 885 484 esse
909 444 974 487 non
988 425 1106 507 potuit.

208 511 262 574 40.
285 514 383 594 Quae
403 534 460 576 res
480 512 592 597 igitur
613 512 761 596 tantuna]
790 516 900 599 Auget
924 537 1007 595 rem,
1032 530 1068 582 ut
1089 518 1272 586 incredibile
1297 521 1444 587 videatur

121 601 255 669 crimen.
300 607 377 669 Non
407 605 488 669 dixit
515 608 636 683 scelus,
671 610 729 671 sed
745 606 931 698 furorem.
986 612 1030 675 Et
1054 615 1136 678 bene
1161 614 1240 678 dixit
1255 614 1443 708 furorem.

121 696 307 762 Declaravit
329 698 389 762 nisi
413 700 536 781 perdita
553 700 664 764 mentis
687 701 819 764 sanitate
842 722 906 766 non
929 723 1025 785 posse
1045 707 1082 767 de
1106 707 1278 787 parricidio
1294 707 1469 793 eogitari.5

207 794 355 858 Necesse
377 805 428 856 est
451 795 555 875 enim]
593 795 683 874 Quae
709 817 801 859 causa
824 807 891 873 est,
915 817 1025 883 quare
1041 799 1157 878 occidit
1179 800 1326 883 patrem?
1360 800 1443 881 Quia

122 908 187 951 nou
212 887 358 969 placebat
378 887 475 968 patri.
520 887 639 971 incipit
662 887 722 950 alia
744 909 852 953 causa.

208 982 261 1043 41.
285 983 325 1045 1η
348 981 449 1044 unico
462 979 562 1063 filio]
597 981 771 1065 Eleganter
797 984 860 1046 boc
887 981 1007 1060 intulit,
1037 988 1124 1070 quod
1151 988 1294 1051 naturale
1318 988 1376 1066 sit,
1409 1000 1457 1080 ut

120 1071 220 1137 tunicis
243 1073 352 1137 liberis
375 1074 519 1158 quamuis
544 1074 729 1156 potentibus
751 1075 928 1157 promptius
951 1077 1182 1164 indulgeamus.

205 1166 369 1232 Omnium
390 1166 705 1247 constantissimus]
727 1168 899 1233 Manifeste
917 1190 1050 1257 namque
1066 1174 1142 1258 quid
1164 1187 1247 1239 esset
1269 1177 1442 1243 constantia
1457 1187 1488 1236 tu

120 1261 173 1324 hie
196 1261 353 1337 ostendit,
377 1283 473 1345 quum
495 1259 687 1325 contrariam
710 1261 818 1343 posuit
842 1264 1021 1330 amentiam.

206 1357 328 1440 Neque
349 1355 421 1419 odii
442 1355 597 1435 caueam]
634 1353 800 1430 Dicendo,
835 1377 938 1440 neque
971 1359 1035 1423 odii
1068 1382 1192 1426 causam
1224 1364 1309 1445 patri
1342 1386 1444 1450 neque

120 1447 252 1514 sceleris
274 1448 391 1526 fuisse,
415 1447 563 1531 expedita
583 1446 736 1513 facilitate
757 1449 911 1513 conclusit
930 1462 962 1514 et
976 1452 1178 1537 principalem
1202 1469 1233 1520 et
1255 1456 1442 1522 incidentem

145 1541 352 1607 uaestionem.
1247 1595 1253 1606 .
1563 1618 1567 1625 Ι

120 1565 143 1628 q
206 1634 292 1718 Cap.
305 1635 386 1700 XV.
401 1634 457 1699 43.
478 1634 572 1719 Quid
581 1634 654 1711 cis,
671 1635 818 1718 Erucif]
836 1635 1025 1717 Qualitatem
1041 1641 1243 1722 praediorum
1260 1665 1327 1708 earn
1342 1643 1442 1710 fuisse
1455 1652 1485 1700 ¹⁵

120 1730 278 1805 declarat,
303 1751 384 1814 quiae
411 1749 474 1793 nou
496 1727 596 1813 magis
627 1749 749 1809 poenae
780 1750 873 1814 quam
901 1731 1058 1815 voluptati
1084 1747 1183 1813 esset,
1218 1737 1291 1822 quia
1320 1739 1444 1803 dicebat

119 1845 182 1906 pro
204 1844 307 1907 poena
334 1825 430 1886 duos.

206 1916 290 1997 Tot]
325 1919 358 1980 Α
379 1935 532 1993 numero,
567 1925 639 1977 tam
664 1915 813 1998 prdcbra
840 1935 857 1977 a
889 1915 1058 2000 qualitate,
1092 1931 1165 1983 tom
1180 1919 1382 2013 fructuosa
1402 1925 1443 1987 ab

118 2009 265 2074 utilitate.

204 2102 304 2169 Illius
326 2100 473 2182 ordinis]
507 2101 596 2165 Illius
616 2099 779 2167 fortunae.
930 2099 931 2102 ’
1291 2112 1293 2121 “
1452 2117 1485 2166 tt

205 2199 259 2261 tt.
282 2196 392 2280 Quid,
423 2195 455 2260 si
479 2195 628 2275 constat]
661 2197 743 2258 Nam
770 2194 927 2278 praefuit,
952 2207 987 2259 ut
1015 2195 1175 2261 dominum
1201 2209 1232 2262 et
1258 2209 1292 2262 ut
1317 2212 1440 2283 patrem

118 2290 253 2354 familias
276 2293 385 2364 decet,
408 2311 472 2353 non
498 2300 601 2353 tamen
625 2289 788 2372 relegatus
811 2309 829 2351 a
854 2299 944 2371 patre
965 2309 1039 2353 suo.

205 2384 289 2467 Cap.
311 2385 412 2449 XVI.
436 2384 489 2447 tt.
512 2382 650 2448 Etenim
674 2381 706 2444 si
726 2381 788 2444 tibi
809 2393 937 2445 natura
957 2381 1136 2465 concessit]
1161 2381 1339 2450 Constabat
1356 2386 1441 2449 bunc

119 2478 274 2543 Erucium
304 2476 426 2541 incerto
457 2488 548 2560 patre
578 2488 697 2539 natum.
753 2473 819 2539 Hic
850 2487 953 2540 autem
986 2476 1128 2551 dicebat,
1164 2491 1301 2560 propter
1333 2478 1440 2543 odium

120 2571 274 2641 Roscium
306 2568 375 2634 ruri
406 2569 598 2653 relegatum.
652 2569 758 2634 Modo
782 2568 899 2634 Cicero
929 2569 1061 2634 adludit.
1107 2572 1188 2634 Nam
1217 2570 1342 2635 dicebat
1363 2571 1484 2636 illesas

119 2667 204 2743 ..Vis
229 2687 343 2742 nosse,
368 2664 439 2749 quia
460 2665 545 2726 burm
568 2663 644 2727 odio
673 2673 766 2744 puter
787 2661 922 2726 habuit?
952 2662 1056 2741 Quum
1080 2667 1159 2728 duos
1181 2665 1313 2730 baberet
1335 2665 1439 2745 filios,

119 2783 213 2847 quern
235 2761 377 2834 amabat,
395 2778 501 2821 secum
517 2759 673 2831 habebat3
697 2779 789 2842 quem
814 2760 945 2833 oderat,
974 2755 1040 2819 ruri
1064 2755 1227 2820 dederatd'
1270 2757 1360 2822 Dicit
1384 2757 1441 2824 ci·

117 2876 216 2920 cero:
255 2855 451 2937 „Agnosce,
483 2849 601 2927 Eruci,
631 2849 708 2932 quid
732 2848 874 2914 dicturus
898 2872 981 2914 sum.
1025 2849 1059 2914 Si
1082 2864 1117 2914 tn
1140 2853 1179 2915 de
1202 2849 1325 2917 incerto
1347 2864 1441 2934 patre

118 2960 212 3013 natus
237 2968 290 3025 es,
322 2944 441 3022 nescis,
472 2943 548 3030 quid
567 2944 609 3007 sit
634 2963 726 3006 amor
750 2941 782 3005 in
811 2943 894 3007 filios
917 2955 1102 3026 parentum;
1135 2955 1238 3007 tamen
1267 2946 1317 3009 rel
1338 2945 1439 3009 literis

120 3042 204 3105 scire
219 3037 370 3122 potuisti,
395 3059 413 3101 a
437 3038 550 3122 quibus
565 3035 686 3099 alienus
709 3056 841 3111 nones,
865 3038 1126 3121 quiemadmodum
1145 3037 1281 3121 diligunt
1295 3039 1439 3119 patres.’'
1451 3060 1483 3111 ³⁰

118 3136 163 3200 Et
185 3137 238 3198 dat
259 3133 452 3215 exeruplum.
497 3132 615 3212 „Apud
631 3127 804 3193 Caecilium
820 3129 1143 3213 coanoediograpbum
1168 3131 1327 3194 inducitur
1347 3143 1440 3214 pater

119 3228 263 3314 quidam,
287 3225 340 3313 qui
363 3226 499 3289 babebat
524 3227 605 3307 duos
632 3220 716 3285 filios
740 3232 772 3285 et
797 3222 901 3298 illum,
931 3244 1024 3306 quem
1047 3223 1124 3287 odio
1147 3225 1300 3300 habebat,
1332 3245 1440 3288 secum

117 3323 273 3396 babebut3
296 3342 390 3404 quem
411 3320 553 3395 amabat,
578 3313 646 3380 ruri
668 3315 764 3379 dedit.
809 3318 901 3400 Ergo
927 3315 1036 3393 rides,
1059 3316 1131 3402 quia
1147 3317 1264 3380 amavit
1286 3316 1439 3381 Roscium

117 3426 228 3499 pater,
264 3413 292 3478 si
319 3412 443 3499 quidem
473 3413 558 3475 bunc
585 3408 672 3495 agris
701 3408 863 3472 dederat.''
908 3409 1018 3491 „Quid
1045 3412 1084 3473 ad
1111 3410 1185 3475 istas
1216 3433 1315 3496 nugas
1351 3410 1438 3488 abis,

130 3546 291 3559 -—
1386 3539 1427 3552 -

193 3608 220 3663 9.
237 3604 408 3676 potentibus]
432 3606 451 3657 Ι.
473 3605 515 3658 te.
536 3603 692 3656 Gronovius
705 3605 780 3655 conl.
788 3601 994 3671 petulantibus,
1014 3604 1221 3674 impetentibus.
1260 3604 1322 3658 lloc
1335 3607 1440 3677 recepit

118 3680 185 3735 Sela.
204 3683 278 3735 fort.
297 3680 369 3733 nlbil
389 3677 463 3731 allud
482 3678 548 3731 lates
568 3681 622 3730 nlsl
638 3676 827 3747 peccantibus.
855 3676 908 3732 Os.
962 3683 1004 3734 12.
1021 3683 1112 3748 patre]
1139 3678 1175 3733 G.
1203 3679 1253 3734 Gr.
1284 3707 1319 3721 -
1345 3683 1441 3750 patris

118 3755 185 3809 Scb.
233 3758 277 3814 16.
304 3756 458 3825 estepanis]
487 3754 528 3808 De
555 3752 620 3804 Scb.
647 3755 784 3805 sententla
809 3755 851 3804 alc
876 3755 985 3824 scalpsi.
1012 3780 1051 3795 ·-
1077 3754 1221 3806 volmtatt
1247 3751 1283 3808 G.
1303 3753 1353 3807 Gr.
1373 3753 1440 3808 Seb.

119 3831 245 3897 ,Sensus
266 3829 396 3904 poscebat
416 3827 980 3899 94444μοὶ1444νοίιφεαιίῳιαπιροσηαο
999 3829 1101 3881 esset.'’
1131 3829 1268 3883 Senum.
1309 3834 1353 3885 17.
1374 3832 1440 3897 quta

117 3907 171 3961 dic.
190 3909 257 3975 eeu]
279 3905 315 3960 G.
334 3907 383 3961 Gr.
404 3932 440 3945 -
459 3909 524 3976 qnia
543 3900 652 3954 dicebat
671 3909 716 3953 tot
729 3901 849 3970 praedr'a
867 3919 886 3952 a
905 3919 1019 3954 numero
1038 3900 1072 3956 de
1085 3903 1203 3957 obscura
1217 3904 1241 3958 l.
1258 3905 1287 3958 f.
1303 3901 1438 3957 Grouorli

118 3986 222 4055 auspic.
241 3981 307 4036 Seb.
357 3981 417 4033 lloc
435 3978 492 4032 fere
513 3980 676 4048 requlrltur:
705 3981 771 4047 qnia
798 3977 908 4028 dicebat
933 3977 1077 4045 (Erucius)
1099 3996 1155 4048 pro
1170 3996 1262 4050 poena
1281 3976 1351 4029 data
1370 3995 1441 4032 ease.

118 4063 165 4114 21.
186 4055 268 4126 preld,
288 4061 314 4107 n·
333 4059 403 4124 ceu]
424 4055 471 4108 Sic
490 4056 599 4126 acrtpal.
622 4079 657 4093 -
674 4049 822 4118 fortunae.
842 4049 915 4123 quod
934 4056 958 4104 al
979 4067 1097 4106 constat.
1116 4071 1183 4106 nam
1199 4053 1331 4124 praejacit
1349 4052 1385 4108 G.
1404 4077 1439 4095 ··

108 4131 269 4204 fortunae,
299 4131 373 4201 parad
396 4134 421 4180 εἰ
449 4136 580 4187 constat,-
607 4143 673 4178 narn
694 4125 826 4196 praejacit
851 4126 900 4182 Gr.
930 4154 964 4170 -
991 4124 1147 4195 fortunam
1175 4128 1250 4198 quaed
1266 4133 1292 4179 sl
1309 4134 1448 4192 constat,.

114 4205 255 4279 praefuit.
276 4206 341 4260 Scb.
379 4210 426 4262 22.
445 4206 551 4271 tamen]
570 4217 609 4255 ω
627 4209 769 4272 tamqnam
788 4199 821 4254 de
836 4203 859 4255 l.
872 4201 900 4256 F.
914 4201 1050 4258 Gronorll
1063 4207 1139 4258 conl.
1158 4201 1224 4258 Set.
1263 4207 1309 4263 25.
1327 4201 1441 4254 Etenim

117 4284 184 4350 eeu]
207 4281 243 4337 G.
263 4280 314 4336 Gr.
337 4309 368 4322 -
389 4284 416 4330 ae·
435 4277 626 4349 tlbtfortnna
645 4294 701 4329 non
720 4275 798 4329 dedat
824 4277 906 4342 Sela..
942 4291 973 4330 tat
1001 4293 1042 4331 est
1062 4277 1132 4351 apud
1152 4281 1213 4334 Cic.
1260 4281 1305 4335 24.
1321 4284 1441 4347 prepter

116 4357 222 4424 odirm]
244 4356 280 4412 G.
300 4355 350 4411 Gr.
369 4382 407 4397 -
422 4361 541 4426 propter
559 4358 648 4425 tpsnm
669 4351 735 4407 seh.
756 4355 849 4406 tacite.
887 4353 933 4411 26.
952 4355 1030 4423 quia]
1056 4354 1091 4408 G.
1111 4354 1161 4408 Gr.
1181 4380 1219 4395 -
1237 4369 1289 4403 eur
1308 4350 1375 4407 seh.
1396 4367 1440 4406 ta·

117 4437 185 4488 elte.
221 4428 292 4485 tbtd.
313 4429 420 4497 haberit]
441 4429 477 4484 G.
497 4428 547 4484 Gr.
577 4456 614 4471 -
642 4424 773 4480 habuerit
791 4427 858 4483 Set.
880 4430 975 4482 tacite.
1024 4433 1068 4489 28.
1088 4428 1163 4498 snm]
1191 4426 1228 4480 G.
1248 4426 1298 4481 Gr.
1325 4455 1363 4470 -
1387 4430 1440 4479 slnt

118 4506 184 4562 sch.
206 4511 299 4561 taclte.
347 4512 392 4566 50.
408 4507 520 4574 patres]
541 4505 577 4559 G.
597 4503 648 4557 Gr.
666 4531 704 4546 -
720 4511 855 4572 parentes
873 4502 941 4557 Seb.
963 4507 1057 4556 taelte.
1105 4507 1151 4563 55.
1170 4505 1247 4573 qula]
1275 4501 1311 4557 G.
1333 4501 1384 4556 Gr.
1405 4529 1469 4547 ιι.

117 4580 192 4654 quod
217 4581 280 4635 Scb.
328 4584 373 4640 51.
392 4577 459 4650 qnid
481 4578 521 4630 ad
546 4579 616 4646 eet]
646 4576 681 4631 G.
708 4579 759 4633 Gr.
787 4606 826 4621 -
854 4578 951 4649 Coepit
970 4577 1061 4629 dicere
1080 4579 1282 4631 adversarius:
1311 4575 1387 4646 Quid
1403 4574 1443 4627 ad

116 4664 190 4710 tatas
208 4672 302 4725 nugas
321 4655 402 4706 abis?
421 4659 520 4725 lnquit.
557 4652 698 4724 Quaamdr'n
716 4671 759 4705 nae
778 4652 954 4726 edjadnlas
971 4653 1078 4706 vocas?
1099 4654 1164 4710 Scb.
1178 4656 1272 4709 tacite.
1310 4650 1441 4719 lbmbls]

116 4732 183 4789 Sub.
205 4761 236 4774 -
257 4729 342 4784 nates
361 4731 399 4786 G.
418 4730 469 4784 Gr.
