3210 5280
198 206 239 271 l8
738 212 965 279 asconius

197 357 231 410 ut
258 348 463 411 deduceretur
485 351 522 411 ad
548 370 599 425 se,
625 349 756 416 Clodius
780 355 857 416 Sex.
879 351 1046 429 Clodium,
1084 355 1123 416 de
1149 373 1215 438 qino
1237 349 1503 435 supradiximus,

198 440 295 515 misit,
335 441 387 523 uui
415 463 483 505 erun
506 447 682 507 reduceret.
726 446 854 508 Flavius
877 467 1062 530 quoquere
1085 447 1211 529 cognita
1235 449 1271 507 ad
1294 445 1504 525 diripiendum

198 533 369 616 Tigranem
395 536 557 615 proiectus
578 549 637 599 est.
680 539 733 602 Ad
764 549 908 621 quartum
942 539 1072 620 lapidem
1101 543 1139 602 ab
1175 541 1252 601 rrrbe
1281 560 1386 622 pugna
1416 539 1504 601 lacta

197 638 266 699 est,
290 627 320 688 iu
340 649 400 708 qnia
422 629 507 689 multi
533 651 576 690 ex·
596 639 726 712 utraque
744 643 834 712 parte
855 631 1052 706 ecciderunt,
1075 632 1183 713 plures
1201 644 1301 694 tamen
1323 653 1362 694 ex
1379 629 1503 706 Flavii,

171 719 278 780 sinin·
298 741 378 801 qrros
410 733 440 780 et
471 722 520 783 M.
544 722 707 803 Papirius,
746 745 841 805 eques
877 725 1064 798 Romanus,
1102 725 1305 806 publicanus,
1338 721 1504 786 familiaris

196 812 364 894 Pompeio.
409 813 538 876 Flauius
555 817 621 877 sine
643 814 758 878 comite
781 817 914 878 Romam
939 816 991 879 vix
1015 817 1168 900 perfugit.

278 904 406 984 (inid.)
447 908 548 971 Hnec
563 908 706 985 endem,
732 909 837 989 longo
856 910 1052 987 intervallo,
1079 928 1239 971 conversa
1261 928 1376 971 rursus
1397 917 1446 971 est
1468 908 1504 970 in

195 1015 264 1072 me,
286 998 562 1081 nuper-quidem,
588 1008 624 1060 ut
647 1001 758 1074 scitis,
782 1019 834 1063 me
855 997 902 1060 od
924 1000 1061 1079 aegram
1080 997 1374 1079 poene·confecit.

280 1089 354 1166 ero
375 1088 425 1149 die
447 1089 618 1168 perieulum
640 1090 703 1151 hoc
725 1089 850 1164 adierit,
889 1100 922 1150 ut
943 1086 1073 1151 Clodius
1096 1108 1165 1149 euru
1189 1089 1227 1149 ad
1249 1087 1382 1170 Regiam
1402 1103 1503 1166 paene

153 1179 387 1255 ioeonlecerit,
411 1196 558 1263 nusquam
581 1181 704 1255 inveni3
734 1202 796 1243 non
821 1194 922 1244 tamen
944 1183 1100 1255 adducor,
1125 1190 1160 1241 ut
1181 1191 1286 1260 putem
1310 1178 1500 1243 Ciceronem

196 1272 375 1346 mentitum,
403 1273 585 1354 praesertim
612 1295 680 1334 eum
708 1273 849 1348 adiiciat,
880 1277 1040 1338 uincitis.
1084 1275 1145 1336 Sed
1167 1273 1290 1334 videtur
1317 1271 1391 1333 mihi
1411 1266 1503 1353 loqui

194 1367 233 1426 de
255 1385 294 1428 eo
317 1363 384 1438 die,
408 1386 488 1449 quo,
512 1365 693 1428 consulibus
715 1366 857 1430 Domitio
873 1379 903 1429 et
920 1367 1077 1441 Messala,
1102 1367 1155 1450 qui
1178 1374 1415 1448 praecesserant
1429 1384 1501 1426 enm

194 1479 326 1531 anniam,
351 1480 419 1519 curn
442 1459 519 1520 haec
538 1458 640 1521 oratio
663 1458 744 1520 dicta
763 1471 828 1532 est,
853 1459 934 1521 inter
959 1460 1193 1521 candidatorum
1216 1458 1358 1540 Hypsaei
1380 1467 1413 1519 et
1435 1457 1503 1519 Mi-

194 1550 274 1614 lonis
319 1572 427 1613 rnanus
470 1550 500 1612 in
546 1550 594 1612 via
638 1552 733 1613 Sacra
777 1563 948 1635 pugnatum
990 1564 1062 1627 est,
1108 1553 1256 1637 rrudtiqne
1291 1573 1332 1614 ex
1368 1550 1502 1614 Milonis

151 1664 234 1725 ,εει
268 1643 443 1723 improviso
480 1642 672 1706 cecideruut.
730 1644 779 1707 De
809 1646 895 1707 cuius
923 1648 1015 1707 caede
1049 1655 1080 1707 et
1111 1645 1253 1726 periculo
1281 1665 1339 1707 suo
1375 1655 1411 1706 ut
1443 1666 1502 1725 pu·

193 1746 255 1797 tem
280 1734 368 1818 loqui
389 1755 476 1809 euru,
500 1735 573 1797 facit
592 1747 623 1797 et
641 1737 729 1798 loeus
753 1758 876 1820 pugnae
900 1739 988 1814 (uam
1011 1736 1041 1798 iu
1066 1738 1163 1799 Sacra
1189 1737 1238 1800 ria
1264 1737 1398 1799 traditur
1412 1757 1500 1799 com-

194 1827 304 1903 missa,
327 1829 357 1890 in
381 1848 440 1912 qua
462 1840 509 1889 est
531 1831 669 1913 Regia),
705 1840 736 1891 et
758 1832 845 1913 quod
867 1831 992 1892 adsidue
1014 1831 1104 1892 simul
1126 1841 1213 1893 erant
1233 1851 1303 1893 cum
1324 1829 1497 1893 candidatis

193 1921 440 2004 suffragatores,
464 1922 597 1984 Milonis
621 1921 757 1998 Cicero,
783 1923 924 2003 Hypsaei
948 1921 1092 1986 Clodius.

278 2017 328 2093 (§·
353 2013 424 2092 88.)
467 2013 676 2080 Potuitneb.
691 2016 833 2080 Ooecilii
840 2057 850 2093 ,
872 2016 1044 2078 iustissimi
1046 2014 1299 2098 fortissimique
1313 2017 1500 2096 praetoris,

147 2115 395 2198 2⁰oppugnata
417 2105 543 2167 domo?

276 2196 319 2258 1..
347 2195 503 2260 Caecilius
537 2193 660 2268 Rufus,
697 2195 736 2255 de
773 2214 836 2276 quo
866 2191 995 2271 dicitur,
1032 2194 1091 2258 luit
1120 2207 1252 2277 praetor
1285 2196 1326 2259 P.
1357 2178 1498 2257 Lentulo

192 2287 375 2369 Spinthere,
400 2288 443 2369 Q.
466 2288 600 2351 Metello
624 2288 749 2368 Nepote
772 2285 970 2363 consulibus,
996 2308 1066 2393 'quo
1090 2308 1170 2350 anno
1198 2288 1314 2351 Cicero
1335 2286 1500 2348 restitutus

119 2413 180 2470 [ω]
192 2392 251 2442 est.
303 2380 336 2443 Is
365 2402 435 2442 cum
462 2380 582 2443 laceret
609 2378 700 2442 ludos
728 2379 957 2461 Apollinares,
994 2380 1036 2443 ita
1064 2381 1167 2442 intima
1195 2390 1303 2443 coacta
1331 2379 1499 2442 multitudo

191 2493 330 2535 annonae
354 2472 480 2534 caritate
510 2473 693 2533 turmrltuata
715 2482 780 2548 est,
816 2480 850 2533 nt
880 2492 1006 2548 omnes,
1044 2470 1100 2556 qui
1126 2473 1156 2534 in
1185 2476 1306 2534 theatro
1336 2471 1499 2552 spectandi

145 2586 282 2651 25carraa
309 2569 532 2639 consederant,
569 2565 776 2646 pellerentur.
819 2565 869 2628 De
897 2577 1078 2648 oppugnata
1104 2566 1199 2627 domo
1223 2584 1371 2646 nusquam
1397 2565 1501 2626 adhuc

281 2749 306 2799 1.
325 2743 365 2795 ael
380 2747 420 2811 se]
442 2761 498 2797 om.
517 2744 630 2798 Graevii
647 2741 708 2796 cod.

280 2824 307 2874 2.
326 2817 462 2883 diximns,
483 2823 574 2883 misit,
594 2818 653 2890 qni]
671 2817 749 2883 dixi,
769 2823 861 2884 misit,
881 2823 927 2888 qni
944 2819 1009 2871 Hot.
1029 2817 1112 2879 Creo.
1134 2848 1168 2863 -
1187 2817 1324 2882 elisimus,
1350 2821 1396 2886 qui
1416 2821 1498 2888 prio-

187 2908 239 2945 res.
262 2922 292 2935 ·-
314 2893 435 2946 diximus
451 2895 504 2965 legi
524 2897 553 2945 in
572 2911 622 2946 sno
649 2893 712 2949 cod.
740 2898 847 2946 monuit
868 2893 1016 2961 Graevius,
1046 2891 1094 2947 sed
1118 2909 1210 2946 utrum
1230 2914 1255 2946 ι.
1274 2898 1350 2946 misit
1368 2894 1498 2964 praebeas

186 2983 292 3034 neone,
311 2968 431 3021 indicare
451 2967 550 3020 noluit.

279 3047 305 3099 d.
325 3042 427 3111 Flavii]
443 3043 550 3094 flaviis
568 3038 677 3096 Berald.
696 3069 735 3084 -
752 3040 897 3093 Flavianis
912 3038 978 3094 Lod.

280 3120 305 3176 7.
325 3117 413 3184 Haec]
441 3116 492 3169 Ιιοι
508 3120 598 3170 Princ.
833 3121 859 3175 7.
879 3119 932 3184 ιιι]
953 3133 1010 3170 om.
1029 3114 1107 3170 editt.
1128 3115 1279 3169 Ciceronis.

280 3197 307 3250 8.
328 3195 382 3258 me]
403 3209 459 3245 om.
479 3195 568 3246 Prlnc.
588 3189 692 3245 Bessld.
707 3187 769 3245 sid.

259 3264 331 3319 lbld.
347 3266 449 3338 paene]
469 3264 646 3320 scribebatur
661 3283 740 3335 pene.
780 3265 826 3318 Sic
846 3264 955 3334 ubique.

261 3349 304 3396 10.
324 3359 456 3412 nrisqriam
476 3343 582 3408 inveni]
612 3357 745 3408 nrisqisam
765 3358 834 3409 pane
862 3343 978 3392 conveni
997 3341 1089 3393 Prioc.
1110 3336 1171 3392 sid.
1206 3367 1241 3382 -
1273 3356 1406 3410 nissqnam
1423 3313 1497 3409 pene

183 3418 279 3466 inveni
298 3414 405 3469 Berald.
426 3414 550 3468 Lod.-
513 3432 700 3508 -nnspuam
716 3414 828 3483 plana
816 3420 911 3465 inveni
930 3417 1023 3466 ceteri.
1072 3411 1194 3484 Syllabas
1202 3431 1279 3483 pena
1297 3432 1349 3465 con
1368 3415 1497 3470 videntur

184 3487 276 3542 deberi
297 3489 378 3542 oculo
396 3490 529 3543 librarii
521 3509 549 3542 ιιι
567 3494 661 3542 srarim
682 3489 872 3560 praecedentes
892 3505 970 3542 voces
986 3505 1056 3558 pene
1077 3486 1232 3558 confecerit
1251 3487 1401 3543 aberranti.

260 3563 304 3620 ti.
324 3584 361 3615 ex
378 3566 509 3633 Milonis]
530 3583 566 3616 ex
582 3564 749 3616 Milonianis
767 3562 874 3617 Berald.
896 3564 963 3617 Lod.
1054 3576 1060 3589 ·

258 3643 302 3697 15.
322 3641 367 3692 De
380 3645 457 3690 cirins
474 3638 571 3710 caede]
591 3641 683 3693 Princ.
698 3637 802 3693 Berald.
816 3637 874 3690 ald.
889 3636 956 3692 Lod.
977 3664 1012 3678 -
1032 3635 1065 3686 de
1082 3641 1159 3686 onitas
1173 3634 1239 3709 diei
1245 3635 1328 3688 caede
1348 3642 1444 3692 ceteri.
1458 3667 1497 3681 -

184 3713 237 3766 Pro
265 3719 343 3766 citt'tts
371 3714 503 3768 Graevius
536 3713 659 3767 codicem
692 3730 770 3765 suum
800 3710 899 3767 habere
933 3727 1047 3767 testatur
1065 3715 1177 3780 quotics,
1207 3674 1240 3764 di
1260 3727 1326 3765 voce
1344 3711 1401 3763 diei
1420 3713 1496 3767 silet.

182 3787 275 3857 Quid,
294 3789 353 3841 sile
373 3805 449 3842 asur:
469 3790 513 3841 De
532 3807 646 3859 priorism
664 3787 767 3842 caede?
818 3793 863 3844 17.
882 3789 947 3857 qaia]
968 3804 1041 3857 nqrsa
1062 3788 1153 3838 Ptine.

257 3869 341 3920 17.ιι
361 3863 439 3915 sidus
457 3865 541 3915 sitnisi
556 3863 652 3935 erant]
672 3865 719 3916 Sio
738 3861 860 3916 dedimus
880 3866 1000 3932 vestigiis
1022 3865 1121 3932 pressis
1146 3858 1277 3913 editionis
1296 3862 1404 3924 Prino„
1414 3877 1494 3931 quse

184 3934 281 3990 bobes:
309 3937 349 3988 ad
367 3938 398 3989 id
415 3957 447 3989 ue
472 3944 682 3995 timuerunt.-
708 3937 748 3988 ad
768 3937 800 3989 id
817 3943 967 3989 timuerunt
987 3933 1093 3988 Bersld.
1111 3933 1170 3987 Ald.
1188 3934 1255 3987 Lod.
1286 3964 1319 3978 -
1353 3899 1496 4006 efflarunt

181 4011 266 4083 Lugd.
286 4013 349 4065 llos.
369 4014 446 4068 illan.
471 4015 552 4066 Creo.
814 4019 859 4073 18.
878 4012 986 4077 Cicero]
1010 4009 1121 4062 Clodius
1138 4011 1229 4063 Prisc.

257 4092 300 4145 19.
321 4087 449 4156 Caecilii]
466 4088 551 4139 Cecili
570 4087 660 4145 Ptine.

255 4166 301 4219 21.
323 4162 473 4233 Caecilius]
494 4163 612 4214 Cecilius
630 4165 722 4215 t’riue.
741 4156 847 4213 Berald.
864 4156 921 4211 Ald.
944 4156 1052 4228 ubique.

255 4234 325 4288 lbld.
338 4234 405 4306 fisit
419 4246 537 4306 praetor
556 4237 588 4288 P.
608 4235 734 4302 Lentulo]
758 4232 877 4306 snltP.
897 4233 1013 4285 &nisio
1037 4235 1126 4286 Princ.
1147 4228 1253 4285 Bersld.
1292 4260 1329 4273 -
1362 4250 1409 4302 pr.
1426 4229 1494 4303 ficit

180 4308 297 4362 Lentrdo
317 4308 377 4365 Ald.
400 4310 469 4363 Lod.
487 4318 658 4379 -praetor
675 4307 741 4377 ficit
760 4308 792 4362 P.
813 4309 929 4362 Lentulo
951 4307 1034 4381 Lugd.
1052 4307 1117 4360 Hos.
1137 4307 1214 4361 Mun.
1233 4311 1312 4360 Creu.
1333 4335 1370 4348 —
1389 4308 1493 4360 Vocem

176 4396 311 4452 praetor,
332 4385 374 4437 vel
393 4390 483 4458 potius
502 4382 772 4457 compendiumPr.,
793 4398 855 4436 ante
877 4382 908 4436 P.
928 4382 1059 4434 excidisse
1078 4396 1157 4450 quarn
1177 4397 1239 4435 ante
1255 4379 1319 4446 sirit
1337 4387 1392 4433 veri
1410 4387 1495 4434 simi-

178 4459 231 4511 lius
250 4459 366 4514 videtur.
813 4461 857 4516 25.
880 4457 1072 4527 Apollinares]
1091 4457 1279 4525 opnollinares
1301 4459 1391 4510 Prioc.

254 4541 296 4594 23.
316 4535 431 4630 coacta]
451 4539 590 4587 concitata
610 4533 674 4585 lior.
697 4534 776 4584 Creo.
816 4531 927 4597 ,ninius
948 4537 1105 4593 scircitula,
1126 4550 1157 4583 es
1177 4547 1244 4583 orat.
1266 4550 1314 4603 pro
1330 4530 1413 4582 domo
1428 4548 1493 4597 sna,

178 4624 203 4658 er
225 4626 274 4677 pro
296 4609 431 4665 Miloucl'
464 4610 550 4663 HOT.
589 4607 662 4675 Quid
691 4611 727 4660 sis
759 4616 857 4658 coacta
887 4605 1051 4671 maeltitudo,
1082 4570 1197 4676 elplicas
1224 4606 1322 4658 Cicero
1349 4624 1398 4676 pro
1418 4608 1493 4660 Cae-

178 4684 461 4830 οἰιη211Χι11ιι5ῳ11ιιιι]
479 4775 616 4828 utinquam
630 4759 719 4812 Prior.
734 4761 877 4830 (primsd
854 4752 956 4806 sullaba
970 4772 1017 4828 per
1031 4753 1174 4826 compend
1189 4770 1228 4807 sc»
1235 4752 1312 4827 ipis)
1329 4755 1437 4808 Berald.
