3210 5280
246 217 307 278 292
658 224 862 291 SCllOLlA
887 225 1134 291 boninustu

209 339 212 353 ¹
246 357 287 419 P.
318 357 436 424 Clodio
464 374 726 449 repugnanteet
763 363 997 448 conspiratam¹
1031 364 1180 428 seditiose
1204 364 1455 427 multitudiuem²
1487 386 1564 426 eou-

245 463 420 533 gregaute,
444 476 482 517 ne
508 455 579 540 quis
604 455 654 518 isti
680 459 717 519 ad
743 461 954 522 revocandum
979 457 1168 523 Ciceronem
1191 462 1320 522 daretur
1343 459 1501 532 effertus,
1525 461 1562 519 ad

245 544 476 614 dimicationem
500 570 598 630 usque
620 570 805 631 processum
828 564 896 626 est3
920 563 954 615 ut
977 553 1018 616 P.
1043 551 1185 615 Sestius³
1207 552 1394 636 gravissime
1410 564 1443 614 et
1463 573 1563 634 paene

245 638 301 720 [P.
325 639 412 723 l36.]
437 640 593 704 letaliter⁴
617 644 800 707 volneratus
825 644 1007 709 necessario
1028 656 1203 729 cogeretur
1224 647 1316 709 etiam
1343 646 1413 725 ipse
1442 655 1562 711 artma-

220 742 349 795 5torum
377 755 499 796 manum
523 735 760 818 gladiatoriam,
785 740 871 819 qiiod
897 736 981 801 Milo
1005 737 1065 800 iam
1091 737 1233 813 lecerat,
1261 738 1433 814 adbibere,
1471 760 1562 819 prae·

245 823 315 887 sidii
329 824 448 890 scilicet
464 826 584 910 gratia:
609 827 655 891 sie
671 828 752 890 enim
768 830 872 910 potuit
888 829 979 906 effici,
997 842 1030 892 ut
1051 830 1245 906 actionem⁵,
1263 853 1355 914 qiiam
1372 852 1436 912 pro
1454 831 1561 894 'l'iillio

244 917 438 995 instituerat,
456 920 630 983 obtineret.
673 923 850 1004 Postquam
866 935 969 986 tamen
982 920 1099 987 Cicero
1115 925 1154 985 ab
1169 923 1266 987 exilio
1282 924 1392 997 rediit,
1409 945 1561 987 accusare

244 1015 281 1074 de
305 1014 356 1074 vi⁶
378 1015 419 1077 P.
448 1012 582 1077 Clodius
607 1014 740 1077 Sestium
765 1015 872 1095 coepit
894 1015 1032 1078 immisso
1058 1017 1144 1079 velut
1162 1017 1306 1098 principe
1330 1018 1499 1081 delationis
1521 1020 1560 1082 P.

242 1106 448 1171 Albinovano
487 1119 518 1171 et
552 1106 767 1171 testimonium
804 1107 927 1172 dicente
962 1111 1004 1172 P.
1035 1108 1185 1183 Vatinio;
1220 1121 1251 1171 ut
1285 1111 1347 1171 hoc
1386 1113 1559 1194 praecipue

201 1200 365 1268 aperimini
386 1204 494 1278 daret,
519 1204 607 1286 qisod
628 1221 856 1284 supergressus
879 1201 1002 1264 civilem
1019 1204 1144 1264 modum
1161 1201 1360 1285 rogationem
1384 1225 1474 1265 suam
1497 1224 1560 1266 non

243 1295 399 1376 aequitate
422 1296 630 1378 persuaserit,
655 1297 711 1357 sed
732 1291 827 1357 armis
848 1291 1032 1358 obtinuerit.
1078 1291 1140 1357 Cui
1161 1293 1356 1374 opponitur⁷
1380 1294 1559 1360 huiusmodi

241 1386 441 1456 aCiceroue
465 1389 633 1452 delensio⁸
665 1408 724 1469 per
748 1385 928 1472 qualitatem
960 1385 1102 1468 speciei⁹
1123 1386 1257 1466 duplicis
1279 1417 1320 1428 -
1342 1387 1432 1449 ·-¹⁰.
1481 1391 1558 1450 Νιιιι

242 1479 408 1543 relativum
434 1485 494 1546 boc
520 1482 595 1555 erit,
628 1481 707 1543 iuste
737 1493 767 1542 et
795 1481 908 1544 merito
935 1480 1081 1543 babuisse
1110 1490 1304 1543 armatorum
1331 1480 1489 1563 praesidia
1517 1483 1556 1544 P.

242 1572 398 1647 Sestium,
423 1588 459 1637 ut
490 1572 662 1639 Clodianos
690 1573 824 1655 impetus
850 1575 889 1634 ab
916 1572 968 1636 illa
994 1574 1211 1648 dimicatione,
1235 1593 1328 1656 quatu
1351 1572 1461 1635 lacere
1484 1595 1556 1636 eoe-

154 1745 157 1754 ·
200 1677 351 1744 arperat,
375 1669 592 1731 submoveret.
638 1666 722 1730 lllud
743 1686 823 1727 vero
839 1668 878 1728 ad
898 1668 1186 1749 compensatiouem
1208 1667 1365 1742 refertur,
1391 1688 1453 1748 pro
1475 1671 1555 1730 bona

188 1769 193 1779 ·
241 1778 333 1819 eausa
356 1772 386 1820 et
409 1761 452 1823 rei
476 1784 509 1842 p.
534 1757 728 1830 necessaria,
754 1756 845 1820 etiam
873 1757 899 1821 si
928 1772 1067 1824 armatos
1094 1760 1256 1833 babuerit,
1293 1755 1468 1840 in'puuitum
1490 1781 1556 1822 esse

240 1852 379 1926 debere,
411 1876 509 1940 quum
539 1858 619 1917 bene
650 1849 792 1916 moritum
826 1855 864 1914 de
900 1853 1002 1916 salute
1027 1853 1148 1935 patriae
1181 1853 1280 1914 civem
1308 1853 1431 1915 restitui
1464 1854 1556 1914 vellet

162 1947 184 2013 J
240 1945 377 2007 oiuuium
400 1947 526 2011 favente
549 1968 718 2011 consensu.
765 1946 857 2007 Hane
880 1945 977 2029 igitur
995 1948 1123 2009 eandem
1148 1966 1273 2007 causatu
1298 1945 1427 2025 plurimi
1450 1947 1556 2009 delen·
1585 2003 1588 2006 a

240 2037 296 2117 [P.
321 2039 410 2119 225]
434 2031 565 2113 deruut;
589 2042 618 2102 iu
642 2038 749 2123 ι’ῑιιίιιι
769 2037 830 2100 luit
858 2038 902 2118 Q.
930 2039 1141 2114 Hortensius,
1167 2040 1219 2101 Μ.
1244 2036 1477 2119 (ὶιιιιιιι,ιΙ,.
1502 2039 1555 2101 Li·

196 2129 338 2195 uncinias
362 2131 503 2210 Calvus,
528 2135 670 2216 partibus
692 2132 775 2194 iuter
796 2151 831 2192 se
854 2131 1048 2206 distributis,
1073 2152 1151 2216 quas
1173 2132 1203 2192 iu
1228 2133 1352 2213 agendo
1381 2142 1555 2193 tuerentur.

240 2225 353 2309 ltaque
376 2228 504 2290 Tullius
529 2248 565 2290 ea
593 2225 776 2309 peroravit,
812 2244 895 2307 quae
924 2225 984 2288 sibi
1016 2225 1141 2288 fuerant
1172 2225 1375 2305 explicanda:
1414 2246 1492 2300 nec,
1524 2235 1555 2286 ut

238 2319 383 2404 plerique
405 2321 551 2384 arbitrati
573 2332 667 2390 siant,
693 2329 783 2381 extra
806 2337 931 2380 eatisam
957 2331 1091 2402 vagatus
1113 2331 1180 2381 ests
1204 2317 1347 2401 quamvis
1370 2317 1452 2380 enim
1476 2317 1554 2380 seia·

238 2431 308 2473 mus
337 2415 412 2455 -'²
448 2416 544 2476 multa
575 2413 765 2477 Ciceronem
802 2410 851 2470 vel
881 2411 993 2476 iratum
1024 2414 1073 2477 vel
1096 2413 1252 2475 dolentem
1290 2413 1328 2473 de
1356 2411 1555 2492 passionibus

239 2505 304 2566 suis
326 2507 408 2567 ultra
430 2528 641 2590 paenequam
667 2525 718 2567 res
734 2516 882 2584 posceret
892 2509 916 2546 ¹³
938 2526 1135 2590 exaggerare
1157 2505 1303 2578 solitum,
1329 2516 1453 2577 tamen,
1471 2503 1554 2587 quod

194 2608 227 2656 ιι
240 2598 291 2657 hic
313 2599 439 2678 prolixa
462 2603 594 2685 quadam
618 2593 877 2661 turbulentissimi
900 2601 1051 2680 temporis
1073 2598 1285 2679 descriptione
1297 2599 1319 2636 ¹⁴
1344 2597 1474 2658 multum
1498 2615 1553 2658 vo·

240 2689 364 2752 luminis
376 2693 399 2730 '⁵
409 2706 556 2775 occupat,
575 2686 636 2757 uoit
647 2695 846 2758 mediocriter
860 2694 984 2756 videtur
999 2698 1037 2755 ad
1051 2714 1198 2774 praeseus
1211 2690 1370 2773 negotium
1383 2689 1553 2770 pertinere.

241 2784 462 2848 Osteudeudae
494 2799 566 2851 sunt
599 2789 680 2851 enirn
713 2790 755 2851 P.
792 2785 900 2852 Clodii
937 2788 1104 2850 seditiosae
1139 2785 1402 2866 turbulentaeque
1416 2781 1441 2820 '⁶
1475 2783 1552 2843 illius

239 2878 393 2960 temporis
415 2877 554 2942 actiones
577 2890 608 2942 et
619 2881 643 2920 ¹⁷
665 2881 816 2956 iniuriae,
841 2900 919 2964 quas
943 2881 1008 2962 ipse
1031 2879 1148 2944 Cicero
1171 2897 1341 2960 perpessus
1351 2875 1393 2949 ¹⁸,
1415 2886 1447 2938 et
1474 2874 1552 2937 utili·

240 2979 339 3045 tates,
375 2993 453 3055 quas
478 2973 509 3034 iu
538 2971 621 3036 illius
652 2973 852 3038 restitutione
865 2974 890 3014 ¹⁹
922 2972 1021 3054 patria
1056 2984 1223 3036 consecuta
1254 2971 1311 3032 sita
1346 2980 1379 3031 ut
1402 2978 1490 3031 reete
1519 2986 1553 3027 ac

199 3077 230 3126 tt
241 3065 418 3129 necessario
445 3068 485 3128 P.
511 3066 631 3129 Sestius
654 3080 791 3129 armatos
812 3068 957 3131 babuisse
983 3066 1147 3139 videatur,
1171 3076 1342 3146 propterea
1357 3062 1400 3122 sit
1423 3057 1553 3122 maxime

239 3158 414 3236 praesentis
431 3158 569 3221 criminis
594 3159 710 3223 invidia
726 3159 919 3223 liberandus.
964 3159 1068 3221 Multa
1093 3158 1218 3242 quidem
1240 3156 1270 3216 in
1291 3153 1447 3217 orationis
1463 3172 1552 3214 cursu

239 3241 549 3330 praetermittemus,
577 3277 657 3339 quae
684 3268 820 3337 propter
845 3251 1087 3315 similiuuliueru
1122 3270 1233 3311 causae
1264 3248 1294 3309 iu
1324 3247 1552 3308 commentario

241 3365 417 3424 proxumae
450 3348 603 3410 orationis
636 3350 842 3412 ostendimus.
900 3347 994 3428 Ergo
1028 3365 1066 3408 ue
1097 3341 1350 3426 exspectaveris,
1389 3349 1424 3401 ut
1457 3336 1553 3402 sicubi

241 3435 403 3513 inciderit,
427 3442 535 3502 eadem
557 3462 666 3504 rursus
684 3441 845 3503 itereiuus.
894 3499 897 3503 ,

312 3725 335 3767 l.
356 3726 417 3772 Cod.
442 3729 596 3785 conspirato.
642 3725 667 3773 2.
694 3729 755 3776 Cod.
782 3725 948 3772 multitudine.
1000 3725 1024 3773 ³.
1045 3729 1070 3772 lu
1092 3730 1145 3772 eod.
1171 3729 1307 3782 plerumque
1330 3722 1430 3768 Sestius
1455 3737 1507 3768 enai
1524 3734 1551 3772 ι,·

379 3799 496 3841 interdurn
518 3811 575 3842 vern
597 3812 649 3842 euru
674 3812 703 3842 ι.
723 3857 726 3862 ¹
743 3796 765 3844 l.
787 3797 847 3841 Cod.
868 3799 1004 3842 loetaliter.
1049 3796 1074 3842 5.
1094 3798 1155 3841 Cod.
1174 3797 1280 3839 actions.
1301 3794 1347 3837 Os.
1386 3791 1411 3836 6.
1432 3795 1493 3836 (lod.
1512 3793 1550 3834 eti.

381 3865 405 3911 l.
426 3869 485 3910 Cod.
507 3875 651 3924 opponetur.
672 3868 718 3913 Oa.
757 3865 781 3911 8.
798 3869 823 3911 lu
842 3869 895 3912 eod.
911 3869 1004 3911 additur
1021 3864 1041 3910 C
1057 3869 1135 3911 litters
1151 3865 1290 3923 siu5ularia.
1329 3861 1353 3906 9.
1373 3862 1435 3906 Cod.
1449 3873 1550 3919 spectes.

383 3934 423 3980 ttt.
444 3938 563 3981 versiculi
583 3951 655 3993 prope
675 3939 799 3982 dunvaeui
825 3938 951 3994 verbisque
969 3937 1069 3981 Graecis
1081 3937 1196 3992 replendi.
1237 3931 1277 3976 ll.
1299 3935 1332 3976 lta
1351 3934 1405 3976 end.
1427 3946 1470 3987 pro
1488 3931 1553 4005 puteis

380 4008 416 4050 vsl
436 4007 534 4065 quidus.
575 4004 615 4051 12.
636 4009 774 4052 Versiculos
796 4006 871 4051 lsrme
889 4021 984 4051 saeuus.
1026 4003 1064 4052 13.
1084 4007 1144 4049 Cod.
1161 4009 1270 4063 poceret.
1310 3999 1350 4046 ll.
1376 4000 1437 4048 Cod.
1463 4000 1552 4044 descri-

376 4077 497 4131 ptionem.
539 4075 579 4121 t'r.
600 4077 660 4121 Cod.
681 4077 813 4122 volumnia.
853 4073 892 4121 ld.
913 4077 1038 4134 Codpus'.
1077 4073 1118 4120 tt.
1130 4075 1190 4123 Cod.
1203 4071 1242 4117 sd.
1281 4068 1322 4116 tt.
1342 4069 1552 4129 Codpsrpessie·

380 4143 420 4190 19.
440 4146 500 4192 Cod.
520 4147 697 4194 restitutiones.

333 4309 359 4364 5.
381 4303 480 4356 llccole
501 4319 604 4357 eornm.
624 4303 657 4355 sd
678 4303 739 4357 blil.
760 4303 792 4357 C.
813 4302 887 4357 xvl.
907 4306 933 4361 3.

326 4387 372 4442 53.
393 4379 521 4432 Proxima
541 4381 654 4450 quidem
674 4379 818 4432 Sestianae
838 4377 994 4431 Miloniana
1013 4381 1103 4431 oratio
1123 4391 1165 4430 ess
1185 4381 1213 4429 tu
1233 4372 1339 4427 eodtee.
1378 4371 1451 4426 llam
1465 4375 1494 4425 tn
1507 4383 1556 4442 qus

240 4462 341 4531 pagina
361 4457 428 4508 liare
448 4453 569 4517 destult,
590 4453 636 4505 uls
658 4458 766 4526 incipit.

317 4537 363 4594 δι.
383 4527 537 4583 Perfectum
557 4544 597 4581 est
619 4533 811 4601 prohoemium
831 4528 902 4581 hoe:
923 4542 988 4580 nam
1008 4525 1173 4597 relinquitur
1193 4529 1221 4578 in
1236 4527 1341 4601 pagiua
1361 4536 1477 4574 vacuum
1498 4535 1555 4591 spa·

241 4611 321 4662 tium.
370 4601 521 4677 incipiebat
548 4619 640 4656 autem
671 4609 699 4656 tn
725 4618 854 4674 sequente
884 4608 985 4677 pagina
1008 4605 1239 4658 commentarium
1276 4597 1323 4651 sed
1349 4593 1447 4649 lolium
1474 4609 1553 4647 unuin

241 4685 465 4807 praeierlmtssurn
492 4669 545 4733 luti
571 4679 640 4736 ollru
666 4685 696 4735 in
722 4676 898 4735 rescribendo
929 4675 1041 4742 codiee,
1074 4675 1189 4749 ideoque
1221 4675 1439 4729 commentarius
1471 4673 1553 4724 eraut

242 4761 399 4831 seepbsus.
