3210 5280
356 199 404 263 ΙΝ
430 197 715 266 ORATIONEM
738 202 785 265 ΙΝ
811 202 937 287 TQGA
960 198 1183 267 CANDIDA.
1393 202 1433 266 85

202 338 277 403 Nec
298 359 334 401 se
355 341 426 400 inm
445 348 518 401 tum
536 342 701 420 respexit,
721 361 801 402 curn
812 341 1021 423 gravissimis
1036 343 1147 404 vestris
1162 341 1300 404 decretis
1316 341 1432 404 absens

123 439 263 491 notatus
285 437 344 493 est.

208 517 345 582 Catilina
376 539 415 579 ex
448 528 596 597 praetura
630 516 770 580 Africam
801 517 996 598 provinciam
1031 517 1175 582 obtinuit.
1234 520 1334 599 Quam
1362 541 1431 580 cum

122 612 267 695 graviter
297 621 461 682 vexasset,
498 608 596 692 legati
624 609 698 672 Afri
722 609 753 671 in
780 621 887 672 senatu
914 611 974 674 iarn
998 623 1062 675 tum
1094 614 1221 677 absente
1250 613 1305 677 iiio
1331 611 1432 696 questi

120 716 213 776 sunt,
237 703 414 782 multaeque
438 722 554 783 graves
577 702 749 764 sententiae
771 702 800 764 in
824 714 931 766 senatu
956 708 993 765 de
1015 726 1054 767 eo
1077 704 1176 767 dictae
1199 716 1281 767 sunt.
1444 708 1459 756 ⁵
1481 734 1484 745 ·

209 797 247 858 in
269 793 405 856 iudiciis
427 803 557 876 quantu
579 796 625 855 eis
645 805 743 873 esset,
771 793 903 856 didicit.
925 816 1003 857 curn
1024 806 1070 859 est
1091 796 1287 861 absolutus:
1321 801 1352 859 si
1370 806 1431 859 out

120 885 213 947 iiisrd
230 883 416 958 indicium,
439 893 500 945 out
523 885 587 945 iliu
608 883 781 946 absolutio
803 884 1007 946 nominanda
1028 894 1085 947 est.

204 976 291 1036 Ante
317 993 448 1046 anusun,
481 994 571 1055 quarn
603 974 680 1034 haec
709 972 903 1045 dicerentur,
940 971 1091 1046 Catilina,
1126 995 1195 1035 cum
1228 973 1360 1036 redisset
1390 996 1429 1037 ex

117 1065 253 1138 Africa,
280 1066 448 1147 Torquato
474 1075 505 1126 et
535 1064 631 1130 Cotta
663 1066 859 1138 eonssslibus,
884 1077 1045 1127 accusatus
1071 1079 1117 1127 est
1146 1069 1389 1146 repetsunlaruus
1413 1088 1428 1126 a

118 1160 160 1223 P.
184 1156 307 1221 Clodio
334 1157 551 1231 adolescente,
586 1158 638 1241 qui
665 1170 775 1238 postca
807 1155 947 1218 iuimicus
977 1156 1127 1220 Ciceroni
1155 1156 1227 1219 fuit.
1272 1158 1429 1221 Defensus
1444 1158 1473 1220 s'u
1530 1178 1534 1185 ·

118 1263 166 1315 est
189 1248 349 1323 Catilina,
372 1262 407 1310 ut
430 1250 606 1312 Fenestella
632 1253 743 1324 tradit,
768 1272 785 1312 a
812 1251 863 1313 Μ.
892 1247 1063 1314 Cicerone.
1108 1252 1203 1331 Quod
1228 1271 1290 1332 ego
1317 1261 1350 1311 ut
1376 1252 1428 1310 nd-

118 1343 278 1416 dubitem,
302 1344 380 1404 haec
402 1344 467 1424 ipsa
485 1343 651 1407 Ciceronis
674 1342 777 1408 oratio
794 1341 887 1415 iacit,
912 1342 1043 1404 maxime
1066 1344 1151 1427 quod
1165 1341 1191 1403 is
1208 1342 1320 1403 nullam
1344 1363 1429 1403 men-

119 1438 240 1501 tionem
261 1435 309 1498 re'i
327 1437 439 1511 babet,
463 1459 532 1498 eum
548 1436 687 1519 potuerit
702 1435 848 1498 invidiam
863 1434 968 1497 iacere
986 1434 1188 1516 competitori
1209 1446 1269 1495 tam
1295 1435 1429 1515 turpiter

118 1533 274 1592 adversus
295 1549 329 1591 se
350 1528 496 1593 coeunti:
520 1529 703 1610 praesertim
719 1550 787 1591 curn
811 1528 943 1591 alterurn
962 1528 1200 1610 competitorem
1216 1548 1303 1589 sunm
1326 1528 1426 1590 Auto-

119 1625 204 1686 ninm
225 1623 258 1684 in
281 1624 387 1685 eadem
409 1625 467 1685 hac
483 1623 628 1688 oratione
643 1643 698 1686 sua
713 1624 895 1693 admoneat,
919 1641 978 1683 sno
993 1619 1147 1682 beneficio
1170 1640 1240 1681 eum
1263 1641 1302 1681 ex
1320 1620 1428 1681 ultimo
1441 1621 1472 1670 ¹⁵

116 1717 194 1781 loeo
217 1728 384 1795 praeturae
406 1717 598 1779 candidatum
622 1719 660 1778 ad
681 1714 806 1777 tertium
829 1713 1028 1793 pervenisse:

198 1808 338 1888 Nescis,
377 1831 429 1871 me
459 1818 649 1889 praetorem
680 1809 826 1889 primum
862 1826 929 1868 esse
953 1806 1117 1884 suctum,
1151 1814 1181 1867 te
1214 1808 1426 1870 concessione
1492 1804 1504 1823 ‘

119 1900 386 1976 competitorum
410 1909 440 1961 et
464 1900 650 1976 collatione
672 1897 902 1959 centuriarum
924 1904 954 1956 et
969 1916 1042 1958 meo
1065 1896 1213 1956 maxime
1233 1893 1428 1969 beneficioe
1579 1969 1582 1973 ⁴

117 1997 291 2067 postremo
313 1991 346 2050 in
367 1991 501 2050 tertium
522 1987 638 2073 iocum
659 2006 727 2048 esse
749 1983 960 2047 subiectum?
1436 1994 1498 2053 [sir]

205 2077 271 2156 Qui
297 2078 393 2162 igitur
416 2078 557 2141 Antonio
582 2073 835 2157 suffragationem
861 2095 946 2133 suasu
971 2071 1180 2153 imputandam
1202 2082 1308 2152 putat,
1332 2071 1376 2144 is,
1401 2072 1427 2133 si
1438 2086 1469 2131 20

118 2170 311 2233 delendisset
342 2169 525 2242 Catilinam,
560 2181 652 2249 caput
685 2167 750 2228 eius
776 2177 952 2247 protectum
987 2187 1003 2226 a
1035 2187 1068 2226 se
1100 2185 1202 2227 nonne
1234 2164 1427 2245 imputaret?

118 2264 218 2343 Quod
242 2262 282 2324 ita
306 2285 375 2325 esse
397 2262 591 2324 manifestum
612 2272 657 2322 est
681 2281 719 2320 ex
741 2280 799 2332 eo,
825 2263 910 2342 quod
933 2258 1034 2319 statim
1058 2259 1141 2319 dir-it.
1187 2255 1323 2336 Quintus
1343 2257 1425 2317 enisu

119 2356 252 2420 Mucius
281 2354 545 2435 tribunusplebis
570 2353 803 2426 intercedebat,
842 2374 880 2413 ne
903 2352 955 2412 iex
983 2351 1116 2413 ambitus
1144 2350 1304 2421 serretur;
1338 2352 1424 2432 quod

116 2450 225 2511 ias-ere
240 2469 302 2528 pro
318 2446 452 2510 Catilina
469 2446 645 2509 videbatur.
688 2445 782 2506 Hunc
802 2444 946 2508 Mucium
967 2443 999 2506 in
1020 2444 1082 2505 hac
1103 2441 1246 2505 oratioue
1267 2441 1427 2522 appellans

117 2540 238 2604 Cicero
260 2538 306 2601 sic
328 2539 388 2601 ait:
1328 2560 1333 2571 ·
1438 2551 1469 2598 25

199 2631 247 2696 Te
273 2640 401 2708 tomen,
430 2631 469 2708 Q.
494 2627 610 2705 Muci,
630 2638 702 2691 tom
723 2628 812 2693 mole
836 2629 875 2694 de
898 2630 1030 2710 populo
1062 2628 1209 2691 iiomono
1234 2628 1426 2690 existimare

213 2806 239 2856 1.
261 2800 320 2852 Nee
339 2818 368 2850 se
386 2805 443 2850 iarn
462 2807 520 2851 tnm
541 2803 676 2870 respexit]
703 2800 784 2869 „Nec
804 2816 853 2871 pro
872 2818 906 2850 ne
927 2801 993 2871 [hoc
1011 2798 1111 2871 legitur
1124 2804 1152 2852 in
1169 2799 1296 2853 omnibns
1314 2805 1425 2854 Asconii

117 2875 198 2929 editt.
220 2890 328 2946 praeter
348 2871 433 2946 Lugd.
453 2891 521 2945 quae
541 2873 699 2941 habesrser]
722 2879 839 2945 reposui.
877 2875 962 2944 Agere
988 2890 1078 2927 sutem
1108 2873 1141 2928 dc
1164 2877 1281 2931 Catilina
1312 2878 1426 2947 incipis,

117 2968 182 3004 eom
207 2951 339 3002 hactenus
365 2948 398 3001 de
422 2954 543 3020 utrisque
569 2953 655 3019 egisse
674 2948 805 3002 rideatur.
832 2949 968 3003 PATiltC.
1018 2950 1050 3002 ln
1071 2966 1133 3001 meo
1153 2953 1215 3006 MS.
1238 2957 1301 3003 esst
1323 2966 1379 3001 nors
1396 2964 1433 3000 se·

116 3032 176 3078 s'arrs
193 3041 256 3075 essm
275 3029 417 3092 respexit:
435 3022 482 3075 sed
505 3021 643 3077 adsentior
663 3023 811 3076 Patricio.”
840 3024 970 3077 (iiiAliV.

212 3102 240 3156 9.
260 3097 401 3169 Torquato
421 3106 448 3148 et
469 3098 553 3151 Cotta
571 3101 655 3166 coss]
687 3099 772 3167 „Non
795 3096 909 3162 dubito,
938 3103 1004 3169 quin
1025 3098 1167 3170 legendum
1192 3102 1245 3163 sit,
1276 3095 1380 3167 Lepido
1399 3106 1426 3149 et

118 3173 201 3226 rasso
220 3190 290 3224 coss.
311 3172 370 3224 vide
393 3187 493 3244 snpra,
518 3188 548 3225 ns
570 3172 624 3223 elin
646 3187 805 3244 arguments
824 3174 979 3228 omissam.''
1005 3173 1150 3227 MANUT.
1183 3175 1343 3226 uermer-
1361 3187 1426 3225 suet

119 3250 186 3303 hsce
206 3251 235 3300 in
256 3245 321 3299 edit.
342 3262 426 3319 posse.

193 3332 239 3378 10.
260 3322 398 3389 Ciceroni]
425 3322 568 3374 Ciceronis
587 3320 664 3375 Man.
687 3322 779 3392 Sigon.

195 3401 241 3452 12.
261 3394 342 3466 Quod
358 3413 412 3463 ego
432 3404 463 3447 ut
480 3394 649 3464 addubitem]
683 3395 796 3447 Asconii
825 3411 887 3448 curu
912 3394 1060 3449 fenestella
1086 3393 1301 3470 disputationem
1321 3401 1426 3469 egregie

117 3471 232 3526 diremi
252 3471 388 3523 terrarius
407 3471 495 3542 Epist.
517 3469 564 3523 ub.
587 3471 636 3521 ili.
658 3488 700 3541 ep.
722 3475 766 3526 12.
787 3488 813 3540 p.
834 3472 896 3526 2¹03·
916 3487 973 3540 seq.
998 3496 1001 3503 ‚

195 3551 240 3602 17.
260 3554 288 3596 te
306 3548 491 3612 concessione]
514 3543 595 3616 bugd.
617 3546 682 3597 iios.
702 3547 777 3597 Man.
797 3544 877 3596 Creu.
899 3573 933 3585 -
954 3553 1042 3596 tecum
1061 3551 1182 3598 cessione
1201 3552 1314 3619 priores.

193 3627 238 3679 18.
256 3616 387 3691 beneficio
407 3623 432 3688 e]
466 3619 548 3691 Lugd.
570 3621 633 3673 liet.
653 3618 731 3673 Mau.
753 3618 834 3671 Creu.
866 3649 895 3660 -
924 3616 1058 3691 beneficio
1077 3629 1137 3672 tes
1164 3625 1257 3676 Princ.
1278 3620 1339 3675 ald.
1359 3619 1425 3673 Lod.

123 3724 153 3739 -
173 3691 310 3765 beneficio
329 3702 356 3743 te
375 3712 411 3744 ex
430 3694 537 3747 Beraid.

196 3772 241 3825 19.
258 3769 419 3835 subiectum]
439 3768 596 3819 subnectens
610 3766 674 3820 Lod.
690 3796 723 3808 -
737 3767 884 3819 subiectum
897 3766 1020 3841 (bamb.)
1034 3769 1116 3824 Creo.
1128 3799 1164 3812 ·-
1183 3810 1198 3837 „
1207 3770 1305 3821 subiici
1317 3788 1366 3842 pro
1388 3777 1426 3822 rie

121 3844 167 3897 bic
187 3841 289 3894 dicitur
308 3843 341 3894 de
361 3861 410 3908 eo,
431 3847 477 3914 qni
504 3861 537 3896 ex
562 3842 691 3894 inferiore
713 3841 774 3895 icco
801 3842 940 3894 extollitur
961 3841 1052 3895 subno
1075 3860 1101 3897 et
1121 3845 1271 3897 euehitur.’'
1311 3790 1425 3898 MAilV.

121 3922 254 3974 Patricius
274 3922 413 3988 antiquam
432 3918 578 3989 lectionem
599 3916 670 3969 hand
692 3920 781 3968 suiuus
801 3916 869 3969 bene
890 3922 930 3969 sic
950 3916 1118 3984 defenderat,
1152 3935 1182 3971 us
1207 3919 1356 3971 subiectum
1375 3937 1427 3971 ei-

120 3992 234 4067 pliceret
253 3990 417 4043 deteriorem
433 4009 488 4063 pro
506 3991 663 4043 melioribus
680 3991 867 4044 substitutum.

191 4071 237 4121 20.
256 4065 446 4137 impetrandam
467 4097 485 4109 -
505 4098 523 4109 -
542 4069 704 4137 imputaret]
740 4069 848 4135 ,llutos
874 4069 971 4118 aetatis
1002 4064 1123 4134 [Claudii
1143 4081 1170 4119 es
1189 4066 1335 4134 Neronis],
1368 4084 1427 4119 non

121 4159 152 4195 sn
203 4144 289 4204 ioris,
309 4155 350 4193 est
371 4157 433 4193 usus
455 4139 529 4193 serbi
551 4144 702 4214 imputare,
730 4155 759 4192 ut
782 4145 818 4193 sit
836 4139 943 4209 aliquid
961 4140 1015 4192 siisi
1032 4146 1144 4210 gratiae
1164 4139 1267 4211 adponi
1275 4142 1427 4211 postulare.

120 4217 177 4270 cr.
196 4214 313 4268 Cassnb.
333 4213 366 4266 sd
387 4214 608 4272 Sues.'1'ib.53.
628 4215 662 4270 Ο.
683 4216 808 4268 Borricb.
828 4215 931 4287 Cogtn.
951 4214 983 4266 de
1004 4218 1032 4268 L.
1052 4216 1082 4269 Ι..
1102 4230 1184 4268 sessi.
1204 4233 1230 4288 p.
1251 4218 1314 4272 290.
1327 4214 1424 4268 Cellas.

120 4292 182 4344 cur.
202 4305 270 4360 poss.
293 4308 319 4361 p.
341 4292 402 4347 i'sS.
421 4287 476 4362 (ed.
497 4290 554 4344 leo.
576 4293 671 4361 1755.)
695 4289 742 4343 Sic
761 4290 852 4343 Tacts.
875 4290 946 4343 litas.
966 4289 988 4342 i.
1008 4295 1052 4349 38.
1071 4291 1096 4342 i.
1115 4294 1159 4348 15.
1181 4290 1277 4344 Senes.
1298 4289 1331 4342 de
1352 4289 1425 4343 brer.

119 4369 166 4419 Vil-
185 4363 232 4421 ὅση
264 4365 377 4417 ΜᾸον.
505 4379 508 4387 ’
1445 4395 1450 4407 ·

192 4442 237 4492 21.
257 4442 297 4499 is,
316 4443 343 4488 si
360 4435 543 4508 defendisset]
564 4437 624 4490 Ald.
644 4453 671 4490 et
693 4454 766 4508 seqq.
789 4466 819 4478 -
840 4441 866 4487 is
883 4433 1053 4503 defendisset
1071 4438 1163 4492 Prius.
1182 4436 1289 4493 llersld.

194 4511 264 4564 ibid.
283 4515 385 4580 nonne]
407 4514 498 4565 Princ.
524 4511 629 4565 Bersid.
652 4511 710 4565 ild.
732 4510 798 4562 Lod.
819 4540 854 4553 -·
873 4529 929 4562 non
947 4516 973 4563 es'
992 4509 1078 4584 bugd.
1097 4512 1162 4566 iiot.
1183 4517 1258 4568 usn.
1277 4515 1358 4566 Creu.

192 4591 238 4641 22.
258 4587 331 4658 esse]
350 4585 433 4657 bugd.
453 4588 517 4640 Hot.
538 4587 613 4639 Man.
633 4586 713 4640 Creu.
732 4615 769 4628 --
787 4592 861 4637 esset
879 4590 992 4658 priores.

192 4664 239 4718 23.
258 4661 305 4711 ica·
326 4662 461 4732 ansiritsss]
490 4661 537 4711 iex
556 4660 588 4711 sie
608 4661 712 4710 ambitu
732 4660 825 4732 Sigon.

191 4739 237 4793 26.
257 4734 374 4788 maioris
383 4738 486 4807 populo
497 4735 620 4788 iiomarso
633 4737 806 4803 existimare]
827 4736 873 4789 Sic
885 4739 994 4807 scripsi.
1005 4763 1043 4778 -
1055 4734 1128 4788 meis
1140 4734 1197 4788 Cis.
1210 4743 1248 4788 tr.
1262 4738 1425 4788 existimare
