3210 5280
175 201 235 264 tte
604 203 1046 270 Pseuoo-Ascouttts

173 338 287 495 quaerisd
297 340 429 446 testibus
450 348 513 405 suis
539 365 630 427 quam
645 343 821 434 *borispid
844 353 907 419 est,
931 340 1125 424 temporibus
1149 341 1209 407 sibi
1241 346 1280 407 tul
1311 344 1473 410 dicendum

188 454 245 517 ege
289 448 357 497 sus.

256 530 300 604 (§.
325 526 661 605 numerosiorem]
704 524 828 588 Dicitur
850 539 881 588 ct
903 536 1126 608 quaestorem.
1172 524 1205 589 Si
1231 532 1478 609 quaesitorem,

172 616 258 680 iiium
281 619 381 700 ipsum
405 617 627 690 Glabrionem,
658 618 744 679 cuius
771 629 837 694 est,
867 631 901 680 ut
923 616 1017 680 sociis
1044 619 1145 680 omnin
1169 629 1257 698 rapta
1287 623 1477 693 rcddautur;

148 710 198 775 ssi
221 720 447 792 quaestorem,
473 709 590 789 [etun,]
613 712 652 771 sd
674 729 763 791 quem
790 709 975 794 rediguntur
1003 709 1177 790 proscripti
1209 713 1345 772 bonnet
1370 734 1386 772 s
1410 735 1476 796 quo

173 800 269 864 sociis
290 802 543 862 adnumerantur.
586 805 757 866 doctorem
786 813 887 863 autem
921 802 996 863 dicit
1029 801 1260 864 aestimatorem
1296 806 1478 884 redempto-

176 912 306 974 remque
328 894 483 955 bonorum
527 894 657 954 damnati
681 894 984 976 atqueproseripti,
1008 893 1060 976 qui
1083 915 1169 975 spem
1184 906 1305 956 sectans
1321 897 1400 959 tucri
1415 897 1475 971 sui,

117 981 206 1068 [cupid
235 995 298 1057 est,
332 997 456 1047 secutus
482 1006 568 1066 spem
600 984 823 1047 aestimationis
851 1007 941 1061 susc,
972 988 1053 1047 bona
1081 987 1184 1063 omnia
1217 987 1362 1050 auctione
1404 1011 1479 1051 ren·

174 1077 236 1149 dit,
260 1086 291 1136 et
310 1077 403 1138 semei
425 1076 518 1138 ini'ert
537 1078 699 1158 pecuniam
723 1077 772 1139 vei
793 1080 915 1142 aerario
937 1079 988 1141 rei
1010 1079 1119 1141 sociis.
1163 1077 1284 1142 Contra
1307 1083 1367 1142 hos
1382 1080 1478 1164 igitur

132 1166 232 1238 roiam
258 1163 376 1248 pugnat
408 1169 548 1242 Verres,
583 1170 700 1254 inquit,
735 1171 771 1232 iis
794 1176 980 1234 subtrahens
1006 1172 1108 1234 omnin
1134 1171 1240 1250 signa,
1275 1192 1337 1232 non
1364 1187 1476 1236 contra

174 1279 240 1332 tue,
262 1259 329 1364 'qui
364 1259 467 1336 iilum,
510 1261 602 1324 etism
635 1261 802 1326 subtractis
833 1265 950 1347 signis,
991 1264 1176 1326 testimoniis
1209 1276 1310 1327 tamen
1348 1287 1478 1347 possurn

175 1371 377 1414 convincere.

258 1445 497 1528 Trierorchus]
553 1447 635 1510 Navi
662 1449 749 1513 trieri
773 1453 986 1534 praepositus.
1042 1455 1070 1515 T
1074 1451 1164 1515 rieris
1186 1463 1295 1516 ternos
1317 1471 1475 1513 remorum

122 1545 125 1554 '
177 1536 303 1601 ordines
326 1538 439 1601 habeti
477 1542 527 1602 lta
549 1554 579 1603 et
601 1543 727 1627 biremis
749 1555 780 1606 et
802 1546 1004 1628 quadriremis
1026 1557 1056 1608 et
1078 1544 1223 1627 deinceps
1246 1546 1405 1607 dicuntur.

133 1656 163 1705 15
258 1637 302 1708 (§.
326 1632 393 1709 53.)
418 1634 524 1711 Quem
553 1637 667 1695 omniu
695 1638 783 1699 intus
812 1657 932 1701 cauere
961 1636 1129 1718 dicebaut]
1185 1636 1265 1701 Cum
1291 1649 1405 1698 cantiut
1431 1636 1474 1699 ci·

267 1779 292 1826 1.
312 1775 415 1839 magis]
436 1789 491 1822 riou
511 1777 602 1839 magis
622 1774 732 1826 Graevii
754 1776 816 1828 MS.

249 1845 319 1898 ibid.
338 1864 419 1914 quam
439 1844 531 1911 horis,
551 1847 583 1896 id
600 1847 659 1913 esi,
680 1849 847 1920 temporibus
865 1851 930 1918 stit]
964 1850 1074 1905 Schttts.
1098 1880 1136 1895 -
1160 1872 1241 1923 quam
1261 1853 1429 1923 temporibus
1447 1853 1478 1905 id

175 1922 288 1974 esttibi
327 1926 382 1972 rior
397 1938 420 1973 s.

266 2001 292 2055 5.
308 1938 438 2063 pDicatur]
461 1997 549 2049 Princ.
569 1994 677 2049 iterati.
699 1996 760 2050 ΔΜ.
781 1996 848 2050 Lod.
867 2028 902 2041 ·-
922 1998 1039 2066 Legitur
1058 1998 1142 2072 Lugd.
1165 2001 1227 2053 iios.
1249 2002 1324 2054 iden.
1344 2003 1428 2056 Cren.

248 2067 318 2123 ibid.
339 2070 369 2121 Si
387 2070 582 2142 quaesitorem]
611 2070 676 2123 Lod.
697 2073 781 2144 Lugd.
802 2074 864 2126 iios.
886 2075 962 2126 Man.
982 2103 1018 2116 -
1037 2081 1062 2124 si
1080 2084 1252 2145 qrtrtestorem
1272 2081 1365 2129 ceteri.

267 2147 294 2199 lt.
314 2150 389 2196 eteius
407 2146 464 2214 est]
487 2147 577 2197 Prino.
598 2145 705 2198 Beruid.
726 2173 758 2186 ·-
776 2152 851 2198 cuius
869 2166 937 2200 ctera
955 2158 998 2200 est
1018 2150 1079 2202 nti.
1099 2166 1125 2202 et
1145 2168 1220 2222 seqq.

249 2220 321 2272 ibid.
339 2224 432 2288 sociis]
454 2225 522 2271 socii
542 2222 631 2287 Princ.
654 2219 760 2274 Bernid.

267 2300 294 2353 5.
312 2297 496 2365 quaestorem]
519 2300 703 2365 qrtaestiorem
723 2300 815 2351 Prino.

248 2369 319 2422 ibid.
339 2370 412 2440 eum]
443 2386 498 2420 otu.
521 2374 609 2421 Ptine.
630 2369 736 2422 tterttd.
760 2371 816 2424 Alo.
838 2369 906 2424 Lod.
1179 2416 1187 2432 ,

249 2443 318 2498 ibid.
335 2448 488 2514 proscripti
506 2443 590 2516 douo]
629 2447 718 2498 trine.
743 2444 848 2499 Beraid.
876 2444 939 2500 Aut.
960 2442 1028 2498 Lod.
1054 2473 1091 2488 -
1112 2452 1245 2518 pecuniae
1266 2466 1303 2498 ete
1323 2454 1477 2519 proscripti

177 2520 256 2572 bouis
276 2519 360 2589 nugi.
382 2519 445 2570 Hos.
466 2519 541 2571 Meu.
562 2519 642 2570 Creo.

274 2598 299 2650 7.
317 2597 439 2660 sectoris]
468 2601 592 2644 sectatus
610 2593 687 2646 Mun.
707 2621 742 2634 -
760 2602 889 2663 spectaris
907 2595 987 2647 Creu.

275 2672 301 2726 8.
319 2673 445 2720 arretinus
478 2667 583 2737 vendit]
623 2685 654 2717 re
687 2674 815 2720 tructione
840 2670 937 2720 uendit
966 2673 1057 2724 Ptine.
1086 2699 1124 2713 -
1150 2674 1192 2720 ret
1225 2675 1350 2721 arretinus
1380 2671 1477 2722 vendit

173 2744 242 2801 Lod.
271 2773 301 2785 -
327 2740 481 2813 ,uentum
500 2742 615 2796 videtur.
654 2743 730 2795 Emit
753 2749 826 2797 enim
853 2744 961 2816 publice
983 2749 1011 2796 in
1034 2752 1160 2797 auctione
1181 2762 1270 2797 sector
1292 2747 1362 2796 bona
1385 2752 1478 2797 oruuia

173 2838 229 2874 uno
251 2823 350 2893 pretio:
372 2817 462 2869 vendit
477 2832 570 2889 postea
584 2821 711 2890 privatim
734 2836 776 2870 res
790 2819 907 2889 singulas
921 2836 971 2871 suo
985 2822 1142 2873 commodo.
1160 2821 1205 2871 sed
1220 2837 1246 2873 et
1267 2820 1344 2871 siiter
1357 2820 1479 2890 loquitur

173 2898 309 2950 Asconius
337 2897 429 2966 prucis
459 2897 563 2965 paginis
591 2896 752 2947 interiectis.
789 2895 881 2962 Quare
906 2909 952 2946 aut
980 2895 1096 2946 vendita
1119 2899 1245 2959 redimit,
1278 2911 1324 2946 sut
1351 2903 1480 2946 aitctiorre

173 2984 229 3020 esua
250 2969 379 3031 redimit,
398 2968 540 3039 legendum
561 2967 685 3020 eeuse0.”
714 2966 799 3022 ΗΟΤ.
827 2997 864 3010 -
890 2967 974 3039 „MS.
994 2979 1022 3021 et
1040 2976 1178 3021 erectione.
1206 2972 1267 3040 Leg.
1288 2988 1324 3020 ex
1343 2976 1480 3021 erectione.

176 3045 307 3099 Gttstw.
346 3045 387 3096 ita
410 3040 528 3093 iortssse
550 3041 628 3106 ioco,
656 3056 685 3094 ut
713 3044 777 3096 Hot.
800 3041 884 3107 vidit,
914 3042 1045 3096 mendoso
1069 3048 1246 3097 succurritur.
1294 3045 1362 3096 iiam
1388 3055 1478 3099 sector

173 3120 245 3171 bona
267 3123 294 3170 in
317 3121 444 3170 auctione
464 3117 630 3183 redimebat,
650 3117 810 3188 tuorumque
829 3119 943 3189 siugulis
967 3120 1045 3170 rebus
1067 3135 1160 3191 postea
1182 3119 1328 3170 vendendis
1347 3117 1478 3172 iaciebat.

173 3197 286 3248 lictum.
300 3191 478 3257 emendabat,
497 3192 613 3243 vendita
626 3191 752 3256 redimit,
772 3208 834 3258 aut,
853 3210 907 3243 terto
928 3192 1051 3253 redimit,
1072 3195 1136 3246 bina
1156 3213 1188 3245 ex
1207 3211 1262 3245 uuo
1281 3193 1363 3245 verbo
1382 3195 1480 3244 vendit

173 3271 297 3321 eliciens.
336 3265 388 3320 sed
408 3265 484 3330 ride,
504 3281 537 3318 an
556 3268 622 3319 ierri
638 3271 723 3338 possit
736 3268 808 3318 borsa
822 3273 913 3318 omnio
927 3286 963 3317 ere
975 3275 1102 3319 arretinus
1122 3269 1261 3342 (nimirum
1275 3267 1359 3341 emta)
1371 3269 1479 3321 vendit.

173 3344 244 3414 Lege
264 3347 357 3395 statim
377 3341 426 3392 oet
442 3346 555 3392 aerario
574 3360 606 3394 ex
625 3341 760 3413 prioribus
783 3341 843 3395 edd.
865 3346 912 3409 [ee
931 3349 1043 3394 aerario
1063 3345 1172 3411 Girsu]
1192 3345 1281 3394 Seme!
1298 3342 1412 3396 iortssse
1427 3357 1480 3395 una

173 3421 304 3491 pensione
324 3415 472 3488 signifieat:
505 3416 615 3468 mallem
643 3431 733 3469 tamen
756 3419 855 3469 simut:
885 3433 944 3470 tum
967 3419 1031 3481 itia,
1057 3419 1148 3471 idest
1167 3427 1363 3482 sectatorem,
1388 3423 1480 3489 spuris
1507 3460 1512 3470 .

173 3509 283 3548 censeo.
312 3494 381 3545 vide
400 3494 547 3544 docenium
568 3489 639 3544 inire
659 3492 700 3564 [p.
712 3493 758 3551 65.
773 3493 851 3560 Heu]
872 3490 906 3544 od
926 3507 953 3546 o.
972 3493 1034 3554 25¹¹
1054 3493 1186 3548 Genti.
1204 3522 1242 3535 -
1260 3495 1334 3546 Fors.
1353 3498 1482 3544 auctione

173 3567 310 3621 recendit.

248 3648 293 3698 1ο.
311 3645 416 3713 inqrttt,
436 3640 486 3713 iis]
524 3641 572 3695 su
591 3644 700 3714 scripsi.
719 3669 757 3684 -
775 3645 806 3693 itt
824 3641 920 3712 quibus
938 3642 1031 3696 Prino.
1049 3640 1156 3696 Beraid.
1174 3640 1234 3696 did.
1247 3640 1314 3720 Lod.
1335 3669 1372 3684 -
1391 3645 1481 3714 iuquit

173 3715 280 3769 Tullius
302 3720 400 3771 ceteri.

248 3791 319 3845 ibid.
336 3788 512 3858 subtrahens]
543 3790 687 3842 subtraxit
712 3789 779 3844 Lod.
809 3811 812 3816 ’

248 3872 292 3924 ti.
312 3869 367 3934 me]
397 3864 462 3919 Lod.
482 3880 508 3918 et
528 3881 602 3937 seqq.
622 3888 659 3904 -
676 3883 706 3917 se
725 3871 839 3938 priores.

246 3941 318 3994 ibid.
338 3945 442 4009 tamen]
469 3947 580 3991 turritam
602 3940 707 3993 Bersid.

248 4020 291 4074 15.
312 4013 509 4086 Trierurciius]
540 4014 709 4067 Trieareirus
728 4017 818 4070 Prius.

251 4091 320 4145 ibid.
340 4091 420 4142 Novi
438 4092 530 4156 trieri]
552 4093 644 4145 Ptine.
665 4089 725 4143 sid.
744 4119 782 4132 -
799 4092 881 4144 Navi
899 4095 1009 4142 triremi
1026 4093 1121 4142 ceteri.

247 4165 317 4220 ibid.
338 4165 446 4217 Tristis
465 4167 571 4233 ternos]
600 4165 710 4220 Graevii
731 4166 794 4220 MS.
813 4192 849 4204 -
869 4161 1058 4235 trieriſjerrros
1078 4168 1168 4219 Ptine.
1182 4192 1217 4206 —
1231 4163 1368 4221 Triremis
1387 4175 1481 4219 ternos

173 4245 258 4296 ceteri
277 4240 403 4312 -„MS.
417 4245 523 4293 trieris.
537 4242 621 4292 recte.
636 4241 688 4293 boc
702 4245 776 4293 enim
789 4239 925 4309 ostendit,
940 4239 1009 4291 unde
1024 4241 1187 4292 trierarchus
1201 4239 1336 4292 dicetur.''
1350 4239 1482 4294 Gutltv,

251 4317 295 4373 tt.
315 4318 510 4387 quadriremis]
538 4320 690 4385 quatrierr's
708 4316 818 4369 Graevii
839 4316 899 4369 MS.
937 4318 1020 4385 ,iios
1040 4331 1103 4367 vero
1122 4315 1258 4368 Graecum
1287 4332 1341 4367 uon
1366 4331 1423 4379 est,
1452 4332 1480 4368 ut

173 4410 255 4468 supra
274 4397 328 4458 (sie
346 4394 420 4444 enim
440 4393 524 4442 scribi
545 4388 651 4456 debuit)
665 4394 780 4454 trieris,
794 4389 934 4466 τριήρης,
956 4405 984 4442 ut
998 4395 1080 4442 etiam
1092 4388 1209 4466 βιὴρης.
1236 4390 1307 4460 Ergo
1322 4394 1350 4441 in
1364 4396 1482 4443 Asconio

173 4471 244 4524 nihii
263 4482 355 4531 tnuto,
373 4468 419 4537 qui
440 4464 537 4517 Latine
556 4464 694 4535 loquitur,
720 4470 831 4535 eiusque
852 4470 974 4537 proprias
994 4469 1128 4517 sermonis
1148 4481 1225 4516 voces
1247 4464 1342 4528 affert,
1366 4481 1479 4536 querum

173 4545 249 4598 nutis
270 4559 311 4596 est
330 4540 361 4592 de
382 4540 498 4593 Graecis
519 4543 614 4611 origo,
646 4556 675 4593 ut
696 4557 769 4593 recte
787 4542 899 4592 Vossius
920 4541 1014 4591 docuit
1035 4545 1062 4591 tn
1081 4539 1201 4610 Etymui.
1221 4555 1385 4608 quamquem
1406 4541 1481 4592 Ciu-

174 4618 292 4672 ridemus
314 4614 495 4679 trierarchus,
527 4618 627 4687 quippe
645 4615 767 4670 Graecus
788 4619 889 4684 homo,
917 4617 1088 4687 Graecseque
1107 4619 1184 4668 navis
1203 4612 1355 4687 prseieetur
1382 4614 1481 4689 eppei-

177 4693 278 4749 ietur.'’
311 4687 444 4745 etuti.

251 4770 296 4826 15.
315 4766 411 4836 Quem]
432 4763 510 4833 Quae
530 4764 620 4822 Prius.
639 4763 746 4819 Beseld.
