3210 5280
403 223 409 235 '
481 246 531 313 ns
552 242 923 314 nrmusmouuss.
1291 239 1351 305 us

132 387 276 451 Putasne
295 394 328 451 te
346 384 462 473 posse]
513 386 687 473 Proprium
709 382 858 455 ,oratoris
891 384 987 468 [est],
1023 381 1055 447 ia
1089 381 1171 446 omni
1203 379 1353 467 qualitate

49 478 264 560 comparativa
285 476 331 541 sic
357 498 473 563 agere,
496 491 551 558 ut,
575 481 628 567 qui
653 480 806 562 praeferri
827 477 919 554 velit,
948 476 1151 540 occasionem
1173 476 1232 539 sibi
1253 486 1355 537 sssmat

51 571 254 646 ostendendi,
278 591 369 654 quum
393 573 496 655 perite
510 576 611 656 possit
626 585 761 637 tractare
776 573 808 633 id
822 572 942 653 ipsum,
966 571 1084 652 dequo
1100 569 1217 654 agitur.
1261 567 1354 651 Ergo

52 663 126 748 quia
159 665 198 725 dc
230 662 451 728 constituendo
484 681 668 732 accusatore
698 664 884 749 ambigitur,
918 662 1054 726 ostendit
1087 659 1222 737 Cicero,
1256 661 1356 744 qualis

51 756 213 820 accusatio
235 748 305 819 esse
326 760 456 835 debent,
481 772 514 822 ut
535 761 667 842 perinde
689 779 726 821 ac
748 758 822 821 dicit
843 757 986 820 videatur
1007 766 1146 818 acturus.
1366 773 1382 825 s

135 853 181 925 (§.
204 847 273 926 39.)
292 847 443 932 Athenis,
463 867 530 913 non
550 850 705 934 Lilybaei
722 881 762 896 -
781 851 926 927 Romae,
943 869 1013 912 non
1034 850 1068 910 in
1087 843 1231 932 Sicilia]
1272 844 1358 911 Dicit

52 941 136 1008 iilum
161 942 301 1004 Graecas
323 938 429 1002 literas
448 939 539 1003 simul
560 952 591 1003 et
612 942 742 1003 Latinus
763 940 794 1004 in
820 938 925 1003 Sicilia
948 937 1108 1012 didicisse,
1131 936 1163 998 in
1188 958 1224 1001 ea
1244 939 1357 1017 insula,

53 1054 134 1118 quae
154 1045 265 1096 neutra
287 1032 393 1117 lingua
415 1033 496 1093 bene
519 1043 637 1096 ututur.
681 1033 730 1095 lta
753 1034 833 1094 enim
858 1033 990 1096 Plautus
1013 1030 1042 1093 iu
1065 1031 1183 1094 Persa:

214 1122 393 1187 Dabuntur
414 1124 531 1207 [dotis]
552 1123 615 1188 tr‘br'
633 1124 735 1205 [iude]
756 1126 907 1189 sexcenti
925 1125 1017 1206 logi,

213 1214 321 1296 Atque
340 1211 443 1279 Attici
463 1216 622 1299 [omnes3]
641 1220 776 1281 nulium
797 1215 955 1277 Siculum
976 1214 1159 1295 acceperis.
1371 1229 1403 1281 su

138 1305 184 1384 (§.
207 1305 276 1383 di.)
298 1305 417 1386 [Quod
438 1311 524 1372 mint
545 1308 588 1372 ab
614 1311 806 1371 amicorum
833 1307 978 1386 negotiis
1011 1302 1125 1386 datar]
1169 1303 1265 1384 Quod
1287 1302 1362 1368 mihi

57 1396 128 1460 licet
148 1418 208 1478 por
230 1396 401 1461 amicorum
424 1399 568 1481 negotia,
592 1400 793 1484 quibuscum
817 1403 1003 1476 occupatus.

138 1491 194 1554 Ita
215 1490 300 1551 midi
318 1490 396 1552 dcos
419 1492 516 1555 velim
536 1488 719 1574 propitios]
763 1488 870 1550 Genus
897 1487 1098 1552 iurisiurandi
1125 1488 1244 1566 idest,
1276 1493 1419 1576 quodue]

58 1581 205 1644 dicimus:
239 1581 375 1641 Tantum
411 1581 485 1642 mihi
515 1581 660 1645 divinitus
691 1582 815 1655 iacent,
850 1591 998 1662 quantum
1026 1594 1134 1644 sensim
1161 1581 1235 1663 [cst]
1266 1582 1362 1658 illud,

59 1676 146 1756 quod
171 1672 243 1735 dico
265 1671 334 1735 tibi.
379 1670 432 1736 Sic
452 1673 569 1758 igitur:
591 1676 645 1738 lta
674 1675 759 1736 mitu'
784 1672 861 1734 deos
884 1673 982 1736 celim
1004 1676 1190 1755 propitios,
1218 1684 1255 1737 at
1275 1687 1407 1738 corn-ts

59 1784 196 1827 moveor
216 1764 331 1826 animo
359 1784 404 1826 ac
428 1774 502 1828 toto
528 1782 671 1847 corpore
694 1761 936 1843 perhorresco,
968 1780 1046 1824 cum
1070 1763 1154 1824 murt
1181 1762 1276 1827 illins
1299 1763 1368 1828 dici

64 1856 149 1919 venit
171 1855 207 1915 in
228 1862 389 1929 mentem,
410 1875 479 1937 quo
505 1853 558 1918 die
581 1858 688 1918 citato
712 1871 770 1914 reo
792 1850 891 1930 [mint
913 1851 1089 1916 dicendum
1112 1852 1180 1932 ειη.
1319 1854 1322 1859 ’

143 1947 188 2020 (§.
212 1943 280 2021 tt.)
301 1941 509 2026 Magnitudo
531 1941 664 2021 iudicii]
707 1940 982 2022 Repetundarum:
1005 1943 1153 2006 iudicium
1176 1944 1243 2008 sine
1269 1941 1366 2007 dubio

61 2057 206 2120 magnam
229 2045 330 2099 estet
351 2054 489 2118 persona
512 2033 647 2110 Verris,
677 2034 732 2118 qui
753 2046 826 2117 post
847 2047 1026 2116 praeturam
1049 2038 1087 2099 dc
1108 2037 1244 2101 fortunis
1265 2038 1367 2101 omui·

104 2397 120 2452 d
156 2333 182 2383 1.
202 2323 338 2397 Putasne]
366 2325 477 2380 Graevii
496 2323 558 2379 MS.
577 2319 645 2378 Lot.
664 2321 750 2398 Lugd.
770 2322 848 2378 Man.
867 2322 949 2379 Creu.
971 2351 1001 2365 —
1026 2323 1181 2396 putabatur
1199 2326 1292 2382 Priao.
1310 2327 1369 2382 Bs-

61 2399 103 2454 ni
123 2442 131 2456 .
154 2399 215 2454 Ald.
234 2401 298 2453 Hos.

140 2472 213 2530 Ibtd.
232 2478 286 2541 est]
307 2490 361 2527 om.
381 2476 472 2528 Prisc.
491 2468 597 2527 Beseld.
616 2469 678 2526 ald.
697 2470 765 2525 Lod.

156 2555 183 2605 2.
202 2566 289 2619 agere
307 2557 337 2600 ut
355 2551 401 2618 qut
416 2544 563 2620 praeferri
580 2548 651 2599 vcltt
669 2551 851 2616 occasionem]
881 2545 928 2601 Sic
947 2551 1055 2618 scripsi.
1081 2576 1117 2590 -
1140 2565 1227 2619 agere
1245 2566 1306 2602 euru
1322 2555 1370 2622 qut

60 2622 192 2700 profirrt
208 2623 285 2675 veta
302 2627 473 2674 occasionem
493 2622 583 2675 Priac.
603 2620 708 2674 Derald.
737 2651 775 2665 -
801 2639 888 2691 agere
906 2631 937 2675 ut
955 2639 1030 2688 eum,
1057 2628 1101 2674 cut
1122 2624 1268 2694 praeferri
1284 2627 1371 2693 vetit,

63 2704 237 2755 mastonem
257 2694 316 2750 tlt.
335 2697 401 2750 Hos.
421 2696 503 2748 Creu.
522 2722 559 2738 -
578 2701 692 2763 ageres
705 2702 737 2746 ut
761 2714 837 2761 eum,
863 2700 910 2767 qur·
923 2697 1070 2770 praeferre·
1087 2699 1172 2764 uelit,
1200 2704 1370 2752 occasionem

63 2773 135 2828 ιοᾶ.
162 2798 197 2814 -
215 2788 302 2839 agere
320 2778 352 2821 ut
369 2788 430 2822 curn
448 2775 493 2822 cut
507 2768 653 2841 praeferri
670 2770 741 2822 uelit
760 2776 931 2824 occasionem
949 2770 1035 2844 Lugd.
1054 2773 1131 2827 Mau.
1150 2800 1187 2815 -
1204 2790 1291 2843 agere
1309 2792 1371 2828 cuns

63 2867 133 2922 quae
150 2844 296 2918 praeferri
314 2847 384 2897 velit
404 2848 572 2897 occasionem
591 2843 703 2899 Gnestt
722 2845 785 2901 MS.

158 2926 185 2980 5.
201 2923 303 2988 perite]
320 2924 432 2990 pariter
450 2920 544 2973 Prino.

157 2998 185 3053 5.
201 2993 328 3065 perinde]
355 2993 473 3063 pronde
494 2995 585 3047 Prion.
604 2992 669 3046 Hos.
689 2992 770 3049 Creu.

159 3074 185 3127 7.
203 3069 288 3120 stmrct
302 3076 332 3120 et
349 3067 480 3136 Latinas]
501 3065 569 3121 Lod.
588 3083 615 3120 ec
634 3084 710 3138 seqq.
729 3097 763 3112 -
782 3068 866 3120 simul
881 3067 1000 3122 Lattnas
1017 3070 1109 3123 Psiac.
1127 3067 1234 3128 Berald.
1254 3067 1316 3126 did.

157 3146 186 3203 9.
205 3142 355 3195 Dabuntur
373 3172 389 3186 .
406 3170 424 3185 ..
441 3172 458 3188 .
476 3143 625 3210 aeceperts]
659 3140 959 3199 trasumenus-
971 3143 1122 3196 Dabuntur
1135 3142 1254 3218 (dabant
1266 3149 1371 3215 Prion.)

57 3217 119 3272 aibr
135 3223 261 3270 sexcenti
278 3218 339 3286 logi
357 3225 440 3289 atquc
459 3220 566 3269 Atttes':
584 3217 824 3269 metamaucum
843 3223 982 3287 acceperis
1002 3217 1093 3272 Prioc.
1106 3218 1213 3272 Bersld.
1228 3217 1289 3274 did.
1304 3222 1371 3276 Lod.

65 3321 105 3335 -
122 3292 273 3344 Dabuntur
291 3291 367 3342 dotis
385 3291 448 3342 indo
466 3296 592 3343 sexcenti
610 3291 664 3343 utt
681 3292 756 3361 logi,
784 3300 867 3362 atquc
885 3293 976 3345 Actus
994 3308 1103 3361 omnes,
1130 3294 1235 3346 nultrun
1252 3295 1373 3350 tuntum

65 3371 204 3438 aeceperts
224 3363 307 3438 Luqd.
326 3365 391 3419 ssot.
410 3366 487 3419 Mau.
508 3366 589 3421 Creo.

143 3449 187 3498 Η.
206 3439 289 3509 Quod
306 3440 324 3483 ὲ
343 3470 363 3482 -
380 3469 399 3482 -
417 3439 514 3508 datur]
554 3441 669 3494 Lemma
687 3438 742 3493 hoc
762 3438 838 3494 abest
857 3454 872 3494 e
892 3441 985 3495 Pstac.
1004 3439 1111 3496 Bessld.
1131 3439 1193 3498 Ald.

142 3521 187 3573 12.
206 3512 288 3584 Quod
303 3511 371 3565 uellet
389 3514 408 3568 t.
424 3534 454 3585 p.
472 3533 499 3570 a.
518 3517 646 3585 neptia]
677 3531 732 3568 om.
751 3515 821 3569 Lot.

140 3585 212 3643 thid.
231 3588 309 3657 nrihs]
329 3605 384 3642 om.
405 3589 492 3662 Luqd.
511 3589 588 3642 Man.

142 3662 214 3717 thtd.
229 3680 282 3733 pcr
299 3667 463 3732 amicorum]
479 3668 650 3732 parntcoruns
669 3667 763 3719 Priac.

143 3735 214 3790 ibid.
232 3737 406 3808 quibuscum
424 3742 584 3810 occrspatus]
618 3739 664 3794 Sic
683 3740 793 3811 scripsi.
814 3764 851 3780 ·-
868 3737 964 3808 quibus
982 3748 1131 3810 occupatur
1149 3741 1244 3796 Ptine.
1263 3740 1372 3797 Besald.

68 3809 131 3865 ttd.
150 3810 217 3864 tot.
236 3839 273 3855 -
291 3812 388 3881 quibus
405 3823 569 3884 occupamur
587 3812 652 3867 Dos.
671 3814 751 3868 Creu.
771 3839 809 3854 -
826 3827 882 3865 otu.
904 3811 989 3884 Lugd.
1010 3816 1085 3868 Meo.

147 3888 192 3945 ιδ.
210 3886 258 3938 lta
270 3886 338 3937 rstbt
350 3885 427 3955 deoc]
441 3892 483 3939 tta
495 3886 561 3938 deas
571 3887 638 3940 nrtbt
650 3889 792 3943 ciceronis
807 3885 886 3940 editt.
899 3903 1006 3960 praeses
1019 3887 1195 3961 Zumpstum,
1210 3907 1290 3963 quem
1303 3891 1373 3951 ride.

143 3963 190 4018 14.
208 3963 264 4028 est]
285 3977 340 4015 oar.
361 3962 451 4016 Ptine.
471 3959 580 4015 Bentd.

144 4037 261 4093 15-17.
281 4035 327 4087 lta
345 4034 413 4086 mtht
430 4067 446 4080 -
464 4068 483 4080 -
501 4042 530 4088 tn
549 4038 677 4102 mentem]
716 4034 765 4089 His
792 4053 841 4108 pro
865 4034 995 4091 lemmsse
1018 4042 1131 4110 positis,
1159 4054 1223 4094 sose
1242 4056 1302 4095 soc.
1319 4060 1373 4112 quo

70 4105 206 4161 Ladoicns
226 4114 342 4162 inseruit
362 4110 442 4163 baec:
464 4110 531 4164 Crun
549 4110 620 4162 tttud
637 4109 692 4160 diei
709 4115 787 4162 venit
806 4116 836 4161 in
854 4119 981 4166 mentem.

142 4184 187 4240 16.
206 4184 292 4251 ttttus]
322 4182 388 4237 Lod.
408 4199 435 4238 ec
454 4202 529 4256 seqq.
552 4213 585 4228 -
605 4183 678 4236 tund
696 4185 787 4238 Prisc.
808 4183 912 4240 Berstd.

144 4256 215 4310 lbtd.
235 4257 300 4325 dier]
322 4265 455 4333 temporis
473 4262 612 4313 Ciceronis
632 4259 711 4311 libri:
731 4276 799 4330 quse
819 4259 901 4313 lectio
915 4278 969 4314 non
983 4275 1040 4313 esst
1055 4260 1196 4316 sentrude.
1235 4264 1372 4337 interpres

69 4334 141 4382 enim
161 4335 190 4384 tu
209 4332 251 4385 his
271 4333 415 4386 Ciceronis
433 4336 521 4387 serbis
542 4339 626 4387 etiam
645 4333 698 4385 sita
717 4332 848 4407 quaedum
869 4336 901 4388 de
920 4350 969 4390 suo
989 4339 1163 4404 tsnmusavts,
1188 4354 1232 4403 ur,
1260 4340 1324 4409 quid
1344 4345 1374 4394 ia

68 4402 164 4458 codice
182 4423 233 4459 tao
252 4406 367 4480 legerit,
388 4427 443 4460 uon
462 4423 600 4482 appareat.

88 4557 106 4604 't
126 4486 259 4609 Ι,ῃᾹιςᾳίιιο
278 4481 323 4534 dte
341 4487 441 4550 citato]
475 4482 541 4536 Lod.
567 4500 593 4536 es
614 4500 688 4554 seqq.
717 4511 753 4527 -
781 4502 834 4554 qno
852 4484 885 4536 ds
903 4490 990 4536 citato
1009 4485 1099 4538 Prior.
1121 4484 1228 4539 Dessld.
1256 4516 1293 4529 -
1321 4506 1374 4558 quo

67 4570 91 4604 es
105 4571 124 4604 a
139 4571 157 4604 o
228 4594 236 4610 .

144 4627 215 4685 thid.
235 4628 304 4680 rutbt
322 4629 465 4683 dicendum
484 4635 532 4698 sit]
553 4629 615 4686 edd.
636 4629 703 4685 Lod.

147 4706 192 4759 19.
214 4713 242 4755 et
258 4709 391 4773 persona]
424 4706 470 4758 Sic
495 4710 601 4781 scripsi.
634 4736 663 4747 -
695 4724 731 4757 ex
751 4720 873 4777 persona
899 4709 989 4763 Pctus.
1014 4707 1122 4766 Besstd.
1142 4708 1203 4763 bid.
1230 4739 1265 4754 -
1293 4720 1320 4763 et
1338 4731 1375 4767 ea

67 4794 190 4847 persona
208 4784 303 4833 ceteri.
