3210 5280
486 197 534 260 IN
558 195 700 260 ORAT.
723 197 820 262 Ptto
839 195 1015 258 SESTIO.
1350 187 1410 253 29⁵

177 337 212 412 2.
240 341 433 413 fraternis
460 337 628 438 flagitiis,
655 341 812 412 sororiis
839 337 1015 436 stupris¹.

182 461 224 521 Et
248 457 371 538 Appius
388 455 541 520 Claudius
560 454 659 518 maior
682 469 753 518 ιιιιιιι
777 456 900 519 iulamis
922 456 951 518 in
975 457 1106 519 eundem
1123 449 1270 517 Clodium
1289 449 1410 520 leserat3

97 552 152 639 [P.
180 552 268 630 169.]
291 563 321 612 et
346 570 443 613 soror
466 548 600 624 Clodia,
634 561 666 610 ιιι
688 570 783 631 saepe
806 547 1036 623 iamldiximus.

174 669 210 747 3.
239 674 334 773 Quid
362 675 479 746 dicam
506 667 706 746 consules?
733 673 850 746 hocne
879 682 917 745 ut
944 697 1011 771 ego
1038 672 1183 745 nomine
1203 660 1411 765 appellem?

180 795 243 838 —2
265 791 314 855 De
338 791 475 855 Gabinio
498 801 530 854 et
553 789 687 863 Pisone,
704 791 804 875 magis
824 812 881 854 eos
896 790 942 853 rei
966 813 999 871 p.
1028 792 1136 853 hostes
1156 813 1247 876 quarn
1267 795 1412 858 consules
1424 822 1439 868 ς

97 885 283 958 iudicaud03
318 885 465 969 qnoniam
495 885 574 947 haec
602 883 736 968 dignitas
765 885 836 965 plus
858 884 961 949 animo
985 904 1077 969 quam
1098 883 1209 947 habitu
1231 899 1411 951 censeatur.

175 1010 278 1081 Vlll.
308 1002 341 1082 l.
372 1009 476 1082 Alter
504 1011 700 1108 unguentis
727 1005 915 1082 affluens³.

183 1128 244 1169 —⁴
268 1127 394 1188 Summa
416 1147 486 1187 cum
513 1125 669 1189 stomachi
693 1125 866 1190 acerbitate
889 1125 1065 1208 proscindit
1087 1148 1192 1190 mores
1207 1126 1413 1192 Gabinii-⁵
1501 1159 1502 1167 ι

97 1224 254 1303 quodam,
279 1231 313 1282 ιιι
334 1219 520 1282 liniamentis
544 1218 691 1283 omnibns
712 1218 916 1301 inpudicitiae
938 1222 1119 1285 denotetur.

176 1337 212 1417 2.
241 1332 449 1417 venatores
477 1344 659 1418 aetatulae
685 1368 786 1418 suae.
1428 1361 1458 1410 ιι

185 1461 246 1506 —⁶
268 1483 342 1523 rusus
364 1472 428 1535 est,
459 1459 650 1524 teneriorem
682 1462 791 1545 volens
814 1463 984 1526 ostendere
1012 1461 1199 1546 pueritiam,
1228 1486 1293 1548 quo
1317 1464 1415 1548 magia

101 1558 140 1619 ad
163 1568 272 1636 stupra
296 1553 483 1617 vendibilius·
507 1554 696 1618 videretur..

177 1673 213 1752 3.
241 1679 386 1751 Puteali
414 1688 451 1752 et
476 1678 749 1778 faeneratorum
785 1678 981 1779 gregibus⁷
1014 1679 1164 1755 inflatus
1175 1708 1187 1776 3
1227 1707 1248 1755 a
1283 1684 1416 1780 quibus

100 1789 326 1889 conpulsus⁸
359 1790 467 1885 olim,
506 1815 552 1863 ne
589 1794 626 1864 iu
654 1790 825 1887 Scyllaeo
850 1792 915 1866 illo
943 1795 1041 1865 aeris
1068 1793 1177 1866 alieni
1205 1790 1415 1893 tamquam⁹

102 1906 139 1976 iu
169 1899 306 1976 lreto¹⁰
333 1903 379 1973 ad
405 1902 610 1975 columnam
637 1902 941 2000 adhaeresceret,
968 1905 1006 1976 in
1033 1907 1245 1979 tribunatus
1268 1916 1459 2002 postumus

99 2012 370 2113 perfugaeratlb

187 2134 263 2194 Nou
286 2129 384 2193 estin
407 2131 469 2193 lroo
492 2129 659 2194 mediocris
682 2133 860 2197 obscuritas
881 2169 919 2180 -
933 2134 970 2195 ¹².
1015 2131 1103 2196 Dicit
1119 2133 1232 2196 lactum
1249 2133 1417 2200 Gabinium

99 2225 316 2306 superbiorem
341 2224 396 2287 illo
425 2224 612 2306 praecipue,
637 2228 724 2308 qraod
746 2239 828 2290 esset
858 2248 932 2289 acre
964 2224 1069 2291 alieno
1098 2226 1330 2290 defaeneratus.
1376 2228 1419 2291 Et

103 2321 201 2381 utitur
232 2319 389 2401 ambiguis
420 2320 564 2382 locorum
593 2318 791 2383 nominibusz
826 2341 893 2382 nam
925 2320 1038 2385 Puteal
1068 2323 1245 2384 vocabatur
1270 2321 1359 2383 locus
1387 2319 1419 2380 iu

102 2411 250 2474 vicinia¹³
272 2411 357 2486 sori,
383 2411 437 2474 ubi
463 2424 530 2474 erat
551 2414 695 2477 colurrma
719 2413 812 2476 etiam
836 2415 962 2488 Meuia,
988 2417 1069 2496 apud
1094 2435 1186 2496 quam
1213 2414 1372 2476 debitores
1400 2427 1461 2475 att

103 2506 313 2569 creditoribus
340 2505 637 2590 proscribebantur.
682 2507 804 2570 Scimus
826 2521 991 2589 praeterea
1013 2507 1250 2570 columnaml.
1295 2550 1306 2571 .
1352 2549 1363 2570 .
1407 2550 1417 2569 .

443 2643 744 2746 [Desiderontur
761 2650 934 2758 paginae
958 2645 1082 2749 duae]

648 2781 666 2818 e
757 2782 775 2818 a
858 2786 876 2821 ο

178 2887 241 2991 [Ρ.
271 2886 375 2989 134]
402 2892 449 2964 Χ.
479 2883 513 2964 1.
543 2945 552 2966 .
581 2946 590 2964 .
619 2946 628 2963 .
657 2944 667 2963 .
696 2889 784 2964 illos
809 2895 924 2992 magis
951 2894 1007 2967 rei
1032 2917 1068 2990 p.
1097 2917 1205 2992 quam
1232 2896 1419 2992 sapientes

101 3028 277 3101 praeesse
304 3006 453 3078 debere.
1430 3019 1461 3064 ns

176 3139 213 3217 2.
241 3144 315 3218 Eos
341 3153 483 3237 autem,
510 3145 574 3242 qui
600 3144 766 3217 dicerent
792 3145 960 3242 dignitati
986 3146 1233 3218 serviendum.

190 3257 303 3345 Δόγμα
316 3264 340 3302 ¹³
362 3263 425 3325 hoc
439 3260 621 3324 Stoicorum
638 3272 687 3324 est
705 3273 736 3324 et
758 3261 999 3326 Platonicorum
1022 3262 1206 3326 dissentiens
1228 3266 1268 3326 ab
1284 3260 1420 3346 Epicuri

103 3357 303 3418 auctoritate.

176 3473 213 3552 3.
244 3479 290 3553 Ut
316 3481 531 3586 siflgladium
560 3503 676 3578 parvo
704 3503 831 3577 puero.

185 3629 226 3693 -j
248 3600 323 3642 -¹⁵
345 3598 511 3680 inmeritos
534 3597 766 3660 administrandi
789 3599 971 3662 consulatus
986 3620 1078 3664 ounnc
1103 3602 1166 3664 hoc
1188 3602 1322 3663 officium
1343 3611 1462 3663 suaett
1524 3595 1527 3599 ’

175 3832 198 3879 l.
219 3834 278 3879 Cod.
299 3836 396 3878 sororia
415 3833 531 3890 stupris'a.
569 3832 594 3876 2.
614 3836 702 3890 supple
722 3835 819 3879 verbum
844 3833 889 3878 Gr.
928 3830 952 3878 3.
973 3832 1033 3877 Cod.
1053 3833 1159 3896 afluens.
1196 3834 1230 3877 lta
1253 3847 1347 3888 ιειιιριι·
1367 3846 1421 3877 rom

244 3919 310 3947 unica
323 3901 346 3961 s
359 3904 473 3948 scribatur
495 3904 518 3946 iu
539 3904 641 3961 antiquis
663 3905 732 3947 codd.
771 3901 794 3947 d.
814 3904 901 3958 Suppte
920 3906 966 3947 duo
983 3902 1074 3946 Graeca
1096 3903 1178 3946 verba.
1217 3902 1241 3945 3.
1261 3904 1420 3957 §supplendum

239 3979 274 4018 eet
296 3973 414 4017 Graecum
435 3973 528 4029 aliquod
548 3974 733 4022 substantivum.
757 3974 785 4016 ad
805 3974 865 4029 quod
887 3974 1005 4017 referatur
1022 3971 1137 4030 quodum.
1176 3970 1200 4015 6.
1230 3975 1316 4025 supple
1348 3985 1418 4018 uuum

242 4048 281 4087 aut
299 4046 399 4086 alterurn
418 4041 580 4087 verbam'Gr.
620 4042 643 4088 l.
664 4044 725 4087 Cod.
745 4042 884 4100 graegidua
933 4040 956 4085 8.
978 4042 1011 4084 lta
1035 4044 1087 4083 rod.
1103 4044 1221 4084 ιιιιηιιιιιι
1240 4043 1343 4096 antiquas
1360 4053 1417 4086 unas.

243 4114 271 4156 tt
297 4115 319 4156 iu
342 4114 394 4156 edd.
422 4114 484 4156 male
504 4113 647 4169 perculsae.
687 4110 710 4156 9.
732 4111 869 4171 Tamquam
888 4124 1012 4165 perperam
1031 4112 1096 4156 deest
1115 4114 1137 4153 ιιι
1163 4112 1215 4154 edd.
1259 4108 1296 4154 to.
1318 4109 1419 4168 Egregie

241 4188 321 4226 noster
341 4183 431 4235 roden
461 4195 513 4225 nam
533 4184 649 4226 editiones
668 4185 780 4226 mendoso
799 4175 899 4233 habeut,
927 4187 998 4238 atquc
1020 4180 1153 4236 perculsus
1171 4181 1231 4223 otim
1253 4193 1282 4222 ne
1307 4181 1420 4236 acyttueo

240 4253 284 4294 etto
302 4253 371 4293 uaria
398 4251 476 4294 ultani
497 4251 524 4293 in
536 4249 617 4309 srsto.
658 4251 697 4296 ll.
718 4252 779 4295 Cod.
796 4247 952 4309 perfugeret.
993 4247 1032 4295 l2.
1053 4251 1140 4302 supple
1161 4252 1221 4292 duos
1243 4263 1314 4302 urope
1336 4262 1419 4290 uersus

242 4322 287 4363 Gr.
337 4317 375 4364 13.
396 4322 455 4363 Cod.
475 4334 582 4364 escensu.
631 4318 660 4366 ll
691 4321 788 4380 Legitur
816 4323 839 4366 la
861 4323 915 4366 rod.
936 4322 978 4365 boc
1004 4319 1100 4363 verbum
1122 4321 1167 4364 Gr.
1216 4319 1255 4365 15.
1280 4319 1418 4361 t'ersrrutua

241 4389 285 4433 Gr.
306 4404 359 4433 rum
379 4391 462 4433 dimid.

177 4524 222 4576 21.
244 4519 310 4570 llcic
339 4524 472 4589 interpres
499 4519 540 4572 vel
567 4536 722 4571 narraveras
751 4518 894 4570 columnae
915 4517 1040 4570 Maeuiae
1069 4523 1133 4569 saris
1155 4532 1245 4568 uotam
1269 4524 1416 4582 {utramque

101 4597 172 4670 apud
196 4598 332 4648 Romanos
353 4600 519 4664 antiquatos
541 4597 699 4652 historiarum
721 4595 760 4645 uel
775 4598 865 4665 potius
880 4597 1001 4658 uixerat,
1020 4592 1175 4647 columnam
1196 4608 1302 4662 quoque
1323 4591 1418 4662 appll-

101 4674 151 4725 lari
173 4668 317 4738 scopulum
340 4673 367 4720 in
388 4667 468 4722 freto.

179 4755 225 4807 28.
246 4745 305 4798 llao
324 4761 405 4817 anper
425 4764 453 4797 re
474 4749 572 4818 scripsi
593 4743 627 4796 ad
647 4747 734 4800 Cicer.
757 4741 789 4797 de
811 4744 875 4817 llep.
893 4744 917 4812 l·
938 4747 964 4803 5.
