3210 5280
456 833 526 964 Q.
566 829 935 983 Ascooros
977 829 1332 936 rooiottos

879 1093 912 1140 ttt

381 1258 1429 1376 M.TULLJICICERONIS

779 1488 1017 1546 ORATIONEM
1063 1490 1066 1497 '

508 1681 562 1755 IN
588 1680 786 1757 SENATU
813 1679 865 1753 ΙΝ
892 1678 1026 1754 TOGA
1053 1679 1271 1754 cANotot

308 1889 469 1949 CONTRA
489 1890 524 1948 C.
545 1890 759 1949 AN'rottttttti
778 1890 831 1947 ET
850 1890 886 1946 l..
908 1889 1130 1947 CATILINAM
1150 1889 1470 1948 COMPETITORES.

788 2135 990 2149 ῄ

165 2346 352 2460 1¹⁰⁹1Haeo
374 2394 478 2459 oratio
500 2393 580 2457 dicta
604 2404 651 2455 cst
673 2394 716 2461 1..
739 2352 897 2467 Caesare,
921 2391 963 2458 C.
986 2393 1102 2478 Figulo
1125 2413 1210 2456 coss.
1229 2404 1303 2475 post
1317 2414 1428 2457 sontum
1444 2416 1542 2493 qnpttt

234 2512 296 2573 pro
318 2488 470 2553 Cornelio
492 2489 627 2551 dixerat.

709 2635 1057 2699 ARGUMENTUM.

318 2759 382 2822 Sex
403 2755 626 2838 competitores
651 2754 681 2817 in
703 2755 883 2818 consulatus
905 2755 1055 2836 petitione
1077 2753 1194 2820 Cicero
1221 2755 1345 2829 babuit,
1376 2759 1456 2820 duos
1478 2779 1538 2838 po·

209 2850 361 2927 stricios,
379 2851 420 2914 P.
436 2848 608 2930 Sulpicium
622 2847 773 2923 Galbam,
789 2851 832 2911 L.
849 2848 992 2933 Sergium
1008 2848 1194 2923 Catilinam
1217 2860 1354 2933 quatuor
1373 2850 1536 2930 plebeios,

234 2966 275 3008 ex
306 2945 419 3028 quibos
450 2944 514 3008 duo
545 2941 686 3018 nobiles,
721 2940 763 3005 C.
797 2941 985 3017 Antonium,
1019 2943 1071 3005 M.
1097 2940 1228 3004 Antonii
1255 2941 1391 3006 oratoris
1416 2943 1536 3018 filiurn,

233 3039 277 3101 L.
303 3037 445 3102 Cassium
471 3028 668 3120 Longinum,
703 3036 802 3108 duos,
831 3034 884 3117 qui
914 3046 1031 3097 tantum
1058 3056 1121 3098 oon
1142 3033 1236 3116 primi
1261 3056 1301 3097 ex
1322 3034 1448 3097 familiis
1472 3036 1538 3098 sois

233 3131 448 3215 magistratum
474 3128 577 3210 'adepti
599 3138 704 3202 erent,
729 3129 772 3208 Q.
794 3126 997 3192 Cornificium
1020 3139 1051 3190 et
1073 3125 1114 3192 C.
1141 3127 1296 3191 Licinium
1320 3130 1538 3193 Sacerdotem.

234 3222 329 3287 Solos
357 3220 473 3287 Cice'ro
504 3242 545 3294 ex
579 3216 841 3302 competitoribus
874 3219 1012 3303 equestri
1041 3232 1108 3282 erat
1139 3221 1213 3284 loco
1246 3233 1355 3294 ostris,
1390 3232 1483 3304 atque
1507 3221 1538 3282 io

190 3315 381 3398 inpetitione
402 3327 522 3396 patrem
537 3313 649 3376 amisit.
693 3311 819 3377 (laeteri
842 3312 908 3376 eius
930 3313 1155 3395 competitores
1177 3316 1317 3378 modeste
1331 3336 1365 3376 se
1388 3335 1537 3395 gessere,

232 3407 355 3491 visique
380 3418 452 3469 sunt
472 3404 661 3471 Cornificius
686 3417 715 3468 et
739 3405 840 3469 Galba
866 3405 965 3470 sobrii
988 3427 1024 3468 ac
1045 3408 1144 3469 saneti
1170 3406 1246 3481 viri,
1271 3409 1427 3470 Sacerdos
1451 3407 1534 3469 nulia

231 3500 433 3582 improbitate
457 3512 564 3563 notus.
609 3497 772 3574 Cassium,
806 3498 862 3583 qui
888 3497 972 3562 iners
1001 3520 1038 3562 ec
1065 3499 1198 3563 stolidus
1222 3511 1286 3562 tum
1316 3500 1414 3583 magis
1439 3521 1535 3583 quam

304 3743 510 3797 Commeotstio
535 3741 604 3795 boec
629 3745 657 3794 in
683 3740 749 3795 edit.
775 3743 866 3795 Prius.
892 3757 918 3795 et
939 3741 1046 3796 Bemld.
1066 3747 1107 3795 stc
1127 3742 1302 3798 inscribitur:
1333 3745 1485 3796 insertato
1504 3751 1534 3796 io

228 3825 301 3887 toga
319 3817 438 3869 candido
457 3824 556 3869 contro
576 3816 608 3869 C.
626 3821 779 3868 Antonium
797 3825 825 3868 et
844 3816 876 3870 L.
895 3818 1045 3870 Catilinam
1063 3825 1265 3889 competitores.

324 3900 350 3947 1.
368 3893 399 3945 C.
420 3893 531 3961 Figulo]
552 3899 580 3942 et
599 3891 698 3959 Figulo
718 3893 810 3945 Prtoe.

321 3973 348 4027 ὅ.
369 3966 649 4036 ARGUMENTUM]
678 3967 755 4019 Hsoc
775 3969 858 4018 inseri
881 3969 984 4017 tionem
1003 3970 1141 4020 notationi
1163 3971 1309 4038 temporis.
1337 3982 1365 4021 m
1386 3972 1533 4020 inesceris

228 4040 400 4094 orationibus
419 4039 522 4095 {sctum
542 4056 635 4116 sstqex
655 4045 818 4109 succerionis
839 3983 967 4091 editionis
987 4045 1136 4115 principie,
1166 4047 1384 4114 postposuissem
1417 4059 1536 4115 praepo·

229 4131 341 4169 suerunt
360 4113 422 4170 sid.
441 4114 498 4168 Lod
527 4114 613 4187 bugd.
631 4116 694 4171 Hor.
715 4116 792 4168 Meo.
813 4115 909 4176 Creo.;
929 4119 1081 4174 omiserunt
1101 4119 1190 4175 Prioo.
1210 4115 1317 4170 Rerstd.

321 4193 348 4250 6.
369 4189 424 4242 duo
443 4190 561 4260 nobiles]
589 4195 657 4245 duos
675 4190 780 4242 nobiles
799 4188 892 4261 Sigon.

322 4270 347 4321 7.
368 4268 488 4332 tontum]
512 4264 596 4336 bugd.
617 4267 681 4318 Hor.
702 4264 779 4318 Meo.
799 4264 881 4317 Creo.
901 4291 938 4305 -
958 4271 1052 4315 tantors
1070 4269 1184 4337 priores.
1260 4280 1263 4285 ·

305 4348 348 4398 tt.
369 4339 537 4412 Cornificius
554 4346 582 4392 et
602 4339 707 4409 Gotho]
747 4337 833 4409 Logd.
859 4338 937 4392 Mau.
966 4338 1059 4409 Sigon.
1088 4368 1126 4380 -
1152 4339 1187 4407 Q.
1212 4336 1380 4410 Cornificius
1399 4347 1427 4390 et
1446 4338 1538 4391 Galba

229 4414 320 4469 Prios.
340 4413 448 4468 iterato.
471 4412 529 4467 Atd.
553 4412 619 4467 Lod.
639 4415 704 4467 flor.
724 4444 758 4457 -
778 4414 812 4483 Q.
833 4410 1000 4484 Cornificius
1018 4422 1045 4463 et
1066 4413 1096 4465 P.
1116 4414 1206 4465 Golia
1225 4418 1305 4467 Creo.

303 4489 375 4545 ibid.
396 4489 484 4541 sobrii
502 4492 656 4556 arsamis]
678 4486 784 4542 Bersld.
804 4487 871 4545 Lod.
890 4503 917 4540 et
937 4505 1011 4559 seqq.
1029 4516 1067 4529 -
1085 4504 1154 4538 sonu
1172 4493 1266 4539 saneti
1285 4491 1373 4542 Prioc.
1393 4515 1430 4529 -
1449 4487 1536 4539 sobrii

229 4570 319 4616 sancti
341 4565 400 4618 Ali.

304 4645 349 4694 12.
368 4638 512 4702 Casstmn,
532 4641 578 4707 qui
595 4642 671 4689 iners
689 4655 723 4689 oc
742 4635 871 4705 stolidus]
902 4635 987 4708 bugd.
1013 4635 1078 4688 Hos.
1096 4636 1174 4690 Mon.
1195 4637 1277 4689 Creo.
1297 4663 1331 4676 -·
1352 4637 1467 4689 cassim
1490 4641 1536 4707 ptri

228 4716 257 4763 in
276 4718 334 4764 eius
352 4712 470 4765 stolidus
489 4715 580 4767 Prior.
600 4741 636 4755 -
654 4712 768 4766 Cassius
786 4717 832 4783 qui
849 4717 926 4766 imre
943 4729 978 4764 ao
995 4710 1115 4763 stolidus
1134 4710 1240 4765 Bereid.
1261 4710 1321 4766 Atd.
1341 4710 1410 4764 Lod.
