3210 5280
144 162 248 287 ‘ssa'
296 178 298 183 ’
614 214 1038 283 asenna-aseensus

180 355 241 419 iam
274 355 695 441 probaveritposscssorem
719 374 789 421 esse
816 377 904 432 euin,
938 355 992 442 qui
1012 355 1198 422 incubavit?
1233 356 1346 444 Ergo,
1377 350 1398 424 a
1424 383 1492 447 quo

180 448 314 530 pretium
337 451 475 533 accepit,
505 470 721 533 possessorem
743 448 831 513 illum
857 462 967 525 vocat,
998 460 1030 513 et
1054 461 1141 513 vetat
1163 472 1233 515 eum
1258 452 1366 518 iacere
1389 435 1489 538 spoti-

180 542 320 616 siouem,
354 555 385 606 et
417 565 486 605 cum
515 543 548 606 in
570 542 800 625 possessionem
824 541 948 605 mittere
976 554 1107 625 praetor
1129 543 1197 626 ipse
1222 547 1370 622 deberet,
1394 569 1488 631 quem

183 638 320 699 nondum
343 635 425 698 misit
445 635 505 699 iam
528 657 744 718 possessorem
767 637 916 719 appellat.

155 745 170 794 i
262 732 378 811 Ergo,
402 728 484 812 quio
499 750 681 812 possessor
701 740 770 804 est,
795 750 863 793 nou
885 750 997 793 moues
1007 728 1243 812 possessione:
1263 730 1295 794 si
1304 753 1491 815 possessor

179 840 246 883 nou
267 831 355 882 esset
363 863 372 895 ,
407 841 475 884 nou
496 821 612 903 dares]
655 821 859 886 Contrarium
880 821 1004 904 posuit,
1042 831 1077 884 ut
1099 826 1279 888 ostenderet
1300 825 1489 907 improbita-

178 921 239 974 tem
268 912 434 996 gratificati
462 917 633 995 praetoris.
689 916 782 999 Ergo
807 935 865 976 nec
896 914 1031 979 adimere
1062 914 1120 978 tibi
1148 915 1222 980 lieet
1253 919 1488 1000 possessionem

176 1002 354 1081 incubanti,
378 1027 437 1070 nec
458 1010 534 1071 dare
557 1008 626 1072 iure
651 1006 814 1090 poscenti:
839 1009 863 1081 †
885 1010 972 1090 quod
998 1020 1062 1070 tum
1087 1019 1268 1093 utrumque.
1313 1009 1383 1075 Cur
1404 1013 1489 1075 bisne

177 1099 396 1177 possessorem
419 1100 579 1177 nominas,
604 1122 621 1163 a
642 1098 707 1183 quo
728 1111 898 1180 corruptus
920 1119 972 1174 es,
997 1098 1085 1183 quasi
1107 1120 1195 1176 eum,
1220 1102 1293 1188 quia
1314 1125 1485 1186 possessor

136 1188 310 1266 indicitur,
334 1212 481 1257 amovere
503 1196 541 1258 de
564 1192 763 1276 possessione
785 1215 848 1265 non
871 1193 1007 1275 posses?

260 1285 304 1361 (§.
329 1287 418 1363 iit.)
440 1286 478 1350 Si
498 1287 539 1349 de
560 1286 746 1350 hereditate
767 1286 968 1370 ambigitur]
1012 1285 1118 1369 Caput
1139 1299 1187 1351 est
1208 1287 1301 1353 edicti
1322 1290 1453 1357 Verris.

258 1380 334 1440 Hoc
354 1380 603 1443 translaticium
624 1376 687 1460 est]
731 1378 897 1443 Ciceronis
920 1382 1016 1443 verba
1038 1393 1123 1445 sunt.
1496 1388 1503 1397 “

119 1493 168 1558 [η]
258 1470 327 1552 Qui
347 1491 384 1533 se
404 1472 496 1536 dicat
516 1473 671 1536 heredem
692 1472 780 1553 esse]
821 1472 1069 1539 Verba-Verris
1083 1474 1208 1538 iniusta.
1231 1474 1345 1551 Dabo,
1362 1476 1481 1563 inquit,

176 1558 204 1622 si
227 1562 299 1645 quis
321 1563 442 1626 tabulas
468 1565 644 1627 testamenti
669 1566 749 1628 bene
775 1565 957 1648 obsignatas
979 1568 1161 1648 protulerit.
1205 1570 1354 1653 Sequitur
1380 1591 1482 1634 nunc:

133 1653 287 1729 sanabo,
311 1653 430 1737 inquit,
454 1654 481 1721 si
501 1679 535 1721 se
559 1669 677 1721 tantum
704 1658 850 1721 herodem
875 1658 992 1721 iactum
1015 1679 1083 1724 esse
1104 1661 1238 1736 dixerit,
1262 1663 1404 1746 quamvis
1430 1662 1483 1725 ille

173 1756 390 1811 testamentum
416 1771 480 1814 non
502 1751 659 1833 proferat.
702 1752 849 1832 Apparet
870 1751 1006 1814 Verrem
1030 1765 1140 1817 contra
1162 1756 1333 1818 Minuciam
1356 1767 1482 1840 gentem

172 1837 270 1903 inisse
298 1854 484 1925 corruptum
516 1848 556 1907 ab
585 1866 643 1920 eo,
675 1866 765 1929 quem
788 1854 861 1907 aute
890 1864 1107 1925 possessorem
1137 1849 1274 1931 appellat
1297 1848 1329 1911 iu
1354 1848 1479 1923 edicto,

174 1952 265 2014 quam
288 1933 315 1997 ei
337 1937 567 2017 possessionem
591 1951 720 2022 paratus
741 1948 788 2000 est
810 1939 898 2000 dare.

256 2031 334 2108 Ipse
360 2029 396 2092 iu
418 2030 588 2096 Siciliensi
608 2030 729 2112 edicio]
786 2031 916 2112 Figura
939 2029 1111 2112 prolepsis.
1154 2031 1229 2094 Non
1265 2030 1345 2094 enim
1379 2034 1482 2096 adbuc

131 2123 372 2201 supervenimus
394 2125 435 2184 ad
463 2123 621 2202 Siciliam,
651 2125 738 2188 cuius
762 2123 890 2187 crimina
918 2120 949 2186 in
976 2124 1175 2188 accusatione
1198 2126 1305 2190 futura
1332 2137 1424 2206 sunt,
1448 2127 1480 2191 iu

173 2223 317 2297 tempore
339 2216 520 2296 praeterita.
956 2222 958 2227 ’

255 2313 300 2385 (§.
325 2309 408 2386 118.)
430 2311 548 2392 Capite
569 2309 743 2390 Anniano]
787 2302 926 2391 Proprie
948 2305 1023 2372 iuris
1043 2307 1160 2392 capita
1180 2307 1339 2372 dicuntur.

253 2402 299 2478 (§.
324 2401 413 2480 119.)
435 2406 476 2467 In
496 2404 619 2488 quibus
638 2405 689 2467 ita
709 2402 911 2482 intercessit]
955 2402 1172 2478 intercedere,
1197 2415 1231 2465 ut
1254 2403 1359 2479 vides,
1384 2402 1476 2466 etiam

61 2492 68 2509 ‘
172 2506 303 2575 praetor
323 2496 465 2576 praetori
486 2498 586 2575 solet,
610 2509 645 2561 ut
658 2497 736 2562 Piso
751 2494 868 2572 Verri,
892 2494 1104 2577 appellatione
1125 2516 1237 2559 musae
1258 2498 1297 2558 ad
1320 2495 1476 2580 collegam

126 2586 265 2650 isiacis.
739 2606 741 2608 ·
1289 2588 1292 2594 ’

252 2683 296 2760 (§.
321 2681 408 2760 tio.)
430 2686 542 2767 Quam
560 2685 662 2765 pleno
681 2702 722 2744 ae
744 2679 880 2772 rfferta
900 2628 1106 2762 Chelidonis]
1157 2679 1289 2745 Plebeia
1320 2685 1475 2764 quaedam

258 2882 285 2936 5.
301 2882 484 2950 possessione]
505 2878 566 2934 tid.
586 2895 613 2934 et
632 2896 706 2949 seqq.
726 2907 762 2922 -
778 2882 976 2950 possessiouem
995 2878 1087 2931 Princ.
1107 2876 1214 2933 Beraid.

260 2958 286 3010 7.
306 2954 427 3006 adurere
446 2957 509 3024 tiis]
539 2954 608 3009 Lod.
630 2971 657 3009 et
676 2970 752 3027 seqq.
776 2981 815 2997 -
838 2952 976 3006 adimeret
992 2953 1032 3004 idi
1050 2954 1142 3009 Ptine.
1161 2950 1221 3009 iti.
1241 2981 1278 2996 -
1295 2952 1419 3007 adimere
1436 2955 1475 3008 ibi

89 3058 91 3062 ν
166 3027 273 3083 Berald.
604 3079 606 3082 .

259 3113 286 3166 8.
304 3104 378 3176 quod
395 3110 453 3156 ium
472 3111 625 3173 uirumque.
644 3104 704 3171 cur]
742 3102 790 3156 Sic
812 3116 941 3174 corrupte
961 3102 1052 3156 Prior.
1071 3100 1177 3155 iisrald.
1198 3099 1259 3157 nii.
1284 3130 1323 3146 -
1346 3102 1420 3176 quod
1442 3112 1474 3156 ias

166 3186 309 3250 uirumque
318 3177 417 3249 facis,
439 3196 499 3230 cum
521 3178 587 3230 Lod.
609 3206 643 3220 ·-
663 3176 813 3248 peredeum
832 3186 976 3247 tetrumque
988 3173 1061 3248 fieri
1079 3185 1223 3247 oporteat,
1244 3194 1293 3227 cur
1312 3182 1408 3231 ceteri.

242 3261 286 3310 10.
302 3271 448 3324 possessor
468 3253 579 3321 diciissr]
602 3251 685 3324 bugd.
706 3253 771 3305 iios.
792 3252 963 3305 Monesen.
982 3268 1177 3320 -possessor
1196 3251 1319 3303 adiaiissr
1333 3254 1423 3306 Prino.
1436 3281 1473 3297 -

162 3333 318 3398 possessori
335 3328 465 3380 adiicitur
477 3326 583 3382 Beraid.
598 3354 633 3367 -
644 3345 789 3396 possessor
800 3327 935 3378 adiicitur
948 3324 1010 3381 aid.
1025 3353 1062 3367 —
1070 3331 1239 3396 possessioni
1251 3325 1392 3378 addicitur
1405 3325 1473 3382 ted

239 3403 312 3456 ibid.
331 3405 472 3470 amovere]
507 3405 597 3456 Petne.
617 3401 725 3455 Brrsld.
745 3402 806 3457 nid.
826 3400 896 3457 Lod.
918 3428 954 3444 -
971 3417 1082 3452 movere
1100 3400 1187 3473 bugd.
1207 3400 1272 3454 iios.
1291 3401 1369 3456 usn.
1389 3402 1471 3456 Creo.

239 3476 311 3531 ibid.
326 3481 433 3550 posses]
451 3482 544 3547 possis
562 3476 630 3529 Lod.

239 3561 284 3610 11.
304 3550 394 3623 Caput
412 3561 454 3604 est
473 3551 568 3619 edicti]
595 3548 665 3606 Lod.
686 3564 713 3604 et
733 3562 808 3621 se'qq.
826 3574 861 3591 -
880 3548 971 3623 Caput
988 3556 1031 3599 esi
1048 3547 1117 3601 dieti
1134 3554 1248 3623 priores.

238 3632 282 3687 15.
301 3627 357 3696 Qui
381 3644 410 3679 se
435 3627 525 3694 dicei]
557 3631 603 3698 qui
629 3626 722 3693 dieat,
751 3629 855 3678 omisso
882 3628 1061 3698 pronomine,
1089 3624 1159 3698 apud
1189 3626 1352 3680 Ciceronem
1381 3624 1471 3680 edidit

162 3699 233 3756 Ζιιιιι
256 3707 319 3756 tius.

236 3720 309 3830 ibid.
329 3777 434 3832 Verris
451 3778 568 3842 iniusta]
590 3774 692 3829 Verris
708 3777 765 3825 ista
783 3777 888 3824 iniusta
908 3770 976 3828 Lod.
1109 3810 1114 3819 .

237 3857 282 3911 15.
302 3851 430 3923 Sequitur
449 3869 536 3902 natue:
567 3849 662 3917 Dabo]
688 3849 734 3901 Sic
759 3852 870 3921 scripsi.
889 3876 925 3890 -
943 3851 1086 3919 sequiiurc
1116 3846 1199 3900 Deio
1225 3843 1307 3918 Lngd.
1334 3849 1410 3902 Man.
1431 3877 1470 3892 -

160 3931 301 3997 sequeitur:
319 3944 375 3978 uon
393 3926 465 3978 dabo
484 3930 578 3981 ceteri.
598 3952 631 3967 -
653 3924 823 3993 ,Monaedes
838 3923 987 3975 Ascanium
1007 3937 1134 3986 accuses,
1154 3927 1245 3995 potius
1259 3920 1468 3981 emendandum.

160 4002 304 4055 Manutius
329 4006 504 4075 negationem
523 4001 679 4060 abiecerat,
698 4013 725 4052 et
738 3998 835 4052 exinde
849 3996 966 4068 Oporini
985 3996 1080 4051 editio.
1118 3996 1200 4065 Quod
1213 4001 1236 4050 si
1251 3998 1338 4062 nolis,
1358 4000 1468 4052 retrsbe

159 4076 236 4130 illam
256 4080 396 4148 superius,
425 4092 454 4130 ut
474 4081 526 4139 sit,
554 4076 620 4127 Non
638 4073 726 4139 dabo,
754 4077 859 4144 inquii,
890 4076 946 4123 nisi
971 4077 1040 4143 quis.
1077 4073 1166 4139 Tum,
1195 4072 1283 4138 dabo,
1311 4076 1338 4124 si
1361 4090 1407 4137 se,
1437 4088 1468 4126 ut

159 4151 269 4205 Manus.
294 4156 370 4204 cuins
397 4156 482 4204 tutior
507 4165 548 4203 est
571 4154 655 4212 ratio;
688 4147 789 4216 sitem,
818 4162 901 4220 quens
926 4151 1073 4221 proposui,
1101 4152 1324 4210 wureniendor,
1353 4152 1377 4203 si
1404 4147 1467 4203 idSi

149 4224 332 4279 ,firmabunt.''
364 4225 495 4282 Ginai.

234 4309 278 4362 18.
297 4304 333 4371 ei]
354 4299 422 4354 Lod.
442 4297 474 4354 αι’
489 4317 565 4371 seqq.
585 4321 622 4337 -·
640 4302 671 4349 irs
690 4301 803 4369 priores.

232 4381 277 4433 21.
293 4378 463 4447 praeterita]
486 4374 570 4446 Lugd.
591 4372 656 4426 iios.
677 4375 753 4426 nm.
773 4371 854 4425 Creu.
873 4374 911 4411 ·'-
926 4375 1082 4441 preeterito
1095 4374 1216 4497 priores.

231 4455 277 4507 22.
297 4453 441 4517 Anniano]
463 4448 525 4504 nid.
544 4465 571 4502 et
591 4464 666 4519 seqq.
686 4473 719 4490 -
740 4450 882 4498 Annianio
903 4445 992 4499 Prisc.
1010 4444 1092 4499 Bessi
1113 4482 1120 4497 .

231 4529 268 4584 26
286 4542 313 4581 et
334 4543 393 4597 sqq.
414 4524 544 4578 Scholion
565 4525 619 4577 boc
639 4525 763 4595 sequenti
784 4524 967 4594 postpositum
989 4536 1029 4573 est
1050 4525 1077 4572 in
1092 4516 1304 4573 Priueiiersld.
1322 4515 1384 4572 iii,
1398 4517 1466 4572 Lod.

231 4605 376 4671 26.‘pisrro
394 4617 428 4651 ac
446 4597 568 4670 referia]
586 4598 669 4667 piena
688 4606 770 4666 eique
790 4592 899 4664 referta
919 4596 998 4648 editt.
1012 4597 1163 4648 Ciceronis.
1202 4592 1254 4646 Sed
1269 4611 1331 4646 corn
1347 4594 1464 4646 i’seudo·

155 4677 271 4806 gsappqqp
291 4679 464 4824 οὸιιιΐιιιὶιιιιι
484 4673 563 4728 codd.
584 4677 696 4747 Lagona.
716 4687 828 4742 ornnes,
848 4686 916 4743 ques
935 4685 1045 4765 secutus
1058 4683 1099 4724 est
1112 4669 1266 4744 Zampiins.
1304 4669 1388 4736 (item
1402 4666 1464 4722 cod.

211 4769 229 4824 q
267 4787 275 4806 .
320 4770 346 4804 a.
