<?xml version="1.0" encoding="UTF-8"?>
<!DOCTYPE html PUBLIC "-//W3C//DTD XHTML 1.0 Transitional//EN"
    "http://www.w3.org/TR/xhtml1/DTD/xhtml1-transitional.dtd">
<html xmlns="http://www.w3.org/1999/xhtml" xml:lang="en" lang="en">
 <head>
  <title>
</title>
<meta http-equiv="Content-Type" content="text/html;charset=utf-8" />
  <meta name='ocr-system' content='tesseract 3.04.00' />
  <meta name='ocr-capabilities' content='ocr_page ocr_carea ocr_par ocr_line ocrx_word'/>
</head>
<body>
  <div class='ocr_page' id='page_1' title='image "./operaquaesupers03halmgoog/operaquaesupers03halmgoog_0196.png"; bbox 0 0 3210 5280; ppageno 0'>
   <div class='ocr_carea' id='block_1_1' title="bbox 316 212 1361 282">
    <p class='ocr_par' dir='ltr' id='par_1_1' title="bbox 316 212 1361 331">
     <span class='ocr_line' id='line_1_1' title="bbox 316 212 1361 282; baseline -0.004 -4"><span class='ocrx_word' id='word_1_1' title='bbox 316 215 366 278; x_wconf 80' lang='lat' dir='ltr'>ln</span> <span class='ocrx_word' id='word_1_2' title='bbox 389 215 496 280; x_wconf 86' lang='lat' dir='ltr'>ACT.</span> <span class='ocrx_word' id='word_1_3' title='bbox 519 217 566 282; x_wconf 83' lang='lat' dir='ltr'>ti.</span> <span class='ocrx_word' id='word_1_4' title='bbox 590 216 638 280; x_wconf 78' lang='lat' dir='ltr'>ln</span> <span class='ocrx_word' id='word_1_5' title='bbox 661 212 704 280; x_wconf 83' lang='lat' dir='ltr'>C.</span> <span class='ocrx_word' id='word_1_6' title='bbox 728 213 931 278; x_wconf 85' lang='lat' dir='ltr'>VERREM</span> <span class='ocrx_word' id='word_1_7' title='bbox 952 215 1043 276; x_wconf 91' lang='lat' dir='ltr'>LlB.</span> <span class='ocrx_word' id='word_1_8' title='bbox 1061 214 1097 277; x_wconf 92' lang='lat'>1.</span> <span class='ocrx_word' id='word_1_9' title='bbox 1301 212 1361 276; x_wconf 74' lang='lat'>165</span> 
     </span>
    </p>
   </div>
   <div class='ocr_carea' id='block_1_2' title="bbox 52 328 1473 2663">
    <p class='ocr_par' dir='ltr' id='par_1_2' title="bbox 52 328 1417 619">
     <span class='ocr_line' id='line_1_2' title="bbox 128 328 1417 441; baseline -0.005 -23"><span class='ocrx_word' id='word_1_10' title='bbox 128 328 276 418; x_wconf 69' lang='lat' dir='ltr'>Aciliam</span> <span class='ocrx_word' id='word_1_11' title='bbox 296 355 419 440; x_wconf 77' lang='lat' dir='ltr'>legem]</span> <span class='ocrx_word' id='word_1_12' title='bbox 464 357 561 421; x_wconf 82' lang='lat' dir='ltr'>Acilii</span> <span class='ocrx_word' id='word_1_13' title='bbox 589 352 790 426; x_wconf 75' lang='lat' dir='ltr'><strong>Glabrionis,</strong></span> <span class='ocrx_word' id='word_1_14' title='bbox 824 351 922 432; x_wconf 88' lang='lat' dir='ltr'>patris</span> <span class='ocrx_word' id='word_1_15' title='bbox 951 351 1079 441; x_wconf 79' lang='lat' dir='ltr'>huiusce</span> <span class='ocrx_word' id='word_1_16' title='bbox 1111 352 1286 434; x_wconf 86' lang='lat' dir='ltr'>praetoris,</span> <span class='ocrx_word' id='word_1_17' title='bbox 1320 355 1417 415; x_wconf 67' lang='lat' dir='ltr'>deiitl</span> 
     </span>
     <span class='ocr_line' id='line_1_3' title="bbox 52 446 1361 537; baseline 0.002 -31"><span class='ocrx_word' id='word_1_18' title='bbox 52 467 119 529; x_wconf 85' lang='lat' dir='ltr'>quo</span> <span class='ocrx_word' id='word_1_19' title='bbox 150 446 240 510; x_wconf 89' lang='lat' dir='ltr'>etiam</span> <span class='ocrx_word' id='word_1_20' title='bbox 273 470 368 530; x_wconf 87' lang='lat' dir='ltr'>supra</span> <span class='ocrx_word' id='word_1_21' title='bbox 406 451 501 525; x_wconf 83' lang='lat' dir='ltr'>dixit3</span> <span class='ocrx_word' id='word_1_22' title='bbox 534 473 615 537; x_wconf 87' lang='lat' dir='ltr'>quae</span> <span class='ocrx_word' id='word_1_23' title='bbox 646 450 698 512; x_wconf 82' lang='lat' dir='ltr'>lex</span> <span class='ocrx_word' id='word_1_24' title='bbox 729 469 832 532; x_wconf 89' lang='lat' dir='ltr'>neque</span> <span class='ocrx_word' id='word_1_25' title='bbox 864 448 1225 528; x_wconf 72' lang='lat' dir='ltr'>comperendinationem</span> <span class='ocrx_word' id='word_1_26' title='bbox 1259 469 1361 528; x_wconf 72' lang='lat' dir='ltr'>nequae</span> 
     </span>
     <span class='ocr_line' id='line_1_4' title="bbox 53 536 415 619; baseline 0.017 -20"><span class='ocrx_word' id='word_1_27' title='bbox 53 536 285 619; x_wconf 71' lang='lat' dir='ltr'>ampliationem</span> <span class='ocrx_word' id='word_1_28' title='bbox 308 542 415 605; x_wconf 88' lang='lat' dir='ltr'>habet.</span> 
     </span>
    </p>

    <p class='ocr_par' dir='ltr' id='par_1_3' title="bbox 54 631 1387 903">
     <span class='ocr_line' id='line_1_5' title="bbox 139 631 1386 719; baseline 0 -28"><span class='ocrx_word' id='word_1_29' title='bbox 139 631 193 694; x_wconf 90' lang='lat' dir='ltr'>lta</span> <span class='ocrx_word' id='word_1_30' title='bbox 213 635 345 696; x_wconf 90' lang='lat' dir='ltr'>mittam</span> <span class='ocrx_word' id='word_1_31' title='bbox 366 637 399 696; x_wconf 87' lang='lat' dir='ltr'>in</span> <span class='ocrx_word' id='word_1_32' title='bbox 420 639 614 719; x_wconf 80' lang='lat' dir='ltr'>consilium]</span> <span class='ocrx_word' id='word_1_33' title='bbox 656 639 781 714; x_wconf 78' lang='lat' dir='ltr'>idest,</span> <span class='ocrx_word' id='word_1_34' title='bbox 806 635 980 716; x_wconf 80' lang='lat' dir='ltr'>perorabo.</span> <span class='ocrx_word' id='word_1_35' title='bbox 1025 636 1107 697; x_wconf 88' lang='lat' dir='ltr'>Nam</span> <span class='ocrx_word' id='word_1_36' title='bbox 1134 633 1255 696; x_wconf 91' lang='lat' dir='ltr'>mittere</span> <span class='ocrx_word' id='word_1_37' title='bbox 1281 631 1386 694; x_wconf 65' lang='lat' dir='ltr'>inat·</span> 
     </span>
     <span class='ocr_line' id='line_1_6' title="bbox 54 722 1387 801; baseline 0 -16"><span class='ocrx_word' id='word_1_38' title='bbox 54 745 108 785; x_wconf 83' lang='lat' dir='ltr'>cea</span> <span class='ocrx_word' id='word_1_39' title='bbox 128 722 162 785; x_wconf 94' lang='lat' dir='ltr'>in</span> <span class='ocrx_word' id='word_1_40' title='bbox 184 725 348 787; x_wconf 85' lang='lat' dir='ltr'>consilium</span> <span class='ocrx_word' id='word_1_41' title='bbox 370 740 418 789; x_wconf 90' lang='lat' dir='ltr'>est</span> <span class='ocrx_word' id='word_1_42' title='bbox 439 726 595 793; x_wconf 77' lang='lat' dir='ltr'>dimittere</span> <span class='ocrx_word' id='word_1_43' title='bbox 618 731 737 794; x_wconf 86' lang='lat' dir='ltr'>iudices</span> <span class='ocrx_word' id='word_1_44' title='bbox 752 731 790 791; x_wconf 87' lang='lat' dir='ltr'>ad</span> <span class='ocrx_word' id='word_1_45' title='bbox 805 727 984 790; x_wconf 88' lang='lat' dir='ltr'>seutentiam</span> <span class='ocrx_word' id='word_1_46' title='bbox 1002 728 1181 801; x_wconf 77' lang='lat' dir='ltr'>dicendam,</span> <span class='ocrx_word' id='word_1_47' title='bbox 1208 725 1259 788; x_wconf 82' lang='lat' dir='ltr'>ubi</span> <span class='ocrx_word' id='word_1_48' title='bbox 1285 723 1387 786; x_wconf 77' lang='lat' dir='ltr'>alle-⁵</span> 
     </span>
     <span class='ocr_line' id='line_1_7' title="bbox 55 815 924 903; baseline 0.005 -28"><span class='ocrx_word' id='word_1_49' title='bbox 55 815 140 899; x_wconf 85' lang='lat' dir='ltr'>gatis</span> <span class='ocrx_word' id='word_1_50' title='bbox 163 817 306 879; x_wconf 85' lang='lat' dir='ltr'>omnibus</span> <span class='ocrx_word' id='word_1_51' title='bbox 329 824 522 903; x_wconf 74' lang='lat' dir='ltr'>argumentis</span> <span class='ocrx_word' id='word_1_52' title='bbox 544 834 657 886; x_wconf 86' lang='lat' dir='ltr'>orator</span> <span class='ocrx_word' id='word_1_53' title='bbox 678 822 811 885; x_wconf 83' lang='lat' dir='ltr'>dixerit:</span> <span class='ocrx_word' id='word_1_54' title='bbox 835 818 924 884; x_wconf 80' lang='lat' dir='ltr'>Dixi.</span> 
     </span>
    </p>

    <p class='ocr_par' dir='ltr' id='par_1_4' title="bbox 139 909 1360 997">
     <span class='ocr_line' id='line_1_8' title="bbox 139 909 1360 997; baseline -0.001 -27"><span class='ocrx_word' id='word_1_55' title='bbox 139 910 185 985; x_wconf 86' lang='lat'>(§.</span> <span class='ocrx_word' id='word_1_56' title='bbox 209 910 278 986; x_wconf 76' lang='lat' dir='ltr'>it.)</span> <span class='ocrx_word' id='word_1_57' title='bbox 300 912 337 973; x_wconf 87' lang='lat' dir='ltr'>in</span> <span class='ocrx_word' id='word_1_58' title='bbox 357 914 422 976; x_wconf 83' lang='lat' dir='ltr'>troc</span> <span class='ocrx_word' id='word_1_59' title='bbox 444 915 578 996; x_wconf 73' lang='lat' dir='ltr'>quidm</span> <span class='ocrx_word' id='word_1_60' title='bbox 597 936 717 997; x_wconf 84' lang='lat' dir='ltr'>genere</span> <span class='ocrx_word' id='word_1_61' title='bbox 738 913 937 991; x_wconf 85' lang='lat' dir='ltr'>causarum]</span> <span class='ocrx_word' id='word_1_62' title='bbox 989 910 1206 976; x_wconf 79' lang='lat' dir='ltr'>coniecturali</span> <span class='ocrx_word' id='word_1_63' title='bbox 1228 909 1360 973; x_wconf 82' lang='lat' dir='ltr'>seilicet.</span> 
     </span>
    </p>

    <p class='ocr_par' dir='ltr' id='par_1_5' title="bbox 56 1001 1473 1176">
     <span class='ocr_line' id='line_1_9' title="bbox 139 1001 1473 1087; baseline -0.002 -21"><span class='ocrx_word' id='word_1_64' title='bbox 139 1001 334 1067; x_wconf 82' lang='lat' dir='ltr'>Sestertirim</span> <span class='ocrx_word' id='word_1_65' title='bbox 361 1005 670 1087; x_wconf 80' lang='lat' dir='ltr'>quadringentiesJ,</span> <span class='ocrx_word' id='word_1_66' title='bbox 704 1005 742 1068; x_wconf 90' lang='lat' dir='ltr'>ln</span> <span class='ocrx_word' id='word_1_67' title='bbox 771 1004 974 1067; x_wconf 79' lang='lat' dir='ltr'>Divinatione</span> <span class='ocrx_word' id='word_1_68' title='bbox 1003 1007 1126 1068; x_wconf 83' lang='lat' dir='ltr'>millies</span> <span class='ocrx_word' id='word_1_69' title='bbox 1155 1004 1246 1065; x_wconf 78' lang='lat' dir='ltr'>dixit.</span> <span class='ocrx_word' id='word_1_70' title='bbox 1301 1001 1363 1065; x_wconf 89' lang='lat' dir='ltr'>Sed</span> <span class='ocrx_word' id='word_1_71' title='bbox 1470 1069 1473 1077; x_wconf 58' lang='grc'><strong>,</strong></span> 
     </span>
     <span class='ocr_line' id='line_1_10' title="bbox 56 1094 1194 1176; baseline 0.001 -19"><span class='ocrx_word' id='word_1_72' title='bbox 56 1116 113 1157; x_wconf 91' lang='lat' dir='ltr'>cur</span> <span class='ocrx_word' id='word_1_73' title='bbox 126 1095 168 1156; x_wconf 92' lang='lat' dir='ltr'>ita</span> <span class='ocrx_word' id='word_1_74' title='bbox 193 1094 362 1156; x_wconf 78' lang='lat' dir='ltr'>variaverit</span> <span class='ocrx_word' id='word_1_75' title='bbox 384 1096 474 1156; x_wconf 84' lang='lat' dir='ltr'>iidem</span> <span class='ocrx_word' id='word_1_76' title='bbox 496 1116 650 1174; x_wconf 82' lang='lat' dir='ltr'>stammae,</span> <span class='ocrx_word' id='word_1_77' title='bbox 674 1098 734 1161; x_wconf 88' lang='lat' dir='ltr'>iam</span> <span class='ocrx_word' id='word_1_78' title='bbox 756 1096 787 1158; x_wconf 90' lang='lat' dir='ltr'>in</span> <span class='ocrx_word' id='word_1_79' title='bbox 809 1097 1025 1176; x_wconf 87' lang='lat' dir='ltr'>superioribus</span> <span class='ocrx_word' id='word_1_80' title='bbox 1047 1097 1194 1159; x_wconf 87' lang='lat' dir='ltr'>diximus.</span> 
     </span>
    </p>

    <p class='ocr_par' dir='ltr' id='par_1_6' title="bbox 56 1187 1405 1550">
     <span class='ocr_line' id='line_1_11' title="bbox 140 1187 1405 1275; baseline -0.002 -27"><span class='ocrx_word' id='word_1_81' title='bbox 140 1194 186 1266; x_wconf 61' lang='grc' dir='ltr'>(ς.</span> <span class='ocrx_word' id='word_1_82' title='bbox 210 1189 279 1261; x_wconf 70' lang='lat'>28.)</span> <span class='ocrx_word' id='word_1_83' title='bbox 299 1187 448 1252; x_wconf 86' lang='lat' dir='ltr'>Nomina</span> <span class='ocrx_word' id='word_1_84' title='bbox 463 1210 527 1254; x_wconf 86' lang='lat' dir='ltr'>aaa</span> <span class='ocrx_word' id='word_1_85' title='bbox 541 1191 703 1275; x_wconf 74' lang='lat' dir='ltr'>exegisse]</span> <span class='ocrx_word' id='word_1_86' title='bbox 747 1191 845 1252; x_wconf 81' lang='lat' dir='ltr'>&#39;l&#39;ituii</span> <span class='ocrx_word' id='word_1_87' title='bbox 859 1190 1034 1252; x_wconf 87' lang='lat' dir='ltr'>debitorum</span> <span class='ocrx_word' id='word_1_88' title='bbox 1049 1194 1189 1252; x_wconf 88' lang='lat' dir='ltr'>nomina</span> <span class='ocrx_word' id='word_1_89' title='bbox 1204 1188 1359 1259; x_wconf 86' lang='lat' dir='ltr'>dicuntur,</span> <span class='ocrx_word' id='word_1_90' title='bbox 1374 1193 1405 1241; x_wconf 84' lang='lat' dir='ltr'>to</span> 
     </span>
     <span class='ocr_line' id='line_1_12' title="bbox 56 1280 1362 1367; baseline -0.002 -25"><span class='ocrx_word' id='word_1_91' title='bbox 56 1281 245 1364; x_wconf 87' lang='lat' dir='ltr'>praesertim</span> <span class='ocrx_word' id='word_1_92' title='bbox 262 1280 344 1343; x_wconf 84' lang='lat' dir='ltr'>iniis</span> <span class='ocrx_word' id='word_1_93' title='bbox 360 1283 491 1357; x_wconf 87' lang='lat' dir='ltr'>debitis,</span> <span class='ocrx_word' id='word_1_94' title='bbox 514 1285 546 1346; x_wconf 92' lang='lat' dir='ltr'>in</span> <span class='ocrx_word' id='word_1_95' title='bbox 562 1285 676 1367; x_wconf 86' lang='lat' dir='ltr'>quibus</span> <span class='ocrx_word' id='word_1_96' title='bbox 691 1283 847 1347; x_wconf 85' lang='lat' dir='ltr'>hominnm</span> <span class='ocrx_word' id='word_1_97' title='bbox 865 1282 988 1344; x_wconf 87' lang='lat' dir='ltr'>uomina</span> <span class='ocrx_word' id='word_1_98' title='bbox 998 1282 1118 1361; x_wconf 89' lang='lat' dir='ltr'>scripta</span> <span class='ocrx_word' id='word_1_99' title='bbox 1134 1292 1223 1356; x_wconf 80' lang='lat' dir='ltr'>stant,</span> <span class='ocrx_word' id='word_1_100' title='bbox 1248 1280 1362 1364; x_wconf 88' lang='lat' dir='ltr'>quibus</span> 
     </span>
     <span class='ocr_line' id='line_1_13' title="bbox 58 1371 1360 1456; baseline -0.001 -22"><span class='ocrx_word' id='word_1_101' title='bbox 58 1375 211 1456; x_wconf 78' lang='lat' dir='ltr'>peortmae</span> <span class='ocrx_word' id='word_1_102' title='bbox 232 1377 446 1438; x_wconf 83' lang='lat' dir='ltr'>commodatae</span> <span class='ocrx_word' id='word_1_103' title='bbox 470 1387 554 1438; x_wconf 81' lang='lat' dir='ltr'>saint.</span> <span class='ocrx_word' id='word_1_104' title='bbox 598 1377 661 1442; x_wconf 91' lang='lat' dir='ltr'>Cui</span> <span class='ocrx_word' id='word_1_105' title='bbox 675 1377 722 1439; x_wconf 89' lang='lat' dir='ltr'>rei</span> <span class='ocrx_word' id='word_1_106' title='bbox 741 1375 933 1440; x_wconf 89' lang='lat' dir='ltr'>contrarium</span> <span class='ocrx_word' id='word_1_107' title='bbox 957 1383 1022 1450; x_wconf 85' lang='lat' dir='ltr'>est,</span> <span class='ocrx_word' id='word_1_108' title='bbox 1047 1386 1167 1435; x_wconf 86' lang='lat' dir='ltr'>mutuas</span> <span class='ocrx_word' id='word_1_109' title='bbox 1190 1371 1360 1454; x_wconf 86' lang='lat' dir='ltr'>accepisse.</span> 
     </span>
     <span class='ocr_line' id='line_1_14' title="bbox 56 1467 722 1550; baseline 0.003 -20"><span class='ocrx_word' id='word_1_110' title='bbox 56 1467 151 1550; x_wconf 85' lang='lat' dir='ltr'>Ergo</span> <span class='ocrx_word' id='word_1_111' title='bbox 172 1472 327 1541; x_wconf 88' lang='lat' dir='ltr'>nomina,</span> <span class='ocrx_word' id='word_1_112' title='bbox 349 1467 452 1529; x_wconf 87' lang='lat' dir='ltr'>dehita</span> <span class='ocrx_word' id='word_1_113' title='bbox 477 1469 525 1529; x_wconf 87' lang='lat' dir='ltr'>vet</span> <span class='ocrx_word' id='word_1_114' title='bbox 549 1470 722 1532; x_wconf 86' lang='lat' dir='ltr'>debitores.</span> 
     </span>
    </p>

    <p class='ocr_par' dir='ltr' id='par_1_7' title="bbox 56 1557 1405 1714">
     <span class='ocr_line' id='line_1_15' title="bbox 140 1557 1362 1645; baseline -0.002 -23"><span class='ocrx_word' id='word_1_115' title='bbox 140 1560 243 1622; x_wconf 87' lang='lat' dir='ltr'>Haec</span> <span class='ocrx_word' id='word_1_116' title='bbox 263 1559 380 1623; x_wconf 89' lang='lat' dir='ltr'>eadem</span> <span class='ocrx_word' id='word_1_117' title='bbox 399 1581 433 1623; x_wconf 90' lang='lat' dir='ltr'>se</span> <span class='ocrx_word' id='word_1_118' title='bbox 453 1559 587 1624; x_wconf 89' lang='lat' dir='ltr'>audisse</span> <span class='ocrx_word' id='word_1_119' title='bbox 608 1562 767 1645; x_wconf 83' lang='lat' dir='ltr'>dicerent]</span> <span class='ocrx_word' id='word_1_120' title='bbox 810 1562 908 1643; x_wconf 88' lang='lat' dir='ltr'>Apud</span> <span class='ocrx_word' id='word_1_121' title='bbox 930 1559 1079 1644; x_wconf 89' lang='lat' dir='ltr'>antiquos</span> <span class='ocrx_word' id='word_1_122' title='bbox 1098 1571 1130 1623; x_wconf 93' lang='lat' dir='ltr'>et</span> <span class='ocrx_word' id='word_1_123' title='bbox 1150 1561 1187 1622; x_wconf 89' lang='lat' dir='ltr'>de</span> <span class='ocrx_word' id='word_1_124' title='bbox 1203 1557 1362 1622; x_wconf 89' lang='lat' dir='ltr'>auditione</span> 
     </span>
     <span class='ocr_line' id='line_1_16' title="bbox 56 1650 1405 1714; baseline -0.001 -2"><span class='ocrx_word' id='word_1_125' title='bbox 56 1651 267 1714; x_wconf 80' lang='lat' dir='ltr'>testimouium</span> <span class='ocrx_word' id='word_1_126' title='bbox 290 1650 465 1713; x_wconf 86' lang='lat' dir='ltr'>dicebatur.</span> <span class='ocrx_word' id='word_1_127' title='bbox 1318 1655 1322 1661; x_wconf 80' lang='grc'><strong>“</strong></span> <span class='ocrx_word' id='word_1_128' title='bbox 1375 1655 1405 1703; x_wconf 80' lang='lat'>¹⁵</span> 
     </span>
    </p>

    <p class='ocr_par' dir='ltr' id='par_1_8' title="bbox 57 1743 1368 2014">
     <span class='ocr_line' id='line_1_17' title="bbox 141 1743 1362 1827; baseline -0.001 -22"><span class='ocrx_word' id='word_1_129' title='bbox 141 1748 186 1821; x_wconf 88' lang='lat'>(§.</span> <span class='ocrx_word' id='word_1_130' title='bbox 210 1745 279 1818; x_wconf 73' lang='lat'>29.)</span> <span class='ocrx_word' id='word_1_131' title='bbox 301 1743 343 1806; x_wconf 88' lang='lat' dir='ltr'>Ut</span> <span class='ocrx_word' id='word_1_132' title='bbox 364 1749 397 1808; x_wconf 88' lang='lat' dir='ltr'>in</span> <span class='ocrx_word' id='word_1_133' title='bbox 418 1746 554 1810; x_wconf 64' lang='lat' dir='ltr'>castrias</span> <span class='ocrx_word' id='word_1_134' title='bbox 574 1747 835 1827; x_wconf 81' lang='lat' dir='ltr'>interrogandis]</span> <span class='ocrx_word' id='word_1_135' title='bbox 879 1747 1002 1809; x_wconf 87' lang='lat' dir='ltr'>Tenere</span> <span class='ocrx_word' id='word_1_136' title='bbox 1025 1749 1193 1819; x_wconf 89' lang='lat' dir='ltr'>debemus,</span> <span class='ocrx_word' id='word_1_137' title='bbox 1225 1744 1362 1805; x_wconf 89' lang='lat' dir='ltr'>interro·</span> 
     </span>
     <span class='ocr_line' id='line_1_18' title="bbox 58 1836 1364 1920; baseline 0.001 -23"><span class='ocrx_word' id='word_1_138' title='bbox 58 1836 203 1920; x_wconf 80' lang='lat' dir='ltr'>gationea</span> <span class='ocrx_word' id='word_1_139' title='bbox 225 1837 350 1898; x_wconf 83' lang='lat' dir='ltr'>testium</span> <span class='ocrx_word' id='word_1_140' title='bbox 374 1850 405 1898; x_wconf 93' lang='lat' dir='ltr'>et</span> <span class='ocrx_word' id='word_1_141' title='bbox 428 1836 621 1898; x_wconf 88' lang='lat' dir='ltr'>accusatoris</span> <span class='ocrx_word' id='word_1_142' title='bbox 642 1848 673 1898; x_wconf 89' lang='lat' dir='ltr'>et</span> <span class='ocrx_word' id='word_1_143' title='bbox 694 1837 870 1901; x_wconf 86' lang='lat' dir='ltr'>defensoris</span> <span class='ocrx_word' id='word_1_144' title='bbox 891 1861 978 1915; x_wconf 83' lang='lat' dir='ltr'>esse,</span> <span class='ocrx_word' id='word_1_145' title='bbox 1003 1850 1035 1902; x_wconf 91' lang='lat' dir='ltr'>et</span> <span class='ocrx_word' id='word_1_146' title='bbox 1056 1839 1145 1912; x_wconf 87' lang='lat' dir='ltr'>eius,</span> <span class='ocrx_word' id='word_1_147' title='bbox 1169 1836 1223 1920; x_wconf 86' lang='lat' dir='ltr'>qui</span> <span class='ocrx_word' id='word_1_148' title='bbox 1244 1837 1364 1917; x_wconf 89' lang='lat' dir='ltr'>produ-</span> 
     </span>
     <span class='ocr_line' id='line_1_19' title="bbox 57 1931 1368 2014; baseline 0 -22"><span class='ocrx_word' id='word_1_149' title='bbox 57 1931 119 2006; x_wconf 86' lang='lat' dir='ltr'>cit,</span> <span class='ocrx_word' id='word_1_150' title='bbox 142 1941 173 1991; x_wconf 94' lang='lat' dir='ltr'>et</span> <span class='ocrx_word' id='word_1_151' title='bbox 196 1931 280 2004; x_wconf 88' lang='lat' dir='ltr'>eius,</span> <span class='ocrx_word' id='word_1_152' title='bbox 305 1944 415 1993; x_wconf 87' lang='lat' dir='ltr'>contra</span> <span class='ocrx_word' id='word_1_153' title='bbox 437 1951 529 2014; x_wconf 73' lang='lat' dir='ltr'>quiem</span> <span class='ocrx_word' id='word_1_154' title='bbox 551 1933 782 2010; x_wconf 88' lang='lat' dir='ltr'>producuntur.</span> <span class='ocrx_word' id='word_1_155' title='bbox 815 1981 818 1992; x_wconf 94' lang='lat'>.</span> <span class='ocrx_word' id='word_1_156' title='bbox 1366 1958 1368 1962; x_wconf 50' lang='lat'><strong><em>⁴</em></strong></span> 
     </span>
    </p>

    <p class='ocr_par' dir='ltr' id='par_1_9' title="bbox 141 2019 1362 2103">
     <span class='ocr_line' id='line_1_20' title="bbox 141 2019 1362 2103; baseline -0.004 -18"><span class='ocrx_word' id='word_1_157' title='bbox 141 2023 211 2087; x_wconf 84' lang='lat' dir='ltr'>Sed</span> <span class='ocrx_word' id='word_1_158' title='bbox 227 2026 331 2085; x_wconf 87' lang='lat' dir='ltr'>etiam</span> <span class='ocrx_word' id='word_1_159' title='bbox 349 2022 500 2102; x_wconf 82' lang='lat' dir='ltr'>populas</span> <span class='ocrx_word' id='word_1_160' title='bbox 515 2023 694 2103; x_wconf 83' lang='lat' dir='ltr'>liornauas]</span> <span class='ocrx_word' id='word_1_161' title='bbox 738 2024 801 2103; x_wconf 85' lang='lat' dir='ltr'>Qui</span> <span class='ocrx_word' id='word_1_162' title='bbox 816 2023 933 2086; x_wconf 87' lang='lat' dir='ltr'>circum</span> <span class='ocrx_word' id='word_1_163' title='bbox 948 2025 1094 2088; x_wconf 78' lang='lat' dir='ltr'>sathaeliia</span> <span class='ocrx_word' id='word_1_164' title='bbox 1110 2043 1259 2087; x_wconf 85' lang='lat' dir='ltr'>eoronam</span> <span class='ocrx_word' id='word_1_165' title='bbox 1274 2019 1362 2083; x_wconf 87' lang='lat' dir='ltr'>iecit.</span> 
     </span>
    </p>

    <p class='ocr_par' dir='ltr' id='par_1_10' title="bbox 59 2105 1408 2663">
     <span class='ocr_line' id='line_1_21' title="bbox 143 2105 1406 2198; baseline -0.001 -24"><span class='ocrx_word' id='word_1_166' title='bbox 143 2118 190 2192; x_wconf 84' lang='lat'>(§.</span> <span class='ocrx_word' id='word_1_167' title='bbox 212 2113 280 2189; x_wconf 75' lang='lat'>30.)</span> <span class='ocrx_word' id='word_1_168' title='bbox 301 2114 546 2192; x_wconf 84' lang='lat' dir='ltr'>interposuistis</span> <span class='ocrx_word' id='word_1_169' title='bbox 567 2119 818 2198; x_wconf 72' lang='lat' dir='ltr'>accusatorem]</span> <span class='ocrx_word' id='word_1_170' title='bbox 862 2117 924 2196; x_wconf 84' lang='lat' dir='ltr'>Qui</span> <span class='ocrx_word' id='word_1_171' title='bbox 941 2105 1012 2180; x_wconf 85' lang='lat' dir='ltr'>istc</span> <span class='ocrx_word' id='word_1_172' title='bbox 1037 2120 1078 2180; x_wconf 87' lang='lat' dir='ltr'>sit</span> <span class='ocrx_word' id='word_1_173' title='bbox 1104 2127 1288 2184; x_wconf 87' lang='lat' dir='ltr'>accusator,</span> <span class='ocrx_word' id='word_1_174' title='bbox 1314 2113 1406 2174; x_wconf 79' lang='lat' dir='ltr'>vetat</span> 
     </span>
     <span class='ocr_line' id='line_1_22' title="bbox 59 2203 1363 2291; baseline -0.002 -23"><span class='ocrx_word' id='word_1_175' title='bbox 59 2230 153 2291; x_wconf 78' lang='lat' dir='ltr'>quiem</span> <span class='ocrx_word' id='word_1_176' title='bbox 179 2218 321 2280; x_wconf 85' lang='lat' dir='ltr'>accuset,</span> <span class='ocrx_word' id='word_1_177' title='bbox 356 2205 386 2267; x_wconf 91' lang='lat' dir='ltr'>in</span> <span class='ocrx_word' id='word_1_178' title='bbox 415 2203 525 2284; x_wconf 91' lang='lat' dir='ltr'>priore</span> <span class='ocrx_word' id='word_1_179' title='bbox 560 2207 643 2269; x_wconf 90' lang='lat' dir='ltr'>libro</span> <span class='ocrx_word' id='word_1_180' title='bbox 672 2208 730 2269; x_wconf 88' lang='lat' dir='ltr'>iam</span> <span class='ocrx_word' id='word_1_181' title='bbox 764 2212 955 2273; x_wconf 84' lang='lat' dir='ltr'>notaviums.</span> <span class='ocrx_word' id='word_1_182' title='bbox 1007 2212 1101 2290; x_wconf 85' lang='lat' dir='ltr'>Quod</span> <span class='ocrx_word' id='word_1_183' title='bbox 1134 2219 1235 2270; x_wconf 79' lang='lat' dir='ltr'>atatem</span> <span class='ocrx_word' id='word_1_184' title='bbox 1268 2205 1363 2277; x_wconf 90' lang='lat' dir='ltr'>dicit,</span> 
     </span>
     <span class='ocr_line' id='line_1_23' title="bbox 60 2299 1364 2385; baseline -0.004 -21"><span class='ocrx_word' id='word_1_185' title='bbox 60 2301 191 2364; x_wconf 81' lang='lat' dir='ltr'>Menses</span> <span class='ocrx_word' id='word_1_186' title='bbox 220 2299 304 2360; x_wconf 83' lang='lat' dir='ltr'>milri</span> <span class='ocrx_word' id='word_1_187' title='bbox 328 2306 392 2361; x_wconf 90' lang='lat' dir='ltr'>tres</span> <span class='ocrx_word' id='word_1_188' title='bbox 419 2316 498 2360; x_wconf 87' lang='lat' dir='ltr'>cam</span> <span class='ocrx_word' id='word_1_189' title='bbox 525 2301 748 2385; x_wconf 86' lang='lat' dir='ltr'>eripuissetis,</span> <span class='ocrx_word' id='word_1_190' title='bbox 785 2306 846 2366; x_wconf 86' lang='lat' dir='ltr'>hoc</span> <span class='ocrx_word' id='word_1_191' title='bbox 877 2305 970 2378; x_wconf 84' lang='lat' dir='ltr'>dicit,</span> <span class='ocrx_word' id='word_1_192' title='bbox 1005 2304 1139 2369; x_wconf 77' lang='lat' dir='ltr'>Centrum</span> <span class='ocrx_word' id='word_1_193' title='bbox 1171 2312 1202 2361; x_wconf 91' lang='lat' dir='ltr'>et</span> <span class='ocrx_word' id='word_1_194' title='bbox 1229 2302 1274 2362; x_wconf 83' lang='grc' dir='ltr'>Χ.</span> <span class='ocrx_word' id='word_1_195' title='bbox 1299 2299 1364 2359; x_wconf 86' lang='lat' dir='ltr'>dies</span> 
     </span>
     <span class='ocr_line' id='line_1_24' title="bbox 59 2387 1364 2480; baseline -0.003 -26"><span class='ocrx_word' id='word_1_196' title='bbox 59 2389 236 2465; x_wconf 75' lang='lat' dir='ltr'>inaurirendi</span> <span class='ocrx_word' id='word_1_197' title='bbox 256 2389 287 2450; x_wconf 90' lang='lat' dir='ltr'>in</span> <span class='ocrx_word' id='word_1_198' title='bbox 317 2388 420 2450; x_wconf 85' lang='lat' dir='ltr'>Sicilia</span> <span class='ocrx_word' id='word_1_199' title='bbox 451 2389 620 2469; x_wconf 88' lang='lat' dir='ltr'>postulavi.</span> <span class='ocrx_word' id='word_1_200' title='bbox 665 2392 871 2480; x_wconf 80' lang='lat' dir='ltr'>Consequens</span> <span class='ocrx_word' id='word_1_201' title='bbox 898 2408 983 2471; x_wconf 88' lang='lat' dir='ltr'>erat,</span> <span class='ocrx_word' id='word_1_202' title='bbox 1019 2410 1053 2459; x_wconf 90' lang='lat' dir='ltr'>ut</span> <span class='ocrx_word' id='word_1_203' title='bbox 1082 2396 1191 2468; x_wconf 90' lang='lat' dir='ltr'>etiam,</span> <span class='ocrx_word' id='word_1_204' title='bbox 1224 2393 1250 2454; x_wconf 88' lang='lat' dir='ltr'>si</span> <span class='ocrx_word' id='word_1_205' title='bbox 1274 2387 1364 2472; x_wconf 83' lang='lat' dir='ltr'>qvviu·</span> 
     </span>
     <span class='ocr_line' id='line_1_25' title="bbox 62 2482 1363 2569; baseline -0.001 -24"><span class='ocrx_word' id='word_1_206' title='bbox 62 2483 247 2569; x_wconf 80' lang='lat' dir='ltr'>quagesima</span> <span class='ocrx_word' id='word_1_207' title='bbox 270 2482 319 2544; x_wconf 91' lang='lat' dir='ltr'>die</span> <span class='ocrx_word' id='word_1_208' title='bbox 344 2482 510 2556; x_wconf 77' lang='lat' dir='ltr'>redissem,</span> <span class='ocrx_word' id='word_1_209' title='bbox 535 2494 567 2544; x_wconf 92' lang='lat' dir='ltr'>ut</span> <span class='ocrx_word' id='word_1_210' title='bbox 594 2485 690 2560; x_wconf 90' lang='lat' dir='ltr'>redii,</span> <span class='ocrx_word' id='word_1_211' title='bbox 715 2488 817 2550; x_wconf 84' lang='lat' dir='ltr'>statim</span> <span class='ocrx_word' id='word_1_212' title='bbox 840 2512 1031 2553; x_wconf 79' lang='lat' dir='ltr'>accusarem.</span> <span class='ocrx_word' id='word_1_213' title='bbox 1076 2490 1172 2568; x_wconf 87' lang='lat' dir='ltr'>Quod</span> <span class='ocrx_word' id='word_1_214' title='bbox 1187 2509 1224 2547; x_wconf 87' lang='lat' dir='ltr'>ue</span> <span class='ocrx_word' id='word_1_215' title='bbox 1238 2504 1363 2566; x_wconf 85' lang='lat' dir='ltr'>possem</span> 
     </span>
     <span class='ocr_line' id='line_1_26' title="bbox 60 2575 1408 2663; baseline -0.004 -23"><span class='ocrx_word' id='word_1_216' title='bbox 60 2578 187 2651; x_wconf 83' lang='lat' dir='ltr'>facere,</span> <span class='ocrx_word' id='word_1_217' title='bbox 218 2575 448 2656; x_wconf 82' lang='lat' dir='ltr'>interposuistis</span> <span class='ocrx_word' id='word_1_218' title='bbox 477 2589 692 2640; x_wconf 85' lang='lat' dir='ltr'>aecrrsatorem</span> <span class='ocrx_word' id='word_1_219' title='bbox 718 2583 868 2663; x_wconf 84' lang='lat' dir='ltr'>quendam</span> <span class='ocrx_word' id='word_1_220' title='bbox 895 2581 1054 2642; x_wconf 88' lang='lat' dir='ltr'>cuiusdam</span> <span class='ocrx_word' id='word_1_221' title='bbox 1085 2602 1125 2642; x_wconf 82' lang='lat' dir='ltr'>en</span> <span class='ocrx_word' id='word_1_222' title='bbox 1152 2579 1271 2641; x_wconf 82' lang='lat' dir='ltr'>Achaia</span> <span class='ocrx_word' id='word_1_223' title='bbox 1297 2576 1408 2647; x_wconf 79' lang='lat' dir='ltr'>rei,25</span> 
     </span>
    </p>
   </div>
   <div class='ocr_carea' id='block_1_3' title="bbox 62 2668 1367 2848">
    <p class='ocr_par' dir='ltr' id='par_1_11' title="bbox 62 2668 1367 2848">
     <span class='ocr_line' id='line_1_27' title="bbox 62 2668 1365 2756; baseline -0.002 -24"><span class='ocrx_word' id='word_1_224' title='bbox 62 2671 117 2755; x_wconf 76' lang='lat' dir='ltr'>quii</span> <span class='ocrx_word' id='word_1_225' title='bbox 142 2669 203 2732; x_wconf 81' lang='lat' dir='ltr'>sibi</span> <span class='ocrx_word' id='word_1_226' title='bbox 218 2668 259 2734; x_wconf 83' lang='lat' dir='ltr'>C.</span> <span class='ocrx_word' id='word_1_227' title='bbox 285 2681 315 2731; x_wconf 92' lang='lat' dir='ltr'>et</span> <span class='ocrx_word' id='word_1_228' title='bbox 341 2669 440 2731; x_wconf 85' lang='lat' dir='ltr'>vttl.</span> <span class='ocrx_word' id='word_1_229' title='bbox 463 2681 602 2750; x_wconf 81' lang='lat' dir='ltr'>peteret:</span> <span class='ocrx_word' id='word_1_230' title='bbox 628 2670 723 2734; x_wconf 85' lang='lat' dir='ltr'>etita</span> <span class='ocrx_word' id='word_1_231' title='bbox 746 2673 862 2735; x_wconf 89' lang='lat' dir='ltr'>sactum</span> <span class='ocrx_word' id='word_1_232' title='bbox 885 2686 948 2746; x_wconf 89' lang='lat' dir='ltr'>est,</span> <span class='ocrx_word' id='word_1_233' title='bbox 972 2685 1007 2735; x_wconf 93' lang='lat' dir='ltr'>ut</span> <span class='ocrx_word' id='word_1_234' title='bbox 1030 2673 1172 2756; x_wconf 84' lang='lat' dir='ltr'>quamvis</span> <span class='ocrx_word' id='word_1_235' title='bbox 1195 2693 1257 2754; x_wconf 82' lang='lat' dir='ltr'>ego</span> <span class='ocrx_word' id='word_1_236' title='bbox 1278 2671 1365 2733; x_wconf 85' lang='lat' dir='ltr'>lesti-</span> 
     </span>
     <span class='ocr_line' id='line_1_28' title="bbox 62 2762 1367 2848; baseline -0.002 -22"><span class='ocrx_word' id='word_1_237' title='bbox 62 2775 138 2826; x_wconf 83' lang='lat' dir='ltr'>aato</span> <span class='ocrx_word' id='word_1_238' title='bbox 153 2763 318 2837; x_wconf 84' lang='lat' dir='ltr'>redierim,</span> <span class='ocrx_word' id='word_1_239' title='bbox 334 2762 386 2825; x_wconf 88' lang='lat' dir='ltr'>ille</span> <span class='ocrx_word' id='word_1_240' title='bbox 400 2765 501 2825; x_wconf 88' lang='lat' dir='ltr'>adhuc</span> <span class='ocrx_word' id='word_1_241' title='bbox 515 2762 754 2845; x_wconf 78' lang='lat' dir='ltr'>proficiscatur,</span> <span class='ocrx_word' id='word_1_242' title='bbox 773 2787 835 2829; x_wconf 89' lang='lat' dir='ltr'>non</span> <span class='ocrx_word' id='word_1_243' title='bbox 850 2766 1007 2848; x_wconf 87' lang='lat' dir='ltr'>potuerim</span> <span class='ocrx_word' id='word_1_244' title='bbox 1023 2777 1124 2828; x_wconf 87' lang='lat' dir='ltr'>tamen</span> <span class='ocrx_word' id='word_1_245' title='bbox 1140 2785 1247 2848; x_wconf 80' lang='lat' dir='ltr'>agere,</span> <span class='ocrx_word' id='word_1_246' title='bbox 1265 2765 1367 2825; x_wconf 89' lang='lat' dir='ltr'>donec</span> 
     </span>
    </p>
   </div>
   <div class='ocr_carea' id='block_1_4' title="bbox 63 2953 1441 4815">
    <p class='ocr_par' dir='ltr' id='par_1_12' title="bbox 157 2953 497 3020">
     <span class='ocr_line' id='line_1_29' title="bbox 157 2953 497 3020; baseline -0.009 -11"><span class='ocrx_word' id='word_1_247' title='bbox 157 2959 183 3009; x_wconf 85' lang='lat' dir='ltr'>l.</span> <span class='ocrx_word' id='word_1_248' title='bbox 203 2954 299 3020; x_wconf 82' lang='lat' dir='ltr'>Acilil]</span> <span class='ocrx_word' id='word_1_249' title='bbox 320 2953 386 3004; x_wconf 84' lang='lat' dir='ltr'>aoili</span> <span class='ocrx_word' id='word_1_250' title='bbox 405 2953 497 3006; x_wconf 85' lang='lat' dir='ltr'>Priuc.</span> 
     </span>
    </p>

    <p class='ocr_par' dir='ltr' id='par_1_13' title="bbox 63 3025 1366 3249">
     <span class='ocr_line' id='line_1_30' title="bbox 156 3025 1366 3100; baseline -0.002 -20"><span class='ocrx_word' id='word_1_251' title='bbox 156 3038 182 3085; x_wconf 80' lang='grc'>2.</span> <span class='ocrx_word' id='word_1_252' title='bbox 201 3048 271 3099; x_wconf 79' lang='lat' dir='ltr'>qaae</span> <span class='ocrx_word' id='word_1_253' title='bbox 288 3030 345 3095; x_wconf 77' lang='lat' dir='ltr'>lea]</span> <span class='ocrx_word' id='word_1_254' title='bbox 384 3027 468 3099; x_wconf 76' lang='lat' dir='ltr'>Lugd.</span> <span class='ocrx_word' id='word_1_255' title='bbox 496 3027 662 3082; x_wconf 84' lang='lat' dir='ltr'>Hot.⁰Mau.</span> <span class='ocrx_word' id='word_1_256' title='bbox 688 3029 770 3084; x_wconf 87' lang='lat' dir='ltr'>Crea.</span> <span class='ocrx_word' id='word_1_257' title='bbox 795 3059 831 3073; x_wconf 89' lang='lat'><em>-</em></span> <span class='ocrx_word' id='word_1_258' title='bbox 855 3029 888 3083; x_wconf 90' lang='lat' dir='ltr'>de</span> <span class='ocrx_word' id='word_1_259' title='bbox 914 3048 967 3100; x_wconf 80' lang='lat' dir='ltr'>qua</span> <span class='ocrx_word' id='word_1_260' title='bbox 984 3048 1053 3100; x_wconf 79' lang='lat' dir='ltr'>qviae</span> <span class='ocrx_word' id='word_1_261' title='bbox 1072 3030 1119 3081; x_wconf 80' lang='lat' dir='ltr'>lea</span> <span class='ocrx_word' id='word_1_262' title='bbox 1137 3030 1229 3082; x_wconf 83' lang='lat' dir='ltr'>Princ.</span> <span class='ocrx_word' id='word_1_263' title='bbox 1249 3025 1309 3081; x_wconf 77' lang='lat' dir='ltr'>did.</span> <span class='ocrx_word' id='word_1_264' title='bbox 1330 3054 1366 3067; x_wconf 96' lang='lat'><em>-</em></span> 
     </span>
     <span class='ocr_line' id='line_1_31' title="bbox 63 3102 1365 3179; baseline -0.005 -20"><span class='ocrx_word' id='word_1_265' title='bbox 63 3107 97 3159; x_wconf 87' lang='lat' dir='ltr'>de</span> <span class='ocrx_word' id='word_1_266' title='bbox 115 3123 219 3176; x_wconf 76' lang='lat' dir='ltr'>qemqiae</span> <span class='ocrx_word' id='word_1_267' title='bbox 239 3106 254 3139; x_wconf 81' lang='lat'>*</span> <span class='ocrx_word' id='word_1_268' title='bbox 273 3103 320 3153; x_wconf 74' lang='lat' dir='ltr'>lex</span> <span class='ocrx_word' id='word_1_269' title='bbox 340 3103 446 3155; x_wconf 81' lang='lat' dir='ltr'>Beraid.</span> <span class='ocrx_word' id='word_1_270' title='bbox 466 3102 535 3155; x_wconf 85' lang='lat' dir='ltr'>Lod.</span> <span class='ocrx_word' id='word_1_271' title='bbox 561 3132 598 3145; x_wconf 92' lang='lat'><em>-</em></span> <span class='ocrx_word' id='word_1_272' title='bbox 628 3105 798 3157; x_wconf 85' lang='lat' dir='ltr'>Sententiam</span> <span class='ocrx_word' id='word_1_273' title='bbox 818 3111 859 3157; x_wconf 85' lang='lat' dir='ltr'>sie</span> <span class='ocrx_word' id='word_1_274' title='bbox 879 3109 993 3179; x_wconf 71' lang='lat' dir='ltr'>corrigit</span> <span class='ocrx_word' id='word_1_275' title='bbox 1013 3103 1185 3157; x_wconf 78' lang='lat' dir='ltr'>Roborteilos</span> <span class='ocrx_word' id='word_1_276' title='bbox 1205 3104 1320 3168; x_wconf 70' lang='lat' dir='ltr'>(annot.</span> <span class='ocrx_word' id='word_1_277' title='bbox 1339 3118 1365 3172; x_wconf 92' lang='lat' dir='ltr'>p.</span> 
     </span>
     <span class='ocr_line' id='line_1_32' title="bbox 63 3178 743 3249; baseline -0.001 -17"><span class='ocrx_word' id='word_1_278' title='bbox 63 3185 100 3242; x_wconf 76' lang='lat'>95</span> <span class='ocrx_word' id='word_1_279' title='bbox 111 3187 137 3248; x_wconf 82' lang='lat'>):</span> <span class='ocrx_word' id='word_1_280' title='bbox 163 3181 241 3249; x_wconf 84' lang='lat' dir='ltr'>Qrsae</span> <span class='ocrx_word' id='word_1_281' title='bbox 259 3179 304 3230; x_wconf 74' lang='lat' dir='ltr'>tex</span> <span class='ocrx_word' id='word_1_282' title='bbox 322 3178 634 3245; x_wconf 83' lang='lat' dir='ltr'>comperendinationem</span> <span class='ocrx_word' id='word_1_283' title='bbox 653 3178 743 3231; x_wconf 79' lang='lat' dir='ltr'>habet.</span> 
     </span>
    </p>

    <p class='ocr_par' dir='ltr' id='par_1_14' title="bbox 65 3250 1441 3624">
     <span class='ocr_line' id='line_1_33' title="bbox 158 3250 1367 3322; baseline -0.004 -17"><span class='ocrx_word' id='word_1_284' title='bbox 158 3255 185 3311; x_wconf 79' lang='lat' dir='ltr'>lt.</span> <span class='ocrx_word' id='word_1_285' title='bbox 203 3271 292 3322; x_wconf 81' lang='lat' dir='ltr'>comp.</span> <span class='ocrx_word' id='word_1_286' title='bbox 313 3270 397 3321; x_wconf 80' lang='lat' dir='ltr'>neque</span> <span class='ocrx_word' id='word_1_287' title='bbox 416 3252 621 3321; x_wconf 74' lang='lat' dir='ltr'>ampliationem</span> <span class='ocrx_word' id='word_1_288' title='bbox 641 3252 731 3307; x_wconf 86' lang='lat' dir='ltr'>laalret.</span> <span class='ocrx_word' id='word_1_289' title='bbox 768 3253 814 3304; x_wconf 88' lang='lat' dir='ltr'>lta</span> <span class='ocrx_word' id='word_1_290' title='bbox 832 3259 943 3304; x_wconf 88' lang='lat' dir='ltr'>mittam</span> <span class='ocrx_word' id='word_1_291' title='bbox 961 3257 992 3304; x_wconf 87' lang='lat' dir='ltr'>in</span> <span class='ocrx_word' id='word_1_292' title='bbox 1009 3252 1163 3318; x_wconf 84' lang='lat' dir='ltr'>eonsilium]</span> <span class='ocrx_word' id='word_1_293' title='bbox 1194 3250 1241 3304; x_wconf 82' lang='lat' dir='ltr'>ste</span> <span class='ocrx_word' id='word_1_294' title='bbox 1260 3252 1367 3319; x_wconf 80' lang='lat' dir='ltr'>scripsi.</span> 
     </span>
     <span class='ocr_line' id='line_1_34' title="bbox 65 3325 1369 3398; baseline -0.007 -15"><span class='ocrx_word' id='word_1_295' title='bbox 65 3359 100 3373; x_wconf 89' lang='lat'>-</span> <span class='ocrx_word' id='word_1_296' title='bbox 118 3349 206 3398; x_wconf 85' lang='lat' dir='ltr'>camp.</span> <span class='ocrx_word' id='word_1_297' title='bbox 226 3329 431 3397; x_wconf 77' lang='lat' dir='ltr'>ampliationem</span> <span class='ocrx_word' id='word_1_298' title='bbox 450 3327 573 3378; x_wconf 80' lang='lat' dir='ltr'>liabitam</span> <span class='ocrx_word' id='word_1_299' title='bbox 591 3337 619 3379; x_wconf 89' lang='lat' dir='ltr'>et</span> <span class='ocrx_word' id='word_1_300' title='bbox 637 3328 779 3380; x_wconf 86' lang='lat' dir='ltr'>eonsilium</span> <span class='ocrx_word' id='word_1_301' title='bbox 800 3331 890 3383; x_wconf 80' lang='lat' dir='ltr'>Princ.</span> <span class='ocrx_word' id='word_1_302' title='bbox 910 3325 1019 3381; x_wconf 84' lang='lat' dir='ltr'>Berald.</span> <span class='ocrx_word' id='word_1_303' title='bbox 1038 3356 1075 3368; x_wconf 91' lang='lat'><em>-</em></span> <span class='ocrx_word' id='word_1_304' title='bbox 1093 3343 1180 3395; x_wconf 84' lang='lat' dir='ltr'>comp.</span> <span class='ocrx_word' id='word_1_305' title='bbox 1203 3325 1369 3394; x_wconf 87' lang='lat' dir='ltr'>ampliatio-</span> 
     </span>
     <span class='ocr_line' id='line_1_35' title="bbox 65 3399 1369 3473; baseline -0.009 -15"><span class='ocrx_word' id='word_1_306' title='bbox 65 3426 134 3458; x_wconf 90' lang='lat' dir='ltr'>nem.</span> <span class='ocrx_word' id='word_1_307' title='bbox 172 3410 191 3448; x_wconf 61' lang='grc' dir='ltr'><strong>ἱ</strong></span> <span class='ocrx_word' id='word_1_308' title='bbox 210 3405 329 3455; x_wconf 84' lang='lat' dir='ltr'>Mittam</span> <span class='ocrx_word' id='word_1_309' title='bbox 347 3406 377 3452; x_wconf 90' lang='lat' dir='ltr'>in</span> <span class='ocrx_word' id='word_1_310' title='bbox 395 3403 537 3453; x_wconf 83' lang='lat' dir='ltr'>eonsilium</span> <span class='ocrx_word' id='word_1_311' title='bbox 558 3401 607 3454; x_wconf 81' lang='lat' dir='ltr'>aid</span> <span class='ocrx_word' id='word_1_312' title='bbox 637 3429 673 3441; x_wconf 89' lang='lat'>—</span> <span class='ocrx_word' id='word_1_313' title='bbox 701 3420 786 3470; x_wconf 87' lang='lat' dir='ltr'>comp.</span> <span class='ocrx_word' id='word_1_314' title='bbox 806 3404 1011 3473; x_wconf 77' lang='lat' dir='ltr'>ampliationem</span> <span class='ocrx_word' id='word_1_315' title='bbox 1030 3401 1162 3454; x_wconf 77' lang='lat' dir='ltr'>habitam.</span> <span class='ocrx_word' id='word_1_316' title='bbox 1200 3399 1320 3452; x_wconf 87' lang='lat' dir='ltr'>Mittam</span> <span class='ocrx_word' id='word_1_317' title='bbox 1340 3404 1369 3447; x_wconf 92' lang='lat' dir='ltr'>in</span> 
     </span>
     <span class='ocr_line' id='line_1_36' title="bbox 65 3473 1368 3548; baseline -0.008 -14"><span class='ocrx_word' id='word_1_318' title='bbox 65 3480 208 3534; x_wconf 80' lang='lat' dir='ltr'>consilinm</span> <span class='ocrx_word' id='word_1_319' title='bbox 227 3475 294 3531; x_wconf 85' lang='lat' dir='ltr'>Lod.</span> <span class='ocrx_word' id='word_1_320' title='bbox 322 3505 360 3519; x_wconf 90' lang='lat'><em>-</em></span> <span class='ocrx_word' id='word_1_321' title='bbox 387 3495 475 3548; x_wconf 86' lang='lat' dir='ltr'>comp.</span> <span class='ocrx_word' id='word_1_322' title='bbox 501 3494 585 3546; x_wconf 76' lang='lat' dir='ltr'>neptae</span> <span class='ocrx_word' id='word_1_323' title='bbox 610 3478 693 3547; x_wconf 87' lang='lat' dir='ltr'>ampl.</span> <span class='ocrx_word' id='word_1_324' title='bbox 719 3476 809 3531; x_wconf 81' lang='lat' dir='ltr'>laabet.</span> <span class='ocrx_word' id='word_1_325' title='bbox 847 3479 968 3530; x_wconf 87' lang='lat' dir='ltr'>Mittam</span> <span class='ocrx_word' id='word_1_326' title='bbox 986 3481 1016 3526; x_wconf 91' lang='lat' dir='ltr'>in</span> <span class='ocrx_word' id='word_1_327' title='bbox 1034 3476 1177 3527; x_wconf 82' lang='lat' dir='ltr'>eonsilium</span> <span class='ocrx_word' id='word_1_328' title='bbox 1198 3475 1282 3546; x_wconf 79' lang='lat' dir='ltr'>Lugd.</span> <span class='ocrx_word' id='word_1_329' title='bbox 1304 3473 1368 3525; x_wconf 78' lang='lat' dir='ltr'>iim.</span> 
     </span>
     <span class='ocr_line' id='line_1_37' title="bbox 66 3547 1441 3624; baseline -0.005 -18"><span class='ocrx_word' id='word_1_330' title='bbox 66 3559 144 3612; x_wconf 74' lang='lat' dir='ltr'>Mau.</span> <span class='ocrx_word' id='word_1_331' title='bbox 164 3556 245 3605; x_wconf 86' lang='lat' dir='ltr'>Creu.</span> <span class='ocrx_word' id='word_1_332' title='bbox 748 3555 775 3608; x_wconf 83' lang='grc'>5.</span> <span class='ocrx_word' id='word_1_333' title='bbox 796 3551 946 3624; x_wconf 80' lang='lat' dir='ltr'>dimittere]</span> <span class='ocrx_word' id='word_1_334' title='bbox 971 3551 1113 3602; x_wconf 82' lang='lat' dir='ltr'>demittere</span> <span class='ocrx_word' id='word_1_335' title='bbox 1132 3550 1224 3604; x_wconf 84' lang='lat' dir='ltr'>Princ.</span> <span class='ocrx_word' id='word_1_336' title='bbox 1243 3547 1303 3602; x_wconf 81' lang='lat' dir='ltr'>ald.</span> <span class='ocrx_word' id='word_1_337' title='bbox 1438 3547 1441 3553; x_wconf 79' lang='grc'><strong>’</strong></span> 
     </span>
    </p>

    <p class='ocr_par' dir='ltr' id='par_1_15' title="bbox 141 3624 994 3698">
     <span class='ocr_line' id='line_1_38' title="bbox 141 3624 994 3698; baseline 0 -20"><span class='ocrx_word' id='word_1_338' title='bbox 141 3635 186 3684; x_wconf 73' lang='lat'>10.</span> <span class='ocrx_word' id='word_1_339' title='bbox 204 3626 345 3698; x_wconf 86' lang='lat' dir='ltr'>dieuntur]</span> <span class='ocrx_word' id='word_1_340' title='bbox 364 3624 493 3678; x_wconf 77' lang='lat' dir='ltr'>dicantur</span> <span class='ocrx_word' id='word_1_341' title='bbox 514 3627 603 3679; x_wconf 84' lang='lat' dir='ltr'>Priuc.</span> <span class='ocrx_word' id='word_1_342' title='bbox 623 3624 683 3679; x_wconf 79' lang='lat' dir='ltr'>tid.</span> <span class='ocrx_word' id='word_1_343' title='bbox 733 3631 775 3682; x_wconf 83' lang='lat'>11.</span> <span class='ocrx_word' id='word_1_344' title='bbox 795 3630 843 3695; x_wconf 78' lang='lat' dir='ltr'>iis]</span> <span class='ocrx_word' id='word_1_345' title='bbox 864 3625 908 3678; x_wconf 83' lang='lat' dir='ltr'>lais</span> <span class='ocrx_word' id='word_1_346' title='bbox 927 3624 994 3680; x_wconf 85' lang='lat' dir='ltr'>Lod.</span> 
     </span>
    </p>

    <p class='ocr_par' dir='ltr' id='par_1_16' title="bbox 141 3699 840 3772">
     <span class='ocr_line' id='line_1_39' title="bbox 141 3699 840 3772; baseline 0.003 -19"><span class='ocrx_word' id='word_1_347' title='bbox 141 3709 186 3760; x_wconf 79' lang='lat'>12.</span> <span class='ocrx_word' id='word_1_348' title='bbox 203 3701 404 3768; x_wconf 81' lang='lat' dir='ltr'>commodatae]</span> <span class='ocrx_word' id='word_1_349' title='bbox 426 3710 535 3751; x_wconf 83' lang='lat' dir='ltr'>mutuae</span> <span class='ocrx_word' id='word_1_350' title='bbox 553 3700 637 3751; x_wconf 87' lang='lat' dir='ltr'>datae</span> <span class='ocrx_word' id='word_1_351' title='bbox 658 3699 743 3772; x_wconf 69' lang='lat' dir='ltr'>Lugd.</span> <span class='ocrx_word' id='word_1_352' title='bbox 762 3705 840 3755; x_wconf 84' lang='lat' dir='ltr'>Man.</span> 
     </span>
    </p>

    <p class='ocr_par' dir='ltr' id='par_1_17' title="bbox 140 3775 626 3846">
     <span class='ocr_line' id='line_1_40' title="bbox 140 3775 626 3846; baseline -0.004 -17"><span class='ocrx_word' id='word_1_353' title='bbox 140 3784 186 3836; x_wconf 76' lang='lat'>13.</span> <span class='ocrx_word' id='word_1_354' title='bbox 204 3776 354 3846; x_wconf 80' lang='lat' dir='ltr'>debitores]</span> <span class='ocrx_word' id='word_1_355' title='bbox 384 3776 517 3826; x_wconf 79' lang='lat' dir='ltr'>debitoris</span> <span class='ocrx_word' id='word_1_356' title='bbox 536 3775 626 3828; x_wconf 84' lang='lat' dir='ltr'>Prioc.</span> 
     </span>
    </p>

    <p class='ocr_par' dir='ltr' id='par_1_18' title="bbox 143 3843 1173 3921">
     <span class='ocr_line' id='line_1_41' title="bbox 143 3843 1173 3921; baseline -0.007 -16"><span class='ocrx_word' id='word_1_357' title='bbox 143 3859 186 3909; x_wconf 74' lang='lat'>17.</span> <span class='ocrx_word' id='word_1_358' title='bbox 206 3856 275 3921; x_wconf 84' lang='lat' dir='ltr'>ease]</span> <span class='ocrx_word' id='word_1_359' title='bbox 294 3869 349 3903; x_wconf 87' lang='lat' dir='ltr'>om.</span> <span class='ocrx_word' id='word_1_360' title='bbox 371 3849 476 3904; x_wconf 69' lang='lat' dir='ltr'>Beraid.</span> <span class='ocrx_word' id='word_1_361' title='bbox 498 3848 579 3903; x_wconf 82' lang='lat' dir='ltr'>Lod·</span> <span class='ocrx_word' id='word_1_362' title='bbox 730 3856 774 3906; x_wconf 67' lang='lat'>90.</span> <span class='ocrx_word' id='word_1_363' title='bbox 794 3850 859 3918; x_wconf 81' lang='lat' dir='ltr'>Qua]</span> <span class='ocrx_word' id='word_1_364' title='bbox 879 3853 941 3917; x_wconf 74' lang='lat' dir='ltr'>pair</span> <span class='ocrx_word' id='word_1_365' title='bbox 958 3845 1067 3900; x_wconf 84' lang='lat' dir='ltr'>Berald.</span> <span class='ocrx_word' id='word_1_366' title='bbox 1087 3843 1173 3918; x_wconf 72' lang='lat' dir='ltr'>Lugd.</span> 
     </span>
    </p>

    <p class='ocr_par' dir='ltr' id='par_1_19' title="bbox 140 3925 1192 3998">
     <span class='ocr_line' id='line_1_42' title="bbox 140 3925 1192 3998; baseline -0.008 -18"><span class='ocrx_word' id='word_1_367' title='bbox 140 3935 176 3984; x_wconf 81' lang='lat'>22</span> <span class='ocrx_word' id='word_1_368' title='bbox 205 3929 385 3998; x_wconf 77' lang='lat' dir='ltr'>eriprassetis]</span> <span class='ocrx_word' id='word_1_369' title='bbox 408 3926 493 3995; x_wconf 73' lang='lat' dir='ltr'>Lugd.</span> <span class='ocrx_word' id='word_1_370' title='bbox 515 3928 577 3978; x_wconf 84' lang='grc' dir='ltr'>Ηοι.</span> <span class='ocrx_word' id='word_1_371' title='bbox 598 3925 675 3978; x_wconf 85' lang='grc' dir='ltr'>Μιη.</span> <span class='ocrx_word' id='word_1_372' title='bbox 694 3928 774 3979; x_wconf 86' lang='lat' dir='ltr'>Creo.</span> <span class='ocrx_word' id='word_1_373' title='bbox 793 3954 832 3970; x_wconf 84' lang='lat'>--</span> <span class='ocrx_word' id='word_1_374' title='bbox 850 3929 994 3994; x_wconf 80' lang='lat' dir='ltr'>eripuisset</span> <span class='ocrx_word' id='word_1_375' title='bbox 1015 3926 1192 3992; x_wconf 78' lang='lat' dir='ltr'>antiquiores.</span> 
     </span>
    </p>

    <p class='ocr_par' dir='ltr' id='par_1_20' title="bbox 66 3992 1371 4133">
     <span class='ocr_line' id='line_1_43' title="bbox 142 3992 1371 4072; baseline -0.009 -17"><span class='ocrx_word' id='word_1_376' title='bbox 142 4001 213 4055; x_wconf 86' lang='lat' dir='ltr'>ibid.</span> <span class='ocrx_word' id='word_1_377' title='bbox 235 4002 348 4054; x_wconf 74' lang='lat' dir='ltr'>Centoras</span> <span class='ocrx_word' id='word_1_378' title='bbox 374 4009 403 4052; x_wconf 88' lang='lat' dir='ltr'>et</span> <span class='ocrx_word' id='word_1_379' title='bbox 428 4000 478 4066; x_wconf 80' lang='grc' dir='ltr'>Χ.]</span> <span class='ocrx_word' id='word_1_380' title='bbox 521 3997 605 4072; x_wconf 70' lang='lat' dir='ltr'>Lugd.</span> <span class='ocrx_word' id='word_1_381' title='bbox 631 4000 696 4053; x_wconf 81' lang='lat' dir='ltr'>tior.</span> <span class='ocrx_word' id='word_1_382' title='bbox 719 4000 798 4052; x_wconf 77' lang='lat' dir='ltr'>Mac.</span> <span class='ocrx_word' id='word_1_383' title='bbox 824 4000 905 4052; x_wconf 82' lang='lat' dir='ltr'>Creo.</span> <span class='ocrx_word' id='word_1_384' title='bbox 936 4025 967 4040; x_wconf 87' lang='lat'>·-</span> <span class='ocrx_word' id='word_1_385' title='bbox 999 3997 1023 4050; x_wconf 84' lang='lat' dir='ltr'><em>C</em></span> <span class='ocrx_word' id='word_1_386' title='bbox 1046 4005 1140 4047; x_wconf 79' lang='lat' dir='ltr'>autem</span> <span class='ocrx_word' id='word_1_387' title='bbox 1166 4003 1195 4046; x_wconf 90' lang='lat' dir='ltr'>et</span> <span class='ocrx_word' id='word_1_388' title='bbox 1221 3992 1252 4047; x_wconf 78' lang='grc' dir='ltr'><em>Χ</em></span> <span class='ocrx_word' id='word_1_389' title='bbox 1279 3993 1371 4046; x_wconf 84' lang='lat' dir='ltr'>Priac.</span> 
     </span>
     <span class='ocr_line' id='line_1_44' title="bbox 66 4075 346 4133; baseline -0.014 0"><span class='ocrx_word' id='word_1_390' title='bbox 66 4080 175 4133; x_wconf 68' lang='lat' dir='ltr'>Benivl.</span> <span class='ocrx_word' id='word_1_391' title='bbox 195 4075 256 4131; x_wconf 68' lang='lat' dir='ltr'>Alii.</span> <span class='ocrx_word' id='word_1_392' title='bbox 280 4077 346 4130; x_wconf 76' lang='lat' dir='ltr'>Lod.</span> 
     </span>
    </p>

    <p class='ocr_par' dir='ltr' id='par_1_21' title="bbox 143 4146 723 4218">
     <span class='ocr_line' id='line_1_45' title="bbox 143 4146 723 4218; baseline -0.01 -11"><span class='ocrx_word' id='word_1_393' title='bbox 143 4159 187 4211; x_wconf 78' lang='lat'>23.</span> <span class='ocrx_word' id='word_1_394' title='bbox 205 4155 241 4218; x_wconf 78' lang='lat' dir='ltr'>aa]</span> <span class='ocrx_word' id='word_1_395' title='bbox 263 4169 315 4204; x_wconf 90' lang='grc' dir='ltr'>οιιι.</span> <span class='ocrx_word' id='word_1_396' title='bbox 338 4153 428 4205; x_wconf 87' lang='lat' dir='ltr'>Priuc.</span> <span class='ocrx_word' id='word_1_397' title='bbox 448 4149 555 4205; x_wconf 88' lang='lat' dir='ltr'>Berald.</span> <span class='ocrx_word' id='word_1_398' title='bbox 575 4146 636 4203; x_wconf 72' lang='lat' dir='ltr'>did.</span> <span class='ocrx_word' id='word_1_399' title='bbox 656 4147 723 4201; x_wconf 87' lang='lat' dir='ltr'>Lod.</span> 
     </span>
    </p>

    <p class='ocr_par' dir='ltr' id='par_1_22' title="bbox 141 4217 1328 4297">
     <span class='ocr_line' id='line_1_46' title="bbox 141 4217 1328 4297; baseline -0.014 -14"><span class='ocrx_word' id='word_1_400' title='bbox 141 4228 186 4283; x_wconf 63' lang='lat'>24.</span> <span class='ocrx_word' id='word_1_401' title='bbox 204 4227 286 4295; x_wconf 80' lang='lat' dir='ltr'>Quod</span> <span class='ocrx_word' id='word_1_402' title='bbox 302 4245 336 4278; x_wconf 91' lang='lat' dir='ltr'>ne</span> <span class='ocrx_word' id='word_1_403' title='bbox 351 4231 471 4297; x_wconf 80' lang='lat' dir='ltr'>possem]</span> <span class='ocrx_word' id='word_1_404' title='bbox 494 4223 577 4297; x_wconf 71' lang='lat' dir='ltr'>Lugd.</span> <span class='ocrx_word' id='word_1_405' title='bbox 597 4227 661 4278; x_wconf 89' lang='grc' dir='ltr'>Ηοι.</span> <span class='ocrx_word' id='word_1_406' title='bbox 683 4223 761 4276; x_wconf 85' lang='grc' dir='ltr'>Μιιι.</span> <span class='ocrx_word' id='word_1_407' title='bbox 783 4220 863 4274; x_wconf 84' lang='lat' dir='ltr'>Creo.</span> <span class='ocrx_word' id='word_1_408' title='bbox 884 4247 919 4261; x_wconf 93' lang='lat'><em>-</em></span> <span class='ocrx_word' id='word_1_409' title='bbox 938 4217 1012 4289; x_wconf 79' lang='lat' dir='ltr'>qnod</span> <span class='ocrx_word' id='word_1_410' title='bbox 1025 4222 1130 4285; x_wconf 79' lang='lat' dir='ltr'>possim</span> <span class='ocrx_word' id='word_1_411' title='bbox 1149 4219 1328 4287; x_wconf 78' lang='lat' dir='ltr'>antiquiores.</span> 
     </span>
    </p>

    <p class='ocr_par' dir='ltr' id='par_1_23' title="bbox 141 4294 1052 4370">
     <span class='ocr_line' id='line_1_47' title="bbox 141 4294 1052 4370; baseline -0.011 -16"><span class='ocrx_word' id='word_1_412' title='bbox 141 4309 188 4360; x_wconf 77' lang='grc'>95.</span> <span class='ocrx_word' id='word_1_413' title='bbox 208 4302 361 4370; x_wconf 78' lang='lat' dir='ltr'>cuiusdam]</span> <span class='ocrx_word' id='word_1_414' title='bbox 383 4302 502 4352; x_wconf 80' lang='lat' dir='ltr'>eiusdem</span> <span class='ocrx_word' id='word_1_415' title='bbox 522 4301 599 4353; x_wconf 84' lang='lat' dir='ltr'>Mau.</span> <span class='ocrx_word' id='word_1_416' title='bbox 731 4294 801 4350; x_wconf 85' lang='lat' dir='ltr'>ibid.</span> <span class='ocrx_word' id='word_1_417' title='bbox 821 4297 873 4361; x_wconf 87' lang='lat' dir='ltr'>rei]</span> <span class='ocrx_word' id='word_1_418' title='bbox 895 4311 941 4345; x_wconf 85' lang='lat' dir='ltr'>res</span> <span class='ocrx_word' id='word_1_419' title='bbox 961 4295 1052 4346; x_wconf 78' lang='lat' dir='ltr'>Prisc.</span> 
     </span>
    </p>

    <p class='ocr_par' dir='ltr' id='par_1_24' title="bbox 141 4363 1372 4446">
     <span class='ocr_line' id='line_1_48' title="bbox 141 4363 1372 4446; baseline -0.011 -18"><span class='ocrx_word' id='word_1_420' title='bbox 141 4381 186 4435; x_wconf 82' lang='lat'>26.</span> <span class='ocrx_word' id='word_1_421' title='bbox 202 4384 312 4446; x_wconf 88' lang='lat' dir='ltr'>peteret</span> <span class='ocrx_word' id='word_1_422' title='bbox 330 4386 359 4427; x_wconf 88' lang='lat' dir='ltr'>et</span> <span class='ocrx_word' id='word_1_423' title='bbox 377 4376 433 4446; x_wconf 89' lang='lat' dir='ltr'>ita]</span> <span class='ocrx_word' id='word_1_424' title='bbox 452 4377 495 4428; x_wconf 82' lang='lat' dir='ltr'>Pr.</span> <span class='ocrx_word' id='word_1_425' title='bbox 516 4377 576 4428; x_wconf 83' lang='lat' dir='ltr'>Ber.</span> <span class='ocrx_word' id='word_1_426' title='bbox 597 4370 655 4427; x_wconf 72' lang='grc' dir='ltr'>ΑΜ.</span> <span class='ocrx_word' id='word_1_427' title='bbox 675 4369 742 4424; x_wconf 88' lang='lat' dir='ltr'>Lod.</span> <span class='ocrx_word' id='word_1_428' title='bbox 763 4399 798 4413; x_wconf 90' lang='lat'>-</span> <span class='ocrx_word' id='word_1_429' title='bbox 814 4376 932 4438; x_wconf 86' lang='lat' dir='ltr'>peteret.</span> <span class='ocrx_word' id='word_1_430' title='bbox 951 4372 995 4418; x_wconf 87' lang='lat' dir='ltr'>ita</span> <span class='ocrx_word' id='word_1_431' title='bbox 1013 4363 1102 4437; x_wconf 70' lang='lat' dir='ltr'>Logd.</span> <span class='ocrx_word' id='word_1_432' title='bbox 1121 4364 1186 4417; x_wconf 83' lang='grc' dir='ltr'>Ηοι.</span> <span class='ocrx_word' id='word_1_433' title='bbox 1203 4366 1277 4418; x_wconf 82' lang='lat' dir='ltr'>Mau.</span> <span class='ocrx_word' id='word_1_434' title='bbox 1291 4363 1372 4415; x_wconf 87' lang='lat' dir='ltr'>Creo.</span> 
     </span>
    </p>

    <p class='ocr_par' dir='ltr' id='par_1_25' title="bbox 68 4435 1374 4658">
     <span class='ocr_line' id='line_1_49' title="bbox 143 4435 1374 4520; baseline -0.016 -14"><span class='ocrx_word' id='word_1_435' title='bbox 143 4458 187 4506; x_wconf 83' lang='lat'>27.</span> <span class='ocrx_word' id='word_1_436' title='bbox 199 4453 346 4520; x_wconf 77' lang='lat' dir='ltr'>jestinaeo</span> <span class='ocrx_word' id='word_1_437' title='bbox 365 4450 507 4520; x_wconf 77' lang='lat' dir='ltr'>redierim]</span> <span class='ocrx_word' id='word_1_438' title='bbox 530 4448 588 4503; x_wconf 80' lang='lat' dir='ltr'>aid.</span> <span class='ocrx_word' id='word_1_439' title='bbox 606 4445 675 4500; x_wconf 88' lang='lat' dir='ltr'>Lod.</span> <span class='ocrx_word' id='word_1_440' title='bbox 694 4449 883 4499; x_wconf 76' lang='lat' dir='ltr'>contendente</span> <span class='ocrx_word' id='word_1_441' title='bbox 906 4441 1130 4496; x_wconf 78' lang='lat' dir='ltr'>Melanehrhooe.</span> <span class='ocrx_word' id='word_1_442' title='bbox 1150 4467 1186 4480; x_wconf 89' lang='lat'><em>-</em></span> <span class='ocrx_word' id='word_1_443' title='bbox 1197 4435 1374 4506; x_wconf 77' lang='lat' dir='ltr'>firtinatare</span> 
     </span>
     <span class='ocr_line' id='line_1_50' title="bbox 68 4513 1373 4596; baseline -0.012 -17"><span class='ocrx_word' id='word_1_444' title='bbox 68 4529 175 4579; x_wconf 88' lang='lat' dir='ltr'>dierum</span> <span class='ocrx_word' id='word_1_445' title='bbox 196 4529 287 4580; x_wconf 77' lang='lat' dir='ltr'>Prisc.</span> <span class='ocrx_word' id='word_1_446' title='bbox 314 4554 352 4567; x_wconf 91' lang='lat'><em>—</em></span> <span class='ocrx_word' id='word_1_447' title='bbox 371 4527 534 4596; x_wconf 81' lang='lat' dir='ltr'>jestinatar</span> <span class='ocrx_word' id='word_1_448' title='bbox 552 4524 660 4575; x_wconf 80' lang='lat' dir='ltr'>dieram</span> <span class='ocrx_word' id='word_1_449' title='bbox 677 4519 786 4575; x_wconf 85' lang='lat' dir='ltr'>Bersld.</span> <span class='ocrx_word' id='word_1_450' title='bbox 816 4545 852 4558; x_wconf 95' lang='lat'><em>-</em></span> <span class='ocrx_word' id='word_1_451' title='bbox 879 4517 1019 4585; x_wconf 83' lang='lat' dir='ltr'>festinato</span> <span class='ocrx_word' id='word_1_452' title='bbox 1039 4514 1178 4566; x_wconf 78' lang='lat' dir='ltr'>rediissem</span> <span class='ocrx_word' id='word_1_453' title='bbox 1200 4513 1283 4586; x_wconf 76' lang='lat' dir='ltr'>lugd.</span> <span class='ocrx_word' id='word_1_454' title='bbox 1312 4515 1373 4564; x_wconf 84' lang='grc' dir='ltr'>Ηοι.</span> 
     </span>
     <span class='ocr_line' id='line_1_51' title="bbox 68 4602 248 4658; baseline -0.017 -1"><span class='ocrx_word' id='word_1_455' title='bbox 68 4605 146 4658; x_wconf 77' lang='lat' dir='ltr'>Man.</span> <span class='ocrx_word' id='word_1_456' title='bbox 167 4602 248 4654; x_wconf 85' lang='lat' dir='ltr'>Creu.</span> 
     </span>
    </p>

    <p class='ocr_par' dir='ltr' id='par_1_26' title="bbox 70 4660 1375 4815">
     <span class='ocr_line' id='line_1_52' title="bbox 144 4660 1375 4753; baseline -0.007 -26"><span class='ocrx_word' id='word_1_457' title='bbox 144 4675 215 4730; x_wconf 85' lang='lat' dir='ltr'>ibid.</span> <span class='ocrx_word' id='word_1_458' title='bbox 231 4672 443 4753; x_wconf 78' lang='lat' dir='ltr'>proficiscatur]</span> <span class='ocrx_word' id='word_1_459' title='bbox 476 4674 568 4728; x_wconf 86' lang='lat' dir='ltr'>Priac.</span> <span class='ocrx_word' id='word_1_460' title='bbox 586 4668 693 4726; x_wconf 87' lang='lat' dir='ltr'>Berald.</span> <span class='ocrx_word' id='word_1_461' title='bbox 713 4666 775 4724; x_wconf 72' lang='lat' dir='ltr'>did.</span> <span class='ocrx_word' id='word_1_462' title='bbox 796 4666 866 4721; x_wconf 84' lang='lat' dir='ltr'>Lod.</span> <span class='ocrx_word' id='word_1_463' title='bbox 889 4694 927 4712; x_wconf 86' lang='lat'>-·</span> <span class='ocrx_word' id='word_1_464' title='bbox 947 4661 1176 4737; x_wconf 78' lang='lat' dir='ltr'>proficisceretur</span> <span class='ocrx_word' id='word_1_465' title='bbox 1199 4660 1285 4734; x_wconf 71' lang='lat' dir='ltr'>Lugd.</span> <span class='ocrx_word' id='word_1_466' title='bbox 1311 4661 1375 4717; x_wconf 79' lang='lat' dir='ltr'>tior.</span> 
     </span>
     <span class='ocr_line' id='line_1_53' title="bbox 70 4752 248 4815; baseline 0.011 -11"><span class='ocrx_word' id='word_1_467' title='bbox 70 4753 148 4815; x_wconf 74' lang='lat' dir='ltr'>Man.</span> <span class='ocrx_word' id='word_1_468' title='bbox 167 4752 248 4806; x_wconf 80' lang='lat' dir='ltr'>Creu.</span> 
     </span>
    </p>
   </div>
   <div class='ocr_carea' id='block_1_5' title="bbox 0 0 1631 5280">
    <p class='ocr_par' dir='ltr' id='par_1_27' title="bbox 0 0 1631 5280">
     <span class='ocr_line' id='line_1_54' title="bbox 0 0 1631 5280; baseline 0 0"><span class='ocrx_word' id='word_1_469' title='bbox 0 0 1631 5280; x_wconf 95' lang='lat' dir='ltr'> </span> 
     </span>
    </p>
   </div>
  </div>
 </body>
</html>
