3210 5280
404 228 453 293 IN
476 227 583 295 Act.
605 229 635 293 1.
659 225 773 293 luc.
797 227 1013 294 VERREM.
1306 230 1365 294 iti

63 386 178 431 nomen
208 380 255 432 est
287 368 404 447 tribus,
437 373 565 440 ablativi
593 391 703 446 castus,
739 384 773 436 ut
803 370 843 432 sit
872 371 1093 435 eaiiomiiia.
1147 367 1264 431 Tribus
1287 369 1367 432 enim

60 464 198 524 urbanae
219 454 418 550 rusticasque
448 490 556 533 omnes
577 467 727 534 XXXV.
743 473 970 537 numerantur,
1009 483 1050 524 ex
1082 461 1196 546 quibus
1232 462 1367 545 aliquam

60 572 188 616 necesse
211 567 274 630 est,
309 561 459 645 cuiusque
481 564 600 627 ordinis
621 560 735 635 inerit,
769 559 847 621 civis
871 557 1031 619 Romanus
1063 556 1214 618 obtineat.
1258 556 1366 619 Moris

62 657 163 709 sertem
185 648 262 725 fuit,
294 664 344 728 ut,
369 675 438 716 cum
462 656 572 739 aliquis
594 657 673 720 ciris
696 657 857 718 Romanus
880 649 1088 713 ostendendus
1109 658 1210 723 esset,
1244 649 1365 734 signiti-

59 752 186 802 caretur
208 754 259 803 eut
281 764 297 805 a
320 749 520 826 praenomine
541 771 620 826 suo,
659 759 711 812 aut
733 769 749 810 a
771 745 916 818 nousioe,
954 752 1045 804 auto
1075 740 1281 824 cognomine,
1313 753 1392 805 auti

58 835 304 915 tcognetione,
339 852 430 902 suta
459 843 566 920 tribu,
600 844 631 906 in
653 863 715 925 qua
736 849 931 909 censeretur,
965 845 1018 896 sut
1047 833 1191 910 acaria,
1227 846 1280 911 aut
1300 838 1366 909 †a

59 944 207 1001 censura,
232 941 305 1005 aut,
329 933 354 996 si
377 947 444 996 erat
464 949 610 1014 senator,
635 955 730 1019 eques
751 934 931 1005 Romanus,
955 948 973 992 a
995 927 1172 991 corisson.
1216 926 1270 990 Sic
1290 928 1365 993 alibi

59 1016 101 1078 ait
124 1019 156 1082 0.
179 1020 359 1088 Claudium
379 1029 549 1092 Palation.

139 1107 193 1170 Er
214 1116 357 1199 optima]
401 1118 509 1181 Ironia
532 1110 591 1197 esi.

141 1206 250 1268 Patris
270 1210 366 1272 istius
386 1211 607 1293 discipulum]
650 1206 822 1292 Tamquam
853 1204 1024 1269 divisorum
1056 1201 1216 1289 magistri,
1249 1201 1407 1266 Veri-isto

59 1294 142 1357 senis
163 1296 294 1359 scilicet.

143 1391 187 1466 (§·
211 1390 279 1470 Ἃ)
302 1392 486 1478 [Urgebant
507 1396 661 1477 comitia]
705 1396 775 1458 Hac
797 1404 870 1457 sunt
891 1414 943 1456 res
968 1391 1150 1472 maximae]

144 1480 315 1567 Urgebnnt
345 1489 486 1549 comitia
512 1520 547 1532 -
579 1489 726 1551 instabat
755 1489 922 1552 iudicium
950 1518 986 1532 -
1014 1482 1094 1559 fisci
1120 1481 1365 1562 minabantur.]

61 1574 228 1658 Exquisite
250 1576 376 1639 dictum.

144 1667 268 1748 igere,
289 1667 383 1752 quod
400 1668 448 1732 ad
465 1668 629 1732 iudicium
648 1670 848 1753 pertinebat,
871 1668 986 1749 libere]
1016 1668 1081 1731 Vol
1103 1667 1309 1750 occupatione
1330 1666 1363 1730 in
1377 1683 1409 1733 tt

60 1763 195 1843 petendo
219 1762 361 1834 bonore,
386 1759 435 1821 vel
457 1760 530 1842 quia
552 1761 711 1825 accusatio
733 1760 909 1823 libertatem
932 1772 963 1823 et
985 1760 1081 1825 asinas
1102 1762 1228 1845 exigat,
1251 1759 1365 1843 petitio

59 1853 270 1917 biandimenta
293 1865 324 1915 et
347 1875 471 1935 preces.

143 1945 277 2009 Minori
293 1946 433 2029 denique
454 1943 651 2008 divisoribus
672 1948 762 2008 ratio
782 1967 849 2010 non
868 1946 956 2027 erat]
1018 1944 1086 2011 Cur
1108 1947 1190 2010 enim
1214 1989 1365 2010 .....

61 2077 553 2102 ...............
576 2037 728 2111 minares,
752 2037 862 2119 inquit,
879 2041 904 2112 †
926 2040 1160 2104 accusatoribus
1176 2041 1226 2103 vel
1241 2038 1365 2103 diviso-

60 2197 120 2255 ΔΜ.
151 2226 187 2240 ·-
218 2198 252 2268 Q.
271 2199 392 2254 Verrem
410 2197 537 2251 Romilia.
558 2198 676 2251 Verrem
696 2198 763 2252 Lod.
792 2229 827 2242 -
857 2204 887 2255 C.
908 2200 1028 2253 Verrem
1044 2200 1174 2252 Romilia.
1194 2201 1228 2253 C.
1245 2200 1366 2254 Verrem

60 2273 144 2346 Lugd.
165 2276 231 2328 Hot.
251 2277 331 2326 Creo.
357 2300 392 2312 -
420 2275 474 2327 Pro
493 2272 610 2325 Romilia
630 2274 698 2326 Zurn
721 2278 773 2327 tius
792 2273 863 2346 spud
884 2275 1044 2327 Ciceronem
1070 2294 1102 2326 ex
1121 2291 1177 2328 nno
1197 2274 1258 2331 cod.
1278 2271 1366 2326 edidit

60 2349 199 2404 donaba.
237 2346 369 2421 (Romilia
387 2351 467 2401 unice
487 2364 603 2404 rectum.
625 2337 688 2403 scir.
701 2294 789 2407 inser.
808 2365 880 2402 mets
900 2349 963 2405 Lai.
981 2349 1014 2402 Τ.
1034 2355 1062 2404 2.
1083 2369 1111 2424 p.
1133 2353 1177 2409 16.
1197 2350 1263 2416 On.)

154 2464 181 2519 3.
201 2460 322 2529 aliquam
341 2489 360 2502 -
378 2493 395 2503 -
414 2461 495 2527 civis]
517 2461 611 2530 aliqua
630 2491 648 2503 -
667 2492 686 2504 -
704 2466 781 2512 ardus
801 2463 891 2515 Ptine.

86 2565 91 2572 -
152 2539 180 2592 u.
199 2534 294 2585 Moris
320 2542 413 2584 erasm
442 2538 506 2603 cen]
540 2534 629 2604 „vide
648 2532 744 2609 fragat.
764 2535 831 2608 legis
852 2535 980 2590 Serviliae
1006 2534 1077 2610 sputi
1102 2536 1203 2591 Gruter
1231 2553 1259 2610 p.
1279 2532 1365 2594 inb-⁸⁸.

137 2682 208 2738 ibid.
220 2681 301 2753 ferit,
320 2690 352 2734 ut
370 2686 441 2752 erem]
471 2682 536 2736 Hot.
557 2683 634 2737 Man.
658 2684 741 2739 Creo.
761 2714 798 2727 -
808 2683 891 2756 fuit,
910 2704 969 2737 eum
990 2690 1104 2757 priores.

155 2763 181 2817 5.
201 2767 251 2809 aut
270 2775 289 2808 a
303 2762 495 2829 praenomine]
518 2759 602 2829 Lagd.
620 2760 685 2812 Ηοι.
704 2760 780 2813 Msa.
796 2762 876 2814 Creo.
896 2784 932 2800 ·-
950 2769 1001 2812 aret
1015 2763 1195 2833 praenomine
1213 2763 1332 2834 priores.

136 2833 206 2888 lbid.
226 2841 277 2884 aut
295 2852 314 2884 a
332 2835 455 2904 nomine]
475 2841 525 2882 aret
542 2840 691 2900 agnomine
712 2832 817 2887 Beraid.

153 2912 180 2967 6.
199 2927 218 2959 a
236 2911 415 2976 cognatione]
457 2906 545 2975 „vtae
565 2924 633 2979 quse
653 2909 685 2961 de
705 2909 756 2961 bec
776 2926 841 2961 soce
861 2907 970 2962 disserit
991 2910 1147 2961 Perizonius
1168 2906 1282 2979 medem
1301 2913 1366 2981 epi-

62 2983 130 3038 stola
149 2985 229 3036 Toto.
250 2983 295 3035 tv,
315 2981 417 3054 Syiioq.
438 2984 588 3036 Burmann.
609 3002 634 3055 p.
656 2989 721 3041 767.
747 2982 793 3037 nbi
821 2985 893 3036 hunc
919 2984 1035 3036 illustrat
1060 2984 1169 3049 locum,
1202 2998 1283 3055 atque
1302 2984 1367 3036 hinc

62 3076 118 3112 sese
138 3059 258 3111 sdtuvsrt
278 3072 371 3109 censet
391 3055 425 3108 ad
445 3057 632 3130 expoliendum
655 3059 687 3110 sb
708 3058 843 3112 veteribus
864 3059 993 3112 Romanis
1013 3075 1160 3126 agnomen.
1200 3057 1280 3126 Quod
1301 3074 1366 3110 sene
1482 3113 1486 3121 ,

63 3134 172 3186 verbnm
193 3138 223 3185 io
242 3132 335 3184 Toiiio
355 3132 392 3186 11.
422 3131 456 3184 ds
482 3135 586 3186 invent.
612 3135 639 3189 9.
666 3138 839 3207 suppositum
858 3138 914 3187 into
934 3132 980 3186 diu
1000 3137 1065 3186 viris
1085 3136 1174 3186 doctis
1196 3130 1367 3188 videbator.”

153 3289 179 3338 7.
198 3291 248 3335 aut
265 3302 284 3334 a
303 3298 421 3332 eensnra
440 3312 458 3323 -
477 3311 496 3323 -
515 3311 533 3323 -
551 3299 570 3331 a
589 3285 668 3332 suria
686 3283 758 3350 ersa.]
788 3283 834 3335 Sic
854 3296 981 3355 corrupte
995 3283 1087 3335 Princ.
1102 3278 1207 3335 Bersid.
1222 3278 1284 3335 nid.
1301 3279 1367 3335 tot.

66 3380 99 3398 ι-
117 3366 168 3408 aut
188 3375 205 3408 e
225 3375 322 3421 censu,
351 3363 397 3421 ut,
424 3359 533 3407 eierat
551 3365 681 3420 senator,
711 3375 827 3427 spossus
845 3356 984 3409 Romaene
1002 3356 1112 3430 (ceteris
1139 3353 1263 3429 omissis)
1283 3355 1367 3428 Lugd.

64 3429 127 3483 liot.
147 3433 224 3485 Man.
244 3432 325 3484 Creo.
344 3458 381 3471 —
399 3431 461 3500 ,tis
478 3436 504 3480 ei
521 3433 650 3502 senator]
670 3432 793 3486 Daorsii.
817 3433 915 3499 Vetus,
936 3434 997 3483 Aut
1016 3436 1042 3483 si
1060 3449 1085 3486 e.
1105 3447 1130 3484 e.
1149 3450 1172 3486 e.
1192 3430 1331 3483 Romanus
1348 3449 1368 3483 a

64 3511 138 3557 caria
157 3507 237 3560 saa.'’
256 3505 343 3559 lior.

135 3580 205 3634 ibid.
225 3581 304 3647 alibi]
326 3583 400 3631 Verr.
420 3581 482 3632 Act.
502 3579 540 3632 ti.
560 3578 609 3632 lib.
630 3579 667 3632 11.
686 3595 717 3632 cs
739 3619 746 3634 .
767 3582 810 3641 δᾶ.
830 3582 853 3648 9.
875 3586 939 3637 107.

155 3660 183 3712 b.
203 3656 233 3710 C.
253 3654 409 3721 Ciarsdium]
438 3655 513 3707 Man.
533 3682 569 3696 -
589 3653 620 3707 L.
640 3654 691 3707 Cia
729 3661 784 3708 ium
803 3661 898 3710 cereri.

154 3734 182 3788 9.
202 3731 255 3784 itte
281 3746 372 3783 sersus
400 3731 524 3799 sequenti
551 3734 720 3803 postpositus
746 3746 787 3785 est
812 3736 841 3784 in
860 3732 952 3785 Princ.
973 3727 1081 3786 uerae.
1102 3727 1164 3784 did.
1184 3726 1268 3803 bugd.
1289 3728 1366 3785 Man.

138 3803 208 3859 ibid.
228 3804 290 3874 Et]
318 3812 346 3855 et
366 3804 456 3855 Ptine.
475 3803 583 3858 Beseld.

138 3888 184 3936 10.
202 3882 296 3947 istius]
317 3875 402 3949 Logd.
421 3877 487 3932 Hor.
508 3879 585 3931 Meo.
606 3879 687 3932 Creo.
706 3908 744 3921 —
761 3885 806 3932 sai
823 3885 938 3953 priores.

136 3954 206 4008 ibid.
227 3953 396 4024 divisorum]
417 3950 483 4006 Lod.
503 3967 531 4006 et
550 3970 625 4025 seqq.
642 3983 681 3996 -
699 3953 849 4007 divisorem
869 3957 1049 4027 antiquiores.

136 4035 180 4085 ii.
202 4029 303 4083 Verris
319 4032 395 4078 senis
411 4028 527 4096 scilieet]
560 4026 626 4081 Lod.
646 4058 682 4070 -
703 4030 789 4083 Verri
806 4035 866 4082 seni
883 4030 989 4081 seilicet
1007 4031 1099 4082 Priac.
1121 4023 1228 4080 tereti.
1248 4022 1310 4080 ΑΜ.
1330 4052 1368 4068 -

65 4100 157 4171 Istius]
183 4104 285 4158 Verris
310 4102 416 4153 scilicet
437 4100 524 4174 Lugd.
541 4102 605 4155 Hot.
626 4103 702 4157 Men.
723 4105 803 4158 Creo.

136 4185 180 4235 12.
196 4178 343 4246 Urgebant
361 4181 482 4230 comitia.
520 4178 582 4229 Hae
609 4188 673 4231 sant
693 4197 738 4231 res
756 4181 905 4247 inanimae]
926 4194 984 4232 om.
1008 4179 1098 4230 Priac.
1118 4172 1226 4230 terete.

134 4260 178 4313 13.
200 4253 345 4320 Urgebant
364 4254 489 4319 comitia]
510 4269 566 4304 om.
585 4251 653 4306 Lod.

132 4326 202 4381 ibid.
215 4326 286 4398 fissi
304 4325 492 4393 minabantur]
507 4324 579 4399 fissi
597 4328 752 4379 Sicilienses
771 4327 949 4379 minabantur
964 4323 1030 4378 Lod.
1044 4341 1107 4377 cum
1121 4322 1199 4376 editt.
1213 4322 1367 4376 Ciceronis.

136 4407 181 4460 15,
203 4401 277 4472 quod
294 4433 312 4444 -
331 4433 349 4444 -
364 4401 538 4473 pertinebat]
557 4418 626 4473 puae
646 4437 662 4446 -
682 4433 700 4445 -
718 4402 895 4470 pertinebant
915 4399 982 4453 Lod.
1001 4399 1065 4453 curn
1084 4398 1163 4452 editt.
1176 4398 1330 4451 Ciceronis.

134 4475 204 4530 lbid.
224 4475 322 4547 iibere]
342 4473 406 4533 Lod,
428 4493 454 4528 st
475 4494 551 4547 seqq.
571 4505 605 4518 ·-
625 4477 657 4531 L.
676 4482 854 4550 antiquiores.

137 4557 180 4608 16.
200 4554 274 4621 qnia]
295 4547 365 4603 Lod.
385 4566 412 4604 et
431 4567 505 4623 seqq.
526 4569 634 4620 -qua
654 4557 767 4623 priores.

137 4625 218 4690 lbid.¹
230 4634 258 4676 et
276 4629 378 4693 minae]
399 4625 464 4679 Hot.
484 4632 564 4679 Creo.
585 4655 621 4668 -
638 4627 687 4678 vet
705 4633 794 4678 minas
812 4630 927 4701 priores.

137 4703 180 4757 19.
199 4706 272 4753 enim
285 4696 302 4732 ἥ
314 4703 445 4768 mirarer]
468 4704 604 4752 Lacunam
619 4700 748 4755 editionis
763 4706 895 4776 principis
910 4718 1016 4774 praeter
1029 4702 1089 4759 sid.
1103 4720 1183 4757 nemo
1196 4699 1367 4776 signibctsit.

137 4773 208 4830 ibid.
227 4775 451 4848 armantibus]
490 4776 549 4828 Vox
567 4780 707 4832 mendosa.
726 4801 763 4817 -
781 4780 989 4849 corruptoribus
1010 4783 1074 4840 Hor.
1094 4782 1176 4834 Creo.
