3210 5280
134 166 196 229 218

132 311 384 382 commentarii
415 311 548 382 iamdiu
583 313 764 385 vixerunt.
819 312 969 384 Tertius
997 336 1016 384 e
1044 315 1308 409 superstitibus
1335 314 1441 388 Cice·

131 422 235 519 ronis
261 422 525 517 interpretibus
551 421 779 495 Macrobius
804 433 881 518 est,
932 424 1101 497 Honorio
1136 427 1340 522 imperante
1367 428 1439 498 cla·

131 554 216 626 rus,
244 534 304 628 qui
331 531 516 629 Scipionis
543 533 721 604 somnium
748 534 785 604 in
813 544 977 608 extremo
996 535 1041 608 de
1059 561 1138 633 rep.
1156 537 1255 610 libro
1273 563 1294 610 a
1314 539 1439 612 Tullio

136 646 311 740 seriptum
331 645 473 719 duobus
491 644 735 718 voluminibus
754 643 963 721 illustravit.
1002 648 1095 720 Huic
1111 651 1302 745 proximus
1320 660 1441 724 aetate

129 756 270 829 accedit
297 755 507 864 Eulogius,
550 755 591 832 S.
618 754 811 854 Augustini
838 757 1087 855 Hipponensis
1113 759 1336 856 discipulus,
1376 763 1441 859 qui

128 868 167 939 in
193 868 318 941 eodem
345 891 388 941 ao
414 866 627 943 Macrobius
652 877 890 964 argumento,
924 869 991 941 sed
1015 869 1123 968 longe
1148 868 1321 966 brevius,
1358 896 1432 944 ver·

129 989 229 1052 satus
247 989 315 1053 est.
352 978 525 1078 Quintum
544 979 735 1052 Ciceronis
752 979 993 1077 interpretem
1012 1005 1207 1054 numerare
1224 979 1438 1055 Boethium

127 1088 235 1184 licet,
257 1100 412 1188 propter
438 1093 517 1165 eius
540 1092 690 1163 uberem
707 1091 755 1163 ad
771 1091 913 1189 Topica
931 1094 1243 1167 commentarium.
1283 1092 1438 1169 Sextum

128 1201 270 1276 colloco
296 1204 458 1276 incertae
485 1203 631 1302 quidem
656 1204 808 1296 aetatis,
835 1204 901 1280 sed
925 1204 1086 1300 priscum
1112 1214 1254 1298 tamen,
1282 1204 1437 1279 scholia·

128 1325 220 1388 stam
256 1315 377 1409 illum,
415 1317 518 1388 cuius
553 1314 693 1412 aliquot
724 1314 876 1414 legimus
911 1314 1167 1389 adnotationes
1200 1316 1247 1388 ad
1282 1326 1363 1389 tres
1395 1319 1433 1389 in

127 1425 283 1499 Verrem
310 1429 518 1521 orationes,
543 1450 672 1522 nempe
691 1426 737 1497 ad
763 1426 1043 1522 divinationem,
1070 1426 1314 1501 adactionem
1334 1429 1433 1525 prio·

126 1560 225 1633 rem,
252 1546 360 1635 atque
386 1536 432 1608 ad
458 1536 639 1610 secundae
657 1541 815 1614 actionis
833 1539 966 1612 librum
984 1541 1154 1636 primum.
1208 1540 1435 1638 Quamquam

127 1672 194 1750 ego
228 1673 345 1747 prope
371 1649 482 1723 nolim
510 1649 661 1722 eundem
689 1652 763 1726 dici
788 1649 1043 1747 scholiastam‚
1083 1654 1145 1751 qui
1172 1652 1262 1726 duas
1288 1655 1437 1750 priores

127 1763 336 1857 orationes,
363 1773 472 1862 atque
498 1761 597 1835 illum
625 1766 688 1862 qui
707 1764 851 1837 tertiam
869 1762 1093 1861 illustravit3
1119 1774 1320 1862 propterea
1339 1764 1438 1863 quod

126 1873 186 1947 hie
212 1873 298 1947 mibi
325 1884 426 1948 certe
453 1874 634 1948 eruditior
653 1868 930 1976 elegantiusque
947 1875 1105 1947 videtur.
1157 1872 1335 1947 Extremo
1353 1875 1437 1950 loco

125 1987 164 2059 in
191 1985 383 2061 Ciceronis
409 1986 623 2085 iampridem
650 1987 758 2061 editis
783 1988 1051 2083 interpretibus
1077 1987 1270 2083 ponendus
1297 1998 1357 2061 est
1382 2013 1436 2062 se-

126 2099 359 2173 mibarbarus
386 2097 603 2182 scholiastes
628 2098 690 2171 ille
717 2096 764 2170 ad
790 2101 979 2205 orationes
999 2123 1070 2197 pro
1090 2097 1227 2172 Roscio
1244 2099 1437 2197 Amerino,

88 2265 95 2278 .
125 2236 195 2310 pro
220 2210 300 2312 lege
325 2211 493 2308 Manilia,
530 2211 574 2284 ad
602 2209 797 2284 secundam
825 2213 970 2284 tertiam
998 2220 1238 2311 quartamque
1264 2210 1441 2292 Catilina<

126 2325 239 2419 riam,
279 2348 384 2423 quem
413 2323 623 2398 Gronovius
659 2323 799 2418 primus
832 2322 1005 2423 vulgavit.
1059 2322 1135 2399 Sed
1162 2325 1257 2395 enim
1284 2333 1436 2422 praeter

126 2433 195 2508 hos
222 2459 314 2534 quos
342 2436 418 2507 dixi
444 2436 582 2529 editos,
617 2435 784 2507 extitisse
810 2432 903 2506 alios
928 2436 1074 2532 priseos
1101 2432 1296 2509 Ciceronis
1322 2437 1435 2508 iuter·

124 2556 272 2645 pretes,
312 2546 643 2644 exploratissimum
671 2555 739 2619 est.
790 2543 934 2618 Etenim
961 2547 1040 2642 ipse
1066 2544 1270 2642 Asconius,
1311 2570 1435 2645 quam·

126 2683 234 2757 quam
259 2657 368 2758 longe
395 2659 669 2758 antiquissimus
687 2656 882 2756 Tullioque
901 2667 1020 2730 aetate
1038 2658 1249 2754 prosimus,
1276 2657 1434 2731 aliorum

126 2780 212 2843 ante
248 2794 289 2844 se
323 2769 506 2844 hominum
539 2769 586 2843 ad
618 2767 778 2841 Tullium
812 2768 1094 2844 ohservationes
1127 2771 1219 2844 satis
1244 2765 1431 2868 innuit(¹).

124 2881 265 2957 Fronto
291 2891 485 2981 praeterea
511 2891 690 2955 memorat
702 2876 747 2979 (²)
774 2879 1038 2955 Ciceronianos
1064 2881 1181 2955 libros
1207 2905 1229 2953 a
1255 2906 1295 2955 se
1322 2882 1433 2955 adno

123 3003 241 3090 tatus,
269 3019 362 3094 quos
388 2995 426 3067 in
453 2992 581 3093 vulgus
608 2994 710 3066 exire
737 2991 899 3067 nolebat.
951 2994 1045 3067 'l'um
1064 2993 1137 3066 duo
1154 2991 1260 3066 valde
1286 2992 1432 3068 nobiles

123 3105 315 3179 Ciceronis
341 3106 585 3202 interpretes,
626 3105 750 3201 Caper
776 3115 887 3203 atque
904 3091 1142 3192 Volcatius,
1180 3106 1227 3177 ab
1253 3103 1433 3202 Agroetio

122 3218 359 3317 grammatico
396 3225 505 3314 atque
542 3241 563 3289 a
599 3215 684 3289 divo
717 3214 942 3312 Hieronymo
978 3224 1323 3288 commemorantur.
1375 3217 1431 3290 De

123 3326 245 3425 Capro
282 3328 336 3401 sie
367 3326 565 3427 Agroetius
599 3329 638 3399 in
675 3327 831 3428 prologo
864 3327 910 3400 ad
944 3325 1263 3425 orthographiam:
1305 3328 1431 3426 Caper

121 3439 254 3510 multis
272 3437 501 3537 litterarum'
512 3439 688 3537 operibus
704 3439 935 3526 celebratus,
956 3437 996 3509 in
1006 3439 1294 3509 commentando
1313 3437 1431 3511 etium

123 3545 306 3619 Cicerone
332 3547 575 3646 proecipuus.
640 3547 735 3621 Tum
775 3549 820 3623 de
855 3549 981 3622 eodem
1018 3546 1263 3644 Hieronymus
1297 3557 1429 3621 contra

122 3655 293 3731 Rufinum
320 3657 369 3731 ll.
397 3650 454 3731 9.:
497 3656 573 3731 nisi
591 3657 708 3756 sorte
739 3661 998 3755 quaestionem
1024 3671 1060 3729 et
1085 3656 1370 3754 querimoniam
1398 3656 1439 3729 id

122 3769 246 3864 ipsum
271 3766 498 3877 significare
518 3783 653 3865 putot,
679 3767 772 3862 quio
791 3767 831 3839 in
851 3766 971 3864 Capri
989 3765 1277 3838 commentariis
1304 3765 1434 3839 buius·

121 3878 225 3951 modi
234 3880 421 3985 figuram
448 3877 621 3973 reperio
651 3877 726 3950 lam
760 3902 851 3952 vero
878 3878 923 3949 de
950 3875 1119 3950 Volcatio
1146 3879 1200 3949 sic
1225 3877 1321 3948 idem
1349 3875 1433 3949 Hie·

119 4011 295 4084 ronymus
322 3997 453 4062 contra
479 3987 647 4061 Rufinum
674 3989 703 4061 l.
733 3982 814 4062 16.ι
837 4006 935 4084 puto
962 3987 1068 4084 quod
1091 3988 1227 4095 legeris
1260 3986 1433 4060 Volcatii

123 4097 167 4170 in
201 4099 397 4173 orationes
438 4098 635 4171 Ciceronis
671 4096 979 4172 commentarios.
1038 4097 1203 4197 Denique
1237 4096 1432 4170 Ciceronis

117 4213 305 4308 interpres
339 4211 453 4285 fuisse
487 4211 633 4284 videtur
673 4219 709 4283 et
734 4208 854 4283 Socer
880 4210 1044 4307 qnidam,
1083 4212 1115 4282 si
1142 4219 1242 4282 certe
1271 4207 1430 4282 Charisii

118 4325 345 4422 grammatici
372 4348 460 4397 snua
486 4322 597 4396 lectio
624 4331 692 4394 est.
755 4320 816 4394 Ait
853 4324 947 4393 enirn
976 4321 1071 4418 apud
1097 4320 1249 4393 Putscb.
1278 4346 1314 4418 p.
1345 4314 1428 4393 188.

191 4538 230 4603 (¹)
250 4535 291 4588 sd
311 4537 397 4588 diuin⁴
416 4540 444 4587 in
464 4538 540 4587 Verr·
560 4551 639 4607 capp.
663 4535 709 4588 Ν.
731 4534 792 4585 vlt.
813 4534 868 4598 X.;
889 4548 942 4586 act.
964 4533 985 4584 1.
999 4549 1075 4604 capp.
1091 4535 1135 4585 Vl.
1153 4512 1245 4591 Vlll.;
1266 4532 1314 4585 lib.
1333 4534 1369 4587 11.
1382 4550 1428 4584 sr-

117 4629 189 4684 gum.
228 4608 308 4682 (Soil.
336 4627 376 4663 en
404 4611 448 4663 hic
469 4607 762 4673 Pseudo-Asconius,
792 4623 820 4660 ιιι
839 4613 975 4680 sagaciter
994 4606 1191 4662 demonstravit
1210 4607 1332 4681 Madvig.
1363 4606 1428 4680 01.)

191 4684 229 4758 (²)
248 4685 336 4759 Epist.
357 4685 390 4737 od
411 4690 515 4740 amicus
534 4684 582 4739 lib.
603 4686 641 4738 11.
