3210 5280
132 179 135 187 ’
214 213 275 279 aaa
496 215 501 223 ·
645 203 1089 278 rancun-ascolum

301 350 379 416 Non
408 346 520 430 istum]
576 347 652 412 Non
680 347 774 410 modo
807 344 921 420 Verri,
954 346 1010 408 sed
1040 342 1197 408 subtiliter
1236 343 1329 408 etiarn
1360 344 1514 410 iudicibus

214 445 430 511 comminatur.

295 539 341 616 (§.
366 540 433 616 10.)
452 536 531 602 Non
551 540 578 600 is
598 532 688 612 rens]
738 530 801 611 Qui
822 540 870 593 est
890 527 1141 592 nocentissimus.

295 630 330 694 N
332 654 374 694 on
395 632 432 693 id
447 626 593 711 lempna]
635 626 730 706 Quod
751 622 936 689 invidiosum
958 622 1079 685 senatui
1101 633 1161 685 est.

188 736 203 785 s
296 725 375 788 Non
395 722 431 784 id
449 719 641 799 cornilinm]
696 719 791 799 Qttod
818 737 858 778 ex
881 713 1009 796 optimis
1033 713 1109 776 viris
1135 715 1248 777 lectum
1270 717 1332 780 tale
1362 729 1428 794 est,
1462 728 1512 793 ut,

213 815 337 901 siquid
360 815 390 876 in
412 814 481 894 ipso
503 813 612 891 culpae
632 811 746 884 licerit,
769 812 794 883 †
815 829 849 871 se
870 807 964 889 pariti
985 806 1093 870 melius
1115 828 1183 870 esse
1204 820 1308 872 natum
1331 833 1391 874 sne.

296 911 348 974 Ne
369 917 468 970 notor
487 904 633 988 quidem]
688 902 812 968 Tullius
833 901 969 978 scilicet,
1003 898 1033 962 in
1057 922 1121 985 qsto
1144 901 1248 966 omnia
1268 906 1308 966 ad
1329 903 1514 966 vincendum

238 1013 336 1064 arata.
1299 1034 1303 1047 ·

213 1024 236 1087 p
297 1099 341 1170 (§.
367 1093 431 1169 11.)
451 1085 614 1154 adalind
626 1088 802 1168 iudicium]
832 1085 950 1168 Populi
961 1085 1080 1148 seilicet
1091 1086 1269 1171 etequitum
1282 1088 1514 1173 Romanorum.

173 1191 204 1241 to
299 1185 425 1249 Alieno
445 1178 591 1258 nomiae]
647 1178 842 1260 Quaestores
874 1179 985 1241 sirlsani
1017 1179 1170 1241 aerarium
1203 1182 1354 1243 curabant
1384 1183 1515 1264 eiusque

214 1277 362 1363 pecunias
377 1293 530 1354 expensas
553 1282 583 1334 ct
605 1283 749 1352 acceptas
770 1271 800 1332 in
820 1273 942 1353 tabulas
964 1271 1107 1352 publicas
1129 1273 1251 1336 referre
1272 1284 1513 1337 consueverant.

217 1372 332 1435 Alieno
355 1382 454 1430 autem
476 1366 610 1430 nomine
631 1363 705 1424 dicit
728 1365 882 1429 Carbonis
904 1364 1028 1426 nomine
1053 1365 1100 1426 vel
1123 1363 1279 1428 exercitus
1302 1369 1379 1430 eius.
1435 1368 1514 1428 Natu

216 1461 354 1524 consulis
379 1460 426 1522 vel
454 1458 581 1520 utilitum
605 1458 670 1521 eius
696 1458 820 1520 nomine
841 1456 1059 1539 pecuniasex
1087 1456 1210 1520 aerario
1236 1446 1373 1542 iuntptas
1403 1457 1519 1520 avertit

217 1564 390 1615 conversus
413 1554 451 1613 ad
472 1550 588 1631 Syllam
610 1548 701 1611 bellis
724 1549 880 1612 civilibus.
1325 1550 1328 1557 ’

173 1657 204 1704 ¹⁵
306 1649 422 1713 Alieno
442 1639 588 1719 nomine]
630 1641 684 1703 Ad
703 1640 852 1704 lrumenti
873 1640 1080 1723 emptionem,
1117 1643 1203 1726 quod
1225 1641 1338 1705 Siculis
1360 1665 1422 1708 non
1445 1665 1519 1728 per·

218 1735 327 1799 solvit.
1218 1743 1222 1754 ’

301 1830 346 1892 De
366 1818 499 1906 cupite]
541 1827 616 1890 Hoc
642 1826 672 1888 in
695 1826 801 1889 Sicilia
822 1826 900 1889 lecit
921 1824 1088 1911 gratiosius
1112 1825 1144 1889 in
1166 1828 1370 1905 decumanos,
1394 1840 1428 1891 nt
1449 1829 1521 1892 sru-

216 1933 352 1984 mentam
384 1917 414 1978 in
446 1918 589 1981 auctione
619 1919 805 2001 promissum
836 1921 875 1981 ab
905 1917 1081 1980 decumanis
1110 1918 1218 1981 assibus
1246 1923 1357 2002 populi
1382 1923 1520 1986 Romani

216 2037 284 2077 cunt
310 2013 353 2075 illi
376 2011 611 2095 refragarentur
633 2013 696 2086 †a
722 2010 831 2092 plicito
854 2014 892 2073 de
914 2032 1030 2074 summa
1057 2011 1248 2087 detraxerit,
1279 2015 1441 2098 minusque
1464 2038 1520 2079 eos

172 2130 205 2180 au
216 2107 334 2170 inferre
367 2125 475 2187 passus
506 2105 546 2167 sit
575 2124 715 2167 annonae
743 2104 863 2186 populo
894 2104 1060 2178 Romano,
1094 2107 1183 2188 quod
1203 2103 1341 2170 illicitum
1364 2112 1520 2190 probatur

217 2198 319 2262 sutiltis
342 2194 548 2260 documentis.

158 2307 205 2366 [aa]
299 2291 348 2354 M.
370 2289 535 2352 Marcelli
552 2297 584 2352 et
603 2288 638 2351 Ρ.
659 2287 817 2367 Africani
835 2288 1064 2370 monumenta]
1107 2287 1204 2372 Signa
1232 2310 1382 2360 concessa
1410 2303 1441 2356 et
1468 2315 1518 2357 re-

225 2392 349 2466 portata
374 2378 486 2442 Siculis
501 2400 525 2439 a
553 2379 604 2441 M.
624 2379 783 2442 Marcello
804 2391 836 2440 et
858 2378 1005 2460 Scipione
1026 2378 1197 2445 Africano.
1239 2384 1319 2446 Nam
1344 2386 1519 2450 Marcellus

222 2473 369 2546 donavit,
394 2491 474 2554 quiae
500 2471 590 2533 victis
612 2470 776 2550 Syracusis
798 2485 960 2553 asportare
982 2472 1050 2536 inre
1064 2468 1139 2538 betti
1157 2486 1322 2555 potuerat;
1347 2477 1519 2542 Africanus

171 2584 204 2632 25
222 2567 300 2630 victa
323 2562 518 2646 Cartbagine
539 2564 735 2645 reportavit,
760 2584 840 2647 qtrae
865 2563 953 2627 victis
977 2566 1088 2628 Siculis
1102 2568 1289 2630 ademerant
1309 2571 1425 2634 Poeni.

304 2660 349 2737 (§.
374 2657 440 2735 12.)
462 2655 644 2721 Meditelur
663 2656 703 2720 de
723 2655 865 2720 ducibus
885 2659 1044 2741 hostium]
1087 2661 1150 2725 Hic
1170 2660 1285 2724 crimen
1305 2664 1343 2724 de
1357 2663 1520 2748 suppliciis

217 2771 286 2815 csse
307 2747 535 2834 cognoscitur:
556 2746 590 2808 in
611 2747 673 2808 hoc
694 2746 776 2809 enirn
801 2746 884 2810 libro
906 2748 983 2811 haec
1005 2749 1097 2815 latius
1119 2753 1329 2836 explicantur.
1378 2834 1381 2839 ¹
1432 2829 1437 2838 ³

310 2966 337 3015 1.
356 2957 422 3008 Norr
439 2960 532 3008 istum.
569 2953 636 3006 Non
662 2949 741 3003 moda
761 2950 863 3018 Verri,
891 2954 942 3005 ssd
963 2955 1047 3025 subn]
1080 2956 1126 3012 Sic
1152 2963 1262 3032 scripsi.
1291 2989 1328 3004 -
1354 2980 1410 3015 nori
1436 2968 1518 3016 iseram

216 3032 298 3086 ruodo
316 3039 406 3083 terret
424 3029 497 3083 subt.
520 3030 609 3082 l’rinc.
629 3025 735 3080 Berald.
756 3023 814 3079 did.
833 3055 870 3070 -
888 3046 943 3080 non
962 3035 1044 3084 istum
1062 3033 1142 3083 modo
1161 3042 1265 3098 terret,
1291 3034 1343 3086 sed
1357 3037 1430 3093 subt.
1452 3037 1518 3091 Lod.

215 3138 254 3152 -
273 3109 337 3161 Non
355 3112 440 3158 istum
460 3106 548 3155 mains
566 3107 596 3152 in
614 3098 779 3152 sese'seelas
797 3104 861 3169 sto]
888 3103 966 3157 Subi.
989 3105 1072 3176 Lugd,
1090 3107 1167 3160 Man,
1186 3136 1224 3151 -
1242 3094 1308 3162 Νρη
1326 3116 1411 3163 mm
1430 3118 1519 3165 mr„

214 3187 246 3236 la
263 3199 323 3234 sess
340 3182 428 3232 scelere
446 3180 512 3245 eto]
532 3177 599 3229 Non
617 3180 699 3226 istum
718 3175 799 3226 modo
818 3183 906 3228 terret
925 3179 976 3229 sed
991 3182 1064 3234 subt.
1085 3184 1148 3235 llot.
1167 3183 1248 3235 Caco.

308 3261 335 3314 3.
356 3255 409 3308 llic
429 3269 520 3305 vcrsns
540 3251 661 3321 seqnenei
681 3255 848 3321 postpositus
869 3269 909 3305 est
929 3257 957 3304 in
979 3253 1069 3308 Princ.
1091 3256 1196 3312 Betnld.
1219 3256 1278 3312 nid.
1299 3257 1367 3313 tort
1387 3259 1473 3334 bugd.

291 3329 362 3383 lbid.
382 3329 448 3381 Ilors
466 3333 492 3379 is
510 3327 587 3395 rsus]
607 3325 673 3376 Non
692 3328 776 3375 inest
796 3343 861 3376 reas
880 3324 960 3380 editt.
979 3328 1131 3384 Ciceronis.

292 3403 362 3457 lbid.
382 3406 434 3470 est]
455 3399 541 3471 Lngd.
565 3403 628 3454 ttot.
649 3399 725 3451 Man.
745 3399 824 3451 Cren.
843 3426 875 3440 -
894 3409 922 3453 et
940 3407 1117 3474 antiquiores.

306 3481 334 3537 6.
353 3495 383 3528 re
398 3480 488 3548 partu
506 3474 603 3525 metiar
620 3489 680 3524 esre
697 3481 793 3524 nattam
812 3475 869 3544 ms]
907 3477 954 3529 sic
979 3493 1106 3551 corrupte
1134 3481 1224 3534 Prtnc.
1243 3480 1353 3538 Berstd.
1372 3479 1434 3536 ald.
1452 3478 1519 3534 Lod.

217 3580 252 3599 ..-
272 3556 383 3624 sperari
402 3550 498 3601 meiius
516 3568 552 3601 ex
571 3557 669 3598 senatu
687 3565 742 3598 nort
758 3554 849 3617 possit
867 3548 953 3621 Lugd.
974 3551 1038 3605 [lot.
1060 3556 1138 3610 nien,
1160 3556 1241 3610 cren,

291 3634 336 3685 10.
356 3627 456 3678 Alieno
475 3625 592 3690 nomine]
618 3622 716 3674 Alieno
735 3628 843 3674 nomine
863 3641 880 3674 a
900 3628 1090 3693 qrtaestort'bus
1108 3629 1225 3681 urbanis
1243 3631 1307 3684 tior.
1327 3633 1406 3686 eren.

294 3707 337 3758 12.
356 3705 465 3752 nomine
483 3699 531 3751 nel
546 3700 697 3765 exercitas]
727 3697 819 3750 Prino.
837 3697 945 3751 Berald.
966 3699 1026 3754 1Ιά.
1046 3702 1114 3757 Lod.
1145 3731 1181 3747 -
1205 3709 1313 3757 nomine
1332 3713 1361 3756 et
1379 3709 1521 3757 exer-mus

216 3774 304 3849 Lagd.
326 3777 391 3830 lint.
412 3777 488 3829 Man.
509 3773 593 3826 Crrn.

292 3854 335 3908 15.
354 3850 474 3902 comatis
490 3847 538 3899 vri
554 3846 682 3914 militam]
704 3845 750 3899 Sic
770 3848 878 3918 scripsi.
893 3876 930 3890 -
947 3851 1067 3902 conradis
1084 3852 1203 3904 militam
1215 3853 1306 3907 Prior.
1322 3852 1381 3907 illd.
1402 3851 1470 3906 Lod.
1482 3880 1519 3895 -

216 3926 341 3978 consiliis
358 3925 477 3975 miiitum
496 3918 602 3976 Bersld.
621 3948 659 3963 —
677 3921 796 3973 conradis
817 3927 845 3972 et
864 3925 982 3977 militam
1001 3923 1085 3997 Lugd.
1106 3927 1169 3979 Hor.
1188 3928 1264 3981 Man,
1284 3928 1364 3980 cren,

295 4003 338 4057 15.
359 3999 470 4066 Alieno]
504 3999 593 4050 Ptine·
614 3994 718 4049 Beftld·
739 3993 798 4048 ΑΜ·
818 3995 887 4049 Lod·
912 4029 950 4044 -
968 4001 1001 4053 V
998 4000 1026 4051 el
1041 4002 1133 4053 alieno
1153 4001 1236 4074 Lugd.
1255 4002 1319 4056 llot.
1339 4002 1415 4056 Man.
1436 4000 1519 4054 Creta.

121 4116 127 4127 ·
290 4071 361 4127 lbld·
380 4072 428 4124 Ad
437 4071 581 4143 flammi
599 4076 762 4140 ‘martimum
781 4073 849 4137 111]
882 4074 997 4142 ,Altera
1017 4075 1084 4129 haec
1103 4079 1294 4150 interpretatio
1311 4076 1341 4130 lt.
1361 4075 1381 4130 l.
1400 4091 1520 4129 nonest

217 4146 412 4203 admittends.‘'
444 4144 620 4200 scttussTz.

291 4227 334 4282 19.
354 4221 474 4274 camilli
493 4219 714 4290 refragarentur
731 4235 749 4268 a
765 4218 863 4289 plicita
881 4220 927 4294 de]
960 4223 1046 4276 Locus
1065 4239 1219 4297 corruptus.
1245 4250 1283 4266 -
1307 4240 1366 4274 etun
1386 4222 1430 4275 illi
1440 4221 1521 4294 freti

217 4298 321 4354 Verris
339 4301 438 4365 gratita
458 4297 606 4347 ttrerensnr
625 4292 857 4364 quamplurimo,
887 4296 920 4347 de
939 4298 1003 4351 Hor.
1024 4300 1105 4351 Creo.
1142 4299 1306 4368 „Divinatio
1324 4299 1391 4350 haec
1409 4297 1519 4370 quidem

217 4388 274 4428 est:
293 4388 357 4426 nant
377 4376 405 4425 in
426 4372 613 4440 manuscripto
633 4372 671 4419 ita
692 4370 806 4439 legitur,
825 4367 1131 4439 Refragrntularerttur
1149 4392 1166 4424 a
1183 4373 1298 4443 pluriter.
1317 4371 1364 4425 sed
1377 4377 1422 4424 cni
1437 4389 1518 4425 notus

218 4451 270 4500 erit
292 4463 365 4500 t⁰t¹t⁸
385 4445 432 4498 ille
452 4459 562 4516 quartae
584 4447 717 4495 orationis
737 4441 830 4508 101111,
851 4449 875 4496 is
894 4452 916 4499 si
937 4463 991 4498 non
1005 4447 1093 4500 videat
1107 4453 1219 4520 vestigia
1234 4465 1283 4500 nos
1298 4453 1380 4513 untur,
1389 4445 1520 4500 lectionis

217 4538 326 4575 secutos
346 4536 467 4573 errorem
487 4522 614 4589 inipso,
645 4532 674 4570 nt
694 4515 809 4583 dicitnr,
837 4519 920 4572 cubiti
948 4519 1173 4592 deprehendisse,
1201 4538 1365 4594 magnopere
1385 4539 1435 4575 nos
1454 4526 1519 4595 opi·

217 4600 301 4649 nionc
321 4611 413 4648 nostra
433 4593 490 4646 lalli
511 4609 590 4664 atque
611 4590 703 4643 induci
723 4586 1015 4651 fatebimur,'¹.l{0‘l',

294 4667 364 4722 lbid.
386 4669 541 4738 minusque]
562 4672 700 4736 utriusque
721 4666 826 4721 Berttltl.
881 4671 926 4725 21.
947 4669 1076 4738 donavit]
1091 4669 1242 4736 damnavit
1261 4672 1341 4737 cren.

292 4749 338 4803 2t.
354 4745 502 4814 pntroeras]
526 4749 642 4814 poterat
660 4737 727 4794 Lod.
886 4747 931 4801 25,
951 4742 1048 4811 Pom]
1065 4751 1151 4814 pem
1169 4748 1262 4800 prm,
