3210 5280
1383 243 1432 296 ,xt
1445 241 1453 260 ·

119 362 178 436 sit,
203 383 301 445 quum
323 371 427 422 tamen
450 359 620 423 attendent-i
641 360 735 433 facile
759 371 927 443 appareat,
950 359 978 424 si
995 363 1044 425 rel
1059 360 1152 424 alium
1168 365 1242 425 eod.
1259 363 1431 438 habuisset,

119 477 214 540 quam
245 456 463 537 apographum
494 453 713 536 Poggianutn,
748 460 810 518 non
839 476 949 518 omnes
980 457 1111 520 illorum
1141 457 1337 519 coniecturas
1362 478 1431 519 eum

120 548 152 611 in
174 568 216 610 eo
237 559 439 628 reperturum
461 546 572 609 fuisse.
615 548 660 610 Et
683 547 714 609 in
739 550 800 609 hae
824 568 860 609 re
882 559 986 610 tantus
1007 559 1056 610 est
1076 568 1189 619 error,
1214 559 1246 609 ut
1269 549 1432 613 Manutius

122 640 253 705 omnino
279 642 388 703 codice
414 639 628 720 manuscripto
650 662 725 702 usus
752 641 895 714 nonsit,
925 652 959 703 ut
987 639 1041 703 illa
1065 652 1138 704 nota
1161 639 1315 704 Manutit'
1331 643 1431 703 *vetus

120 736 195 798 nibil
205 735 288 797 alind
297 734 467 818 significet,
481 755 572 816 quarn
587 745 723 796 veterem
735 692 1077 797 lectionem'Manutio
1090 736 1280 795 emendatam
1291 755 1300 806 3
1311 732 1432 794 idemne

118 829 151 892 in
162 830 294 892 Budaeo
306 841 338 890 et
351 827 488 890 Danesio
500 827 631 902 lecerit,
648 829 814 907 nescio(¹).
837 828 959 891 Deinde
969 828 1037 908 ipse
1046 830 1246 890 Hotomanus
1258 828 1351 889 multa
1363 848 1432 889 mu·

121 924 219 997 tatit3
244 924 333 1006 quod
363 920 415 981 ubi
437 919 468 982 in
495 919 578 983 notis
606 921 753 983 lectorem
779 921 955 994 admonuit,
980 942 1042 982 non
1064 922 1348 1001 reprehenderem,
1372 917 1431 981 nisi

121 1029 152 1081 et
177 1017 444 1092 nimis-audacter
470 1025 502 1076 et
524 1013 614 1075 nimis
648 1015 759 1077 leviter
790 1017 821 1078 in
845 1017 1037 1078 ernendando
1066 1025 1097 1076 et
1124 1013 1241 1076 lacunis
1269 1014 1436 1103 explendis

120 1121 266 1173 versatus
289 1119 383 1173 esset.
415 1108 511 1172 11166
534 1107 680 1169 excusari
705 1107 791 1170 nullo
813 1109 909 1172 modo
936 1117 1061 1187 potest,
1090 1109 1176 1189 qnod
1197 1106 1250 1187 qui
1274 1107 1325 1168 illa
1351 1127 1429 1187 pro·

120 1203 222 1266 lessus
246 1215 350 1278 esset,
375 1201 508 1264 Asconii
535 1202 630 1261 verba
652 1220 751 1281 paene
775 1200 1051 1263 innumerabilibus
1077 1200 1155 1263 locis
1180 1197 1280 1262 tacite
1299 1199 1431 1263 mutavit

121 1309 150 1359 et
165 1290 394 1377 interpolavit,
417 1295 458 1357 ita
482 1304 515 1356 ut
530 1314 637 1358 omnes
655 1293 758 1355 statim
773 1294 1004 1374 deciperentur.
1048 1294 1099 1354 Ae
1121 1306 1221 1355 tannen
1238 1294 1315 1356 haec
1329 1293 1427 1357 editio

121 1410 186 1452 eam
202 1401 375 1452 consecuta
391 1401 438 1449 est
452 1388 689 1458 atteteritatem,
714 1396 747 1446 61
763 1407 871 1448 omues
888 1408 953 1450 eam
970 1387 1145 1467 probarent
1160 1397 1190 1448 et
1205 1399 1428 1470 sequerentur3

122 1482 383 1565 quemadmodum
405 1492 506 1542 etitem
528 1480 628 1542 secuti
647 1477 725 1552 sint,
751 1500 814 1541 non
834 1501 960 1560 possum
984 1478 1103 1560 planius
1128 1484 1311 1554 ostendere,
1335 1503 1429 1567 quatu
1459 1534 1461 1539 .
1568 1524 1575 1537 .

122 1576 146 1639 si
157 1578 234 1638 baec
250 1575 374 1648 omnia,
399 1595 479 1657 quae
493 1571 730 1654 perversissime
745 1575 784 1633 ab
799 1575 983 1637 Hotomano
998 1573 1186 1654 interpolata
1201 1596 1269 1638 esse
1284 1575 1427 1654 docuit),

124 1689 258 1753 quorum
282 1668 379 1728 multa
400 1667 458 1727 alia
480 1664 590 1727 similia
612 1677 703 1742 sunt,
727 1667 757 1728 in
778 1667 940 1743 omnibus,
965 1688 1045 1749 quae
1063 1681 1187 1730 secutae
1205 1681 1293 1743 sunt,
1318 1667 1429 1731 editio·

123 1763 212 1824 nibus
228 1762 271 1824 ita
286 1761 350 1845 legi
368 1760 496 1834 dixero,
521 1770 555 1820 ut
570 1760 607 1820 ad
623 1759 740 1820 nnllmn
761 1760 875 1822 horum
899 1761 1041 1822 locorum
1065 1760 1230 1844 quidquam
1250 1764 1429 1824 adnotatum

122 1857 222 1935 ait(²).
266 1857 318 1919 De
351 1854 463 1918 ceteris
492 1866 615 1928 autem,
649 1873 728 1936 quae
756 1852 1004 1916 inAsconianis
1031 1865 1147 1917 tentata
1177 1867 1267 1929 sunt,
1300 1853 1429 1915 brevius

122 1948 235 2012 dicam.
281 1950 371 2027 Quae
397 1947 482 2012 eirca
510 1947 590 2009 idem
618 1957 761 2026 tempus,
795 1967 859 2028 quo
885 1946 1086 2011 Hotomanus
1111 1949 1282 2011 Asconium
1312 1946 1426 2020 edidit,

126 2043 224 2105 afr.
248 2041 444 2105 Robortello
465 2038 496 2101 iu
519 2037 768 2102 Adnotationum
792 2039 899 2115 libris,
934 2052 964 2102 et
990 2061 1006 2101 a
1035 2039 1076 2105 C.
1100 2040 1233 2122 Sigonio
1257 2041 1287 2103 iu
1310 2042 1428 2105 nmen.

123 2136 282 2200 dationum
305 2137 343 2197 de
364 2132 445 2197 locis
466 2130 654 2196 Asconiauis
677 2132 821 2212 exposita
847 2144 935 2209 sunt,
960 2153 1023 2194 uon
1046 2132 1150 2215 magni
1168 2144 1240 2194 sunt
1263 2131 1427 2204 momentis

125 2228 225 2292 miror
247 2241 355 2290 tamen
381 2227 493 2289 nullam
510 2245 620 2288 eorum
636 2227 675 2287 ab
690 2224 861 2288 editoribus
876 2226 1007 2289 Asconii
1024 2228 1158 2287 habitam
1179 2247 1246 2287 esse
1261 2224 1428 2286 rationem.

125 2321 195 2386 Alia
220 2341 281 2382 nec
304 2319 431 2382 omnino
457 2317 645 2400 negligenda
669 2317 771 2378 attulit
801 2316 951 2401 Sigonius
973 2321 1011 2381 ad
1036 2317 1275 2382 commentarios
1300 2313 1430 2380 Asconii

124 2415 302 2478 orationum
336 2412 570 2492 deperditarum
598 2413 804 2474 emendandos
834 2413 865 2474 in
892 2411 1057 2478 Ciceronis
1082 2411 1264 2495 fragmentis
1290 2410 1429 2473 edendis.

121 2507 283 2571 Patricius
312 2518 432 2568 tantum
459 2504 637 2587 lragtneuta
667 2502 735 2584 ipsa
768 2503 884 2588 attigit.
928 2506 992 2587 Qui
1025 2517 1127 2568 autem
1158 2527 1266 2568 onmes
1297 2501 1430 2567 Asconii

122 2601 367 2663 commentarios
393 2609 467 2679 post
492 2599 707 2661 Hotomanum
731 2596 912 2672 ediderunt,
935 2600 957 2661 ii
980 2621 1086 2663 omnes
1108 2598 1174 2662 eius
1198 2609 1314 2660 textttm
1334 2617 1428 2679 repe·

121 2691 356 2768 tiverunt,.hic
378 2691 442 2754 illic
470 2702 638 2760 mutatum,
662 2708 737 2751 raro
766 2689 796 2751 in
822 2692 951 2766 melius;
975 2693 1148 2776 exquibus
1174 2693 1290 2773 primus
1315 2701 1362 2752 est
1385 2691 1427 2752 Ta

121 2787 247 2868 Popma
269 2785 392 2848 Frisios
414 2783 549 2864 (Colou.
576 2782 668 2845 1578.
695 2783 773 2861 12).
822 2784 859 2846 In
887 2784 1021 2846 editione
1051 2783 1347 2848 commentariorum
1373 2802 1429 2843 66·

119 2882 240 2943 riorum
271 2877 427 2943 Coloniae
456 2877 651 2961 Agrippinae
680 2876 772 2939 tout.
799 2881 882 2959 apud
907 2878 1021 2942 Hierat
1051 2878 1160 2940 emissa
1183 2875 1315 2941 Asconii
1340 2896 1427 2938 cotn-

119 2971 263 3035 moniarii
294 2974 334 3034 ad
362 2973 535 3033 Hotomani
561 2970 726 3031 editionem
754 2971 897 3051 expressi
922 2993 989 3033 esse
1016 2972 1178 3036 videntur:
1214 2970 1259 3049 (in
1288 2970 1423 3052 praelat.

119 3065 245 3129 Hierati
267 3064 392 3126 nomine
414 3062 530 3144 scripta
554 3060 733 3137 Manutius,
757 3062 974 3139 Hotomanus,
999 3066 1122 3144 Popma
1136 3067 1174 3126 de
1193 3064 1335 3126 Asconio
1351 3082 1426 3144 prae

117 3156 230 3220 ceteris
263 3155 470 3220 benemeriti
504 3155 712 3233 iudicantur);
752 3168 825 3219 sunt
849 3167 949 3220 tamen
986 3160 1135 3242 quaedam
1170 3168 1300 3233 mutata,
1334 3169 1367 3218 ut
1395 3155 1426 3216 in

119 3262 261 3313 extrema
291 3259 359 3312 not.
389 3250 427 3310 66
453 3247 572 3311 Milon.
601 3250 648 3327 (p.
681 3249 757 3313 158.
782 3253 828 3314 H.
858 3255 897 3314 ad
925 3274 956 3314 6.
986 3253 1037 3314 35.
1068 3254 1142 3328 Gr.)
1164 3252 1214 3312 hic
1236 3247 1426 3331 primenti)

119 3341 248 3425 reperio
272 3343 445 3423 scriptum:
478 3341 546 3405 Sed
571 3340 712 3403 Milonis
733 3363 869 3425 quoqne
896 3354 1013 3408 notum
1044 3345 1230 3407 audacium
1259 3342 1427 3406 vindicare

119 3436 152 3498 P.
177 3437 214 3500 11.
244 3435 328 3497 utile
360 3435 466 3496 visum
496 3442 542 3496 est
569 3443 631 3493 cet.
655 3453 749 3515 quum
776 3431 807 3494 in
836 3438 1052 3516 superioribus
1080 3435 1269 3499 editionibus
1297 3435 1426 3497 lacunae

119 3526 250 3588 relictae
271 3525 351 3600 sint,
383 3545 464 3607 quae
486 3523 609 3587 suntin
631 3526 706 3587 edit.
732 3527 761 3588 1.
786 3528 919 3590 Secutae
941 3539 1012 3589 sunt
1034 3527 1186 3591 editiones
1209 3530 1292 3609 apud
1319 3526 1425 3590 Hacls.
1505 3589 1510 3606 ¹

118 3619 225 3690 Lngd.
251 3619 324 3680 Bet.
349 3619 443 3680 1611.
468 3620 614 3682 611615.
641 3620 711 3690 tt..
736 3616 898 3701 inquibus
920 3620 1150 3683 commentariis
1174 3621 1332 3683 subiectae
1355 3629 1427 3683 sunt

186 3722 225 3786 (¹)
246 3719 338 3774 Semel
360 3725 389 3772 in
412 3723 519 3772 6666116
547 3724 579 3772 ad
602 3741 635 3792 Ι6.
665 3723 709 3780 81.
737 3723 880 3774 Μ6666166
915 3721 1041 3775 codicem
1069 3720 1141 3775 6666
1169 3726 1235 3775 satis
1267 3726 1425 3793 antiquum,

118 3808 209 3848 666666
230 3799 467 3866 manuscriptum,
485 3799 626 3850 Bononiae
646 3811 661 3847 6
680 3814 709 3849 66
730 3801 817 3850 uisum
837 3797 916 3851 dicit.

188 3867 227 3942 (²)
247 3871 340 3939 Quam
370 3875 464 3922 statim
494 3869 631 3941 deceperit
661 3871 787 3924 homines
817 3872 966 3924 1166666661
994 3869 1062 3923 isus
1087 3869 1149 3924 6661
1178 3887 1205 3924 66
1231 3871 1372 3942 religionis
1396 3872 1426 3923 16

115 3943 237 3998 smnio
255 3944 361 3997 edendo
374 3942 524 4016 professio,
544 3946 668 4015 exemplo
682 3963 722 4000 est
740 3947 773 4001 C.
785 3949 929 4017 Sigonius,
950 3948 995 4016 qul
1015 3950 1043 3997 in
1057 3963 1177 3999 extrema
1197 3944 1427 4000 116666666166666

116 4021 213 4090 pagina
233 4018 312 4094 (316.
332 4025 361 4073 16
380 4019 441 4074 Vol.
461 4021 499 4072 ll.
519 4020 600 4075 Grut.
621 4022 683 4076 Fae.
704 4024 776 4087 Art.)
791 4037 850 4073 6666
864 4037 891 4075 66
915 4020 1065 4074 1166666111
1085 4021 1118 4074 66
1132 4022 1201 4075 16616
1215 4021 1318 4093 6116666
1338 4026 1426 4073 1666-

116 4096 206 4146 616616
228 4099 402 4147 66616666666
427 4094 460 4146 66
479 4096 609 4149 lectiones
633 4094 697 4148 edit.
718 4097 951 4162 11666666616666,
972 4094 1006 4146 66
1026 4096 1131 4149 Achille
1145 4097 1234 4150 Statio
1248 4097 1300 4149 sibi
1314 4097 1426 4161 missas,

117 4182 246 4238 66666666
270 4168 303 4219 66
324 4173 506 4222 certissimam
530 4187 655 4223 normam
676 4176 769 4242 erigit.
807 4172 848 4224 Ex
867 4171 1064 4224 recentioribus
1084 4170 1137 4223 616.
1157 4172 1253 4226 Garat.
1269 4168 1302 4222 66
1320 4186 1425 4240 argum.

116 4242 207 4298 111616.
237 4263 264 4316 p.
287 4249 332 4304 83.
357 4243 444 4298 11666.
466 4244 567 4298 Habuit
588 4261 680 4297 tamen
701 4246 872 4300 Hotomanus
892 4245 1033 4311 codicem,
1062 4244 1108 4298 sed
1135 4264 1203 4316 6666
1228 4264 1260 4298 ex
1287 4261 1318 4297 eo
1338 4243 1425 4297 adfert

117 4334 171 4371 noo
191 4318 297 4385 molta,
327 4323 365 4371 ita
391 4336 453 4371 6666
480 4319 645 4373 leotionibus
666 4320 731 4374 edit.
752 4327 856 4393 primae
876 4327 1067 4386 consentiunt,
1097 4338 1143 4373 aut
1164 4325 1201 4372 ita
1222 4321 1316 4372 leviter
1336 4320 1369 4369 66
1389 4324 1424 4371 116

118 4390 291 4465 6166666666,
312 4409 342 4447 66
363 4409 483 4466 apertum
504 4400 555 4463 alt,
575 4413 632 4449 esse
653 4414 685 4448 ex
704 4413 736 4449 eo
753 4415 867 4468 genero,
886 4395 918 4450 66
939 4415 992 4469 666
1012 4411 1093 4470 66666
1115 4394 1186 4461 6161,
1206 4395 1425 4468 apographorum

120 4468 330 4539 Poggianoeorn.

120 4562 449 4577 *-

190 4614 220 4672 ⁸)
241 4609 324 4661 Nolui
345 4611 412 4662 baec
431 4612 554 4685 exempla
575 4630 712 4687 repetere,
732 4630 815 4682 quum
835 4613 981 4684 largiorem
1002 4617 1085 4666 etiam
1104 4617 1214 4685 copiam
1234 4615 1349 4666 66616666
1369 4610 1425 4664 166·

119 4685 199 4737 tionis
219 4688 331 4737 bostrae
351 4685 465 4738 editioni
491 4690 615 4741 subiecta
638 4705 780 4761 suppetere
802 4694 897 4760 possit.

138 4807 143 4815 .
190 4764 236 4828 tt)
257 4757 337 4812 Unde
357 4761 424 4813 bace
443 4761 525 4818 lectio
544 4763 626 4818 ducta
646 4770 697 4832 sit,
715 4765 820 4818 videbis
841 4763 874 4816 66
895 4785 921 4838 6.
941 4767 985 4820 51.
1005 4765 1024 4822 l.
1046 4767 1073 4816 2.
1091 4778 1202 4827 nostras
1222 4760 1361 4818 editionis.
