3210 5280
363 187 411 250 Ill
436 187 722 252 oudilonem
744 187 790 250 lli
816 185 943 250 TOGA
966 184 1188 248 citimus.
1383 185 1423 247 91

119 354 136 394 n
166 329 324 395 Cicerone
366 326 555 411 significari,
597 338 708 408 utpote
749 347 837 409 quatu
873 335 946 405 post
976 334 1107 386 mortem
1136 322 1226 385 etiem
1258 321 1424 386 Ciceronis

116 425 218 486 multis
240 421 328 484 nouit
350 420 522 501 imperator
544 421 682 498 Ceestr,
709 442 800 506 quem
823 441 904 483 uttuc
926 419 1041 482 Divum
1072 420 1249 500 Augustum
1273 416 1422 493 dicimus,
1461 490 1468 497 ⁹

115 528 191 600 post
213 516 375 580 Actiacam
404 513 564 577 victoriam
589 513 719 576 lecerit:
742 515 797 575 sed
818 513 899 572 iiiam
922 510 1147 580 demonstrari,
1171 531 1250 593 quae
1273 523 1317 570 eet
1335 521 1424 571 extre

116 622 240 691 portem
273 606 524 682 Carmentalem,
560 605 643 668 inter
675 606 781 670 sorum
811 602 980 666 Olitorium
1014 615 1045 665 et
1072 603 1188 666 circum
1222 603 1419 669 Flsminium.

117 703 165 766 En
187 701 267 762 euim
289 700 357 761 sola
380 711 443 760 tum
467 700 587 760 demum
610 697 734 761 Romae
757 695 916 779 Apollinis
938 699 1042 757 aedes.
1450 703 1465 754 t

197 791 342 871 Ouidio
364 800 459 870 polet
479 792 515 852 in
538 789 729 868 defensione
752 800 813 853 luo
838 789 964 865 dicere,
986 785 1080 870 quod
1100 787 1241 850 illinon
1256 784 1424 852 dt’xert'ttil

118 886 134 915 ’
154 901 243 964 quoe
263 879 326 940 tibi
344 879 455 942 dicere
474 898 540 940 nort
561 877 678 942 licebit
698 913 738 929 -·

119 982 149 1032 et
172 970 268 1052 penio
291 979 387 1049 poste

197 1060 345 1142 Denique
368 1060 425 1121 illi
436 1079 561 1141 negare
581 1069 765 1140 potuerunt
783 1069 813 1123 ei
827 1069 1052 1141 negaverunt:
1073 1068 1108 1120 iu
1124 1055 1237 1119 tibine
1257 1056 1427 1129 insiliendi

121 1149 254 1231 quidem
287 1146 512 1228 impudentiae
542 1148 660 1210 locum
689 1149 867 1231 reliquisti.
915 1150 1028 1227 Quare
1056 1148 1240 1227 praeclaro
1273 1144 1466 1210 dicemurffi

121 1237 251 1298 iudicio
267 1238 400 1311 tulisse,
414 1238 445 1298 si
453 1277 464 1314 ,
479 1239 540 1318 qui
559 1238 758 1312 injitimrtem
771 1236 932 1300 Luscium
945 1237 1225 1313 condemnarunt,
1243 1236 1425 1298 Catilinam

120 1325 323 1389 absolverim
344 1324 566 1400 confitentem,
967 1356 969 1361 ,

205 1417 286 1490 Hic,
312 1437 403 1497 quem
420 1413 574 1490 nominet,
598 1413 641 1476 L.
665 1410 819 1488 Luscius,
843 1425 937 1476 notus
953 1413 1093 1476 centurio
1109 1411 1254 1492 Syllanue
1276 1411 1425 1493 divesque

121 1529 140 1571 e
160 1505 294 1571 victorie
322 1508 423 1569 iscius
445 1511 528 1585 (nam
556 1505 687 1589 amplius
709 1506 824 1567 centies
849 1507 1064 1588 possederat),
1088 1508 1248 1567 damnatus
1272 1515 1339 1567 erat
1361 1523 1425 1565 oon

121 1601 219 1664 multo
242 1613 312 1662 nute
335 1621 425 1684 quam
449 1599 566 1664 Cicero
589 1600 680 1662 dixit.
725 1598 877 1663 Obieciae
904 1609 977 1660 sunt
1001 1597 1029 1660 ei
1052 1610 1115 1661 tres
1143 1601 1252 1660 caedes
1282 1593 1467 1680 prostoci-¹⁵

121 1851 179 1888 enm
205 1853 239 1887 ue
265 1848 356 1887 errent
384 1833 431 1886 filii
461 1847 569 1890 cevent:
597 1833 749 1886 hittorinue
780 1832 853 1886 hnuo
874 1830 1022 1887 lectionem
1049 1831 1193 1898 ndmittnt,
1211 1836 1364 1904 quneritur;
1394 1847 1428 1886 no

122 1912 190 1962 milri
209 1926 274 1962 enne
299 1925 357 1960 tum
378 1909 499 1978 nlioquiu
521 1906 661 1979 prolinbile
681 1906 804 1974 videtur,
834 1925 889 1962 tum
909 1928 942 1962 en
964 1910 1016 1960 boc
1036 1908 1096 1967 loco
1112 1907 1168 1961 lere
1191 1923 1310 1971 certum,
1331 1904 1428 1960 nedem

121 1985 197 2036 iiinm
219 1984 353 2058 Apollinis
372 1983 489 2037 Feltrini
509 1982 544 2033 ab
563 1987 686 2054 Augusto
704 1982 877 2036 aedificntnm
898 1984 1054 2037 Neroniano
1078 1982 1206 2035 incendio
1226 1983 1425 2055 condegrntre,

120 2063 172 2112 etti
194 2064 227 2111 de
249 2060 329 2111 huiut
350 2057 448 2128 templi
466 2061 581 2110 iuteritu
602 2055 673 2109 nihil
694 2056 840 2113 tenditur.”
859 2057 976 2112 Munv,
1013 2055 1155 2126 Reliquum
1178 2061 1229 2110 viri
1247 2056 1426 2113 eruditissimi

121 2132 154 2186 de
179 2132 297 2187 Psintiui
321 2133 416 2203 templi
440 2136 570 2184 incendio
597 2132 835 2198 dienertntiooem,
869 2149 921 2205 qun
943 2147 1044 2203 mogun
1070 2131 1117 2187 lun
1138 2128 1251 2185 effertur
1272 2135 1427 2202 qunettioui

123 2208 156 2261 de
176 2212 290 2262 Aeconii
314 2223 417 2272 seinte,
436 2205 490 2261 vid.
509 2204 579 2280 opud
599 2211 708 2279 iprum,
727 2205 851 2280 Appeud.
870 2227 897 2281 p.
915 2208 961 2266 16.
982 2224 1023 2279 eq.

213 2363 240 2414 ι.
260 2363 353 2426 utpote
372 2357 470 2424 quam}
506 2350 677 2425 ldndviqiun,
704 2370 850 2428 prneeuute
870 2353 1097 2408 Drnkeuborcliio
1116 2352 1151 2409 nd
1178 2354 1237 2408 Lir.
1256 2352 1309 2408 ΙΙΙ.
1327 2353 1382 2420 63,
1400 2356 1435 2416 lq

125 2455 159 2474 n·
179 2448 214 2481 rte
229 2440 314 2498 puio,
332 2446 412 2498 quam
432 2429 496 2482 Ηοι.
519 2458 549 2470 -
571 2438 602 2479 ιιι
617 2437 703 2500 puio,
721 2447 802 2500 quam
821 2433 913 2484 ceteri.

216 2507 245 2562 5.
266 2506 425 2570 Actiacum]
452 2509 568 2554 atticam
587 2508 681 2558 l'riuu.
793 2509 821 2562 lt.
842 2504 1058 2573 Carmentalem]
1076 2502 1252 2556 cermetalem
1272 2503 1363 2557 Prius.

217 2583 242 2637 5.
262 2588 321 2630 tum
339 2579 458 2645 demum]
488 2577 602 2644 ,liuius
624 2583 721 2631 nntntin
742 2577 863 2648 [Clnudii
883 2595 911 2635 et
939 2580 1085 2646 Nerouid,
1116 2597 1172 2632 uou
1195 2581 1359 2650 superioris,
1385 2589 1429 2630 ent

125 2670 188 2707 ιιιιι
211 2652 362 2726 particulae
380 2653 487 2703 demum
506 2671 555 2724 pro
575 2652 712 2708 tantum.”
743 2653 860 2708 MADV.
905 2657 936 2708 Δι
961 2657 1028 2707 hnec
1056 2654 1221 2724 significatio
1243 2668 1338 2705 uottro
1364 2651 1428 2703 loeo

124 2745 219 2802 perum
239 2743 300 2800 nptn
320 2743 372 2780 ent.
410 2728 480 2796 Quin
503 2732 577 2779 euim
598 2733 715 2781 uixerit:
747 2727 792 2779 En
810 2733 882 2780 enim
900 2728 962 2782 tole
981 2737 1039 2780 tum
1059 2744 1195 2783 tentum
1215 2725 1317 2780 Romae
1336 2725 1429 2796 Apol-

123 2804 189 2854 lim’e
206 2803 308 2855 aedesi
328 2803 418 2854 immo
437 2811 495 2853 tum
514 2802 619 2853 demvm
639 2806 758 2874 potitum
777 2801 882 2856 ridetur
902 2821 951 2874 pro
970 2812 1030 2857 tum
1048 2802 1164 2874 quidem.

215 2881 299 2937 6—7.
318 2880 506 2948 Fragmentum
530 2877 582 2930 hoe
600 2877 726 2929 dedimus
748 2881 820 2930 ticut
840 2877 939 2950 legitur
959 2883 987 2931 iu
1007 2876 1129 2942 Bernid.,
1148 2881 1201 2930 niti
1223 2872 1295 2947 quod
1315 2873 1428 2926 laeuone

126 2957 232 3024 tignum
256 2967 319 3004 nnte
342 2970 365 3003 ι.
385 2970 455 3021 quae
474 2949 637 3004 nddidimun.
664 2980 703 2994 -
734 2950 808 3020 Quid
828 2960 860 3005 tte
881 2972 912 3026 p.
932 2956 963 3005 ire
990 2952 1049 3023 def.
1073 2961 1096 3006 i.
1115 2951 1205 3004 dicere
1223 2949 1296 3022 qnod
1313 2949 1355 3000 illi
1373 2966 1431 3000 nore

125 3027 257 3079 eliserunt
276 3045 345 3096 quae
364 3041 417 3079 oet.
439 3027 531 3080 Prino.
559 3054 597 3069 -
616 3024 691 3095 Quid
708 3034 739 3077 iu
754 3044 783 3098 p.
801 3031 832 3079 t‘rt
849 3026 877 3080 d.
899 3035 921 3082 l.
941 3027 1051 3080 dicere?
1082 3027 1164 3096 Quod
1181 3027 1256 3083 illine
1275 3024 1429 3076 ditemini?

126 3101 199 3171 Quae
225 3118 278 3155 eet,
304 3101 363 3156 Ali.
390 3116 416 3154 et
437 3094 673 3174 (interroqntionie
693 3105 773 3172 eiquo
792 3118 853 3173 pont
883 3102 974 3155 dicere
1003 3107 1032 3154 in
1063 3117 1171 3154 eoromn
1205 3104 1323 3164 mutnto)
1352 3114 1428 3169 seqq.

126 3204 161 3219 -
181 3176 295 3245 ⁸¹Quiri
314 3175 381 3248 (tic)
400 3185 432 3228 iu
450 3206 469 3218 -
488 3205 507 3218 -
525 3205 544 3218 -
563 3177 672 3227 dicere:
696 3175 770 3246 quod
785 3178 829 3228 illi
847 3194 881 3228 rte
899 3179 1032 3229 dixerunt
1049 3176 1179 3247 quidem?
1198 3175 1250 3227 tibi
1268 3173 1357 3225 dicere
1375 3188 1431 3226 oet.

126 3250 221 3304 Lemo.
239 3279 277 3292 -
296 3251 391 3321 Quid?
409 3259 440 3301 tu
455 3258 537 3321 poter
554 3255 584 3302 let
602 3249 630 3304 d.
649 3258 671 3304 i.
690 3250 781 3302 dicere
799 3251 872 3321 quod
889 3253 952 3305 illi?
970 3251 1080 3323 quidsi
1097 3251 1140 3302 illi
1158 3270 1191 3302 ea
1209 3254 1240 3300 in
1258 3266 1310 3299 roa
1327 3245 1430 3316 defert-

125 3330 201 3377 tione
220 3324 369 3388 duraret,
389 3343 459 3395 quoe
477 3322 530 3376 tiit·
548 3329 637 3377 dicere
656 3342 712 3377 non
730 3322 842 3376 licebit?
861 3326 973 3380 Pntricii
992 3330 1095 3396 turpio.
1114 3353 1152 3370 -ι
1170 3324 1245 3378 Mihi
1263 3327 1292 3375 iu
1310 3337 1431 3376 mentem

127 3405 214 3454 venit:
245 3399 318 3470 quod
333 3400 395 3450 illi?
422 3417 516 3471 nempe
535 3397 682 3464 dixerunt,
707 3404 745 3454 itn
764 3413 794 3453 ut
814 3403 881 3455 hnee
899 3401 954 3454 duo
973 3416 1106 3472 poetrcme
1127 3400 1207 3452 rerbn
1227 3401 1338 3452 Asconii
1358 3401 1431 3450 tint:

127 3474 168 3529 rel
187 3479 278 3546 potius
292 3480 398 3526 interno
412 3472 523 3527 ordine:
541 3473 654 3526 dicere?
679 3475 759 3525 lilim
777 3474 852 3545 quod
867 3475 1018 3527 dixerunt?
1044 3477 1085 3527 Ar
1097 3473 1148 3527 titt
1160 3472 1231 3528 eet.”
1251 3471 1379 3525 ouem.
1394 3499 1432 3515 -

129 3551 300 3619 ,Compernr
320 3552 419 3602 i'icero
438 3548 588 3602 Catiliunm
609 3566 672 3602 cum
692 3551 792 3602 Lutoio
808 3565 837 3603 et
856 3550 996 3616 Bellieno,
1016 3548 1174 3605 homiuibus
1194 3561 1306 3622 propter
1328 3545 1432 3599 ncelern

128 3628 157 3677 iu
178 3625 265 3678 turbis
283 3622 403 3679 sollertis
421 3627 571 3677 committn
590 3623 743 3688 dementit,
770 3623 958 3697 (insiliuntque
977 3623 1018 3678 rel
1040 3628 1158 3696 priorem
1182 3639 1241 3676 ente
1262 3636 1387 3685 cautem,
1405 3623 1433 3675 ni

128 3714 282 3763 necutetur,
309 3695 440 3751 ostendit.
476 3699 535 3750 inm
563 3701 684 3770 priorum
709 3698 790 3752 huius
812 3697 958 3772 lrnqmeuti
982 3697 1125 3757 verborum
1151 3699 1287 3752 seutentin
1309 3695 1429 3768 ndpnret.

128 3774 214 3845 Nean
229 3773 327 3825 Cicero
348 3773 498 3825 Cttilinem
517 3771 664 3843 quidquem
685 3790 734 3843 pro
753 3791 782 3826 ιι
801 3772 892 3828 dicere
912 3791 1007 3847 ponte,
1027 3773 1100 3845 quod
1120 3790 1175 3826 uon
1195 3790 1245 3845 pro
1264 3787 1293 3823 ne
1317 3771 1432 3827 l-uteiun

128 3863 155 3901 et
176 3847 316 3902 Bellieuun
339 3846 468 3902 dixerint.
507 3847 662 3918 legendum
684 3864 725 3901 ent
744 3852 843 3920 igitur:
871 3848 946 3919 Quid
963 3856 993 3901 tu
1009 3866 1038 3919 p.
1056 3853 1087 3901 m
1106 3846 1165 3919 def.
1184 3855 1206 3902 i.
1224 3846 1332 3910 dicere,
1359 3844 1434 3915 quod

128 3923 171 3973 illi
188 3940 243 3974 nort
263 3921 411 3973 dixerint?
429 3922 542 3974 Cretern
564 3940 618 3974 non
633 3938 688 3975 tem
710 3921 879 3976 emeudnndn
897 3938 978 3990 eunt,
998 3938 1079 3993 qunm
1098 3922 1163 3994 quid
1183 3921 1314 3974 exciderit
1333 3918 1433 3973 videu-

129 3994 208 4056 dum
228 3996 343 4049 niterum
362 4000 437 4048 enim
460 4013 536 4061 eret,
556 3996 619 4051 illos
639 3997 731 4050 dicere
754 4003 892 4069 potuitne,
914 4013 982 4070 qune
999 3997 1116 4050 Cetilinn
1129 4015 1185 4050 nou
1205 3990 1312 4068 poerett
1332 3995 1360 4048 id
1381 4000 1433 4046 imo

131 4068 187 4123 iere
206 4070 288 4124 modo
311 4075 458 4142 scripserat
478 4071 590 4124 Cicero:
618 4073 671 4139 [illi
688 4073 776 4125 multe
794 4073 957 4141 dixer-urm]
978 4091 1047 4143 quae
1065 4075 1118 4124 riht
1138 4072 1230 4124 dicere
1248 4088 1304 4124 non
1322 4069 1432 4130 lieedilr

81 4177 84 4183 -
129 4162 238 4219 propter
252 4149 418 4199 vicinitatem
431 4144 575 4199 verborum
594 4145 720 4199 diutim
737 4163 765 4203 ιι
785 4147 917 4200 dicerem
934 4147 1067 4202 uoouoiln
1086 4151 1186 4201 οιιιίιιι
1204 4146 1295 4201 ιιιιι.”
1315 4145 1433 4199 Mutii.

218 4226 245 4277 9.
265 4228 295 4271 ιιι
327 4228 359 4271 ιι
378 4222 471 4273 Ptine.
935 4217 939 4229 '

200 4303 245 4351 10.
264 4223 372 4362 quldem
389 4293 586 4365 itupudeuit'ee]
617 4294 748 4366 ,quidem
765 4291 784 4328 θ
801 4295 987 4366 inpudentiae
1012 4312 1075 4350 cum
1094 4293 1217 4350 delectur
1235 4299 1314 4367 tigno
1333 4291 1433 4348 anb.

129 4368 205 4423 Nihil
224 4386 291 4441 puto
310 4369 410 4421 deense.
448 4369 637 4437 Impudentiue
655 4371 732 4422 locut
749 4369 894 4442 infitiandi
912 4386 953 4424 ent
974 4369 1159 4445 impudentin,
1184 4385 1253 4442 qune
1271 4367 1433 4423 incolentem

130 4460 155 4497 et
174 4448 316 4496 nutincinrn
337 4441 471 4496 infitiandi
493 4444 631 4515 prnebet.''
658 4445 786 4501 osset.

204 4524 247 4574 ss.
267 4517 393 4568 dicemur
412 4549 427 4561 -
445 4517 675 4587 condemnarunt]
712 4518 799 4592 Luqd.
825 4521 890 4574 lior.
909 4519 987 4573 Meu.
1007 4520 1088 4573 Creu.
1117 4549 1152 4562 -
1180 4519 1310 4572 dicuntur
1328 4542 1345 4555 ·
1363 4534 1435 4571 cou-

130 4591 288 4644 demerim
308 4596 422 4662 priores.

203 4666 249 4724 il.
268 4667 385 4736 amplius
402 4666 518 4732 centies]
552 4668 669 4738 amplius
693 4664 762 4732 HS.
785 4673 890 4722 remim
914 4667 979 4723 llot.
999 4669 1082 4724 Creu.
1103 4685 1131 4723 ιι
1149 4685 1225 4741 reqq.
1243 4664 1435 4742 tuppiemeoto

129 4746 244 4795 minime
263 4747 427 4796 oeceunrio.
