3210 5280
502 213 549 275 tu
575 211 718 277 ouAT.
742 210 790 274 ΙΝ
814 212 1072 277 th'l'lNllJM.
1377 217 1439 279 att

209 351 451 417 consultissime
472 351 547 414 facit
570 353 736 415 locuturus
758 354 797 414 de
818 350 980 416 tribunatu
1003 351 1088 428 eius,
1112 350 1142 437 ip
1164 371 1230 438 qno
1254 355 1354 418 omnia
1376 379 1439 438 pro

118 446 267 512 Caesaris
298 459 461 527 potentatu
482 446 644 508 Vatinium
676 446 811 529 gessisse
843 447 1039 508 manifestum
1069 459 1129 511 est.
1174 452 1246 512 Hac
1271 453 1331 495 —-¹
1361 462 1440 512 tent-

119 553 212 623 perat
233 540 435 603 acerbitatem
459 539 693 613 insectationis,
716 551 749 600 ut
770 541 861 602 salvo
883 542 1025 612 honore,
1052 553 1085 604 ut
1106 540 1186 605 citra
1209 544 1360 606 offensam
1381 541 1441 605 viri

116 635 228 706 huius,
264 633 412 714 privatim
444 654 579 714 persona
607 635 761 695 laedatur.
806 633 910 696 Etiam
939 633 1031 695 simul
1063 637 1160 699 decor
1189 639 1251 680 -²
1287 636 1440 699 locutioni

115 740 299 791 ornamenta
322 728 461 810 qttaesita
484 738 574 800 sunt,
598 747 693 809 quum
717 727 759 788 ita
782 728 807 800 †
829 726 969 790 dicant³.
1450 739 1465 786 5

192 846 229 925 lt.
274 848 502 951 Omniaque⁴
520 865 608 923 ‘mea
635 849 709 923 tela
737 853 791 923 sic
818 853 855 923 iu
882 860 919 924 te
947 851 1238 947 coniicientur⁵,
1267 862 1307 926 ut
1330 877 1438 926 nemo

116 960 180 1063 [P.
208 960 288 1062 27]
316 990 384 1063 per
412 957 649 1063 tuumlllatus,
677 963 777 1060 quod
802 963 900 1037 soles
929 965 1072 1060 dicere,
1099 967 1299 1039 saucietur.

203 1083 241 1145 ld
263 1095 328 1156 est,
353 1082 445 1144 sicin
467 1094 497 1146 te
512 1084 566 1145 fiet
582 1079 740 1153 invectio,
765 1102 804 1143 ne
820 1082 895 1170 quid
911 1085 948 1144 de
965 1081 1112 1146 Caesaris
1128 1085 1252 1147 honore
1269 1083 1439 1146 minuatur.

193 1208 258 1280 Vl.
288 1201 323 1280 l.
352 1208 430 1302 Tu,
458 1211 521 1306 qui
547 1217 584 1280 te
611 1204 911 1303 Pythagoreum⁶
940 1207 1039 1280 soles
1067 1207 1202 1280 dicere.

204 1327 278 1388 Hoc
304 1325 404 1407 ipsum
431 1326 609 1406 plenissime
635 1322 787 1406 purgavit
814 1335 907 1406 atque
937 1324 1075 1386 dett-nuit
1102 1337 1133 1386 et
1160 1346 1224 1387 nott
1254 1323 1322 1385 sine
1348 1324 1482 1385 lauden

119 1417 254 1501 protulit
277 1417 306 1479 itt
330 1440 366 1480 en
390 1417 552 1494 oratione,
577 1438 669 1502 quant
695 1436 753 1495 pro
779 1415 849 1496 ipso
873 1417 1005 1480 Vatinio
1029 1418 1168 1480 scribere
1192 1421 1359 1500 adgressus
1382 1429 1439 1482 est.

121 1515 194 1575 Fuit
212 1526 313 1572 autem
331 1511 391 1572 illis
416 1514 612 1592 temporibus
635 1508 783 1591 Nigidius
805 1509 947 1593 quidam,
975 1513 1021 1573 vir
1045 1511 1189 1574 doctrina
1211 1523 1242 1573 ct
1264 1511 1440 1572 eruditione

121 1607 294 1667 studiorum
321 1604 626 1684 praestantissimus,
660 1607 698 1669 ad
722 1625 813 1686 quem
846 1603 971 1694 plurimi
1000 1604 1242 1666 conveniebant.
1287 1605 1377 1666 Haec
1400 1605 1440 1664 ab

123 1698 393 1761 obtrectatoribus
415 1698 512 1760 veluti
536 1700 619 1762 actio
647 1700 745 1761 minus
769 1697 946 1778 probabilis
972 1691 1189 1774 iactitaba'tur,
1213 1698 1356 1781 quamvis
1379 1696 1440 1778 ipsi

122 1794 328 1875 Pythagorae
350 1804 524 1855 sectatores
548 1792 722 1855 existimari
748 1791 875 1853 vellent.
1452 1803 1481 1850 1⁵

197 1912 233 1989 2.
263 1914 458 2014 auspicia⁷
494 1917 774 2016 contempseris.
862 1968 865 1975 -

205 2034 271 2096 lam
295 2035 411 2096 dicttttn
436 2045 503 2109 est,
527 2047 673 2098 servante
697 2037 736 2095 de
758 2032 847 2095 caelo
864 2032 983 2096 Bibulo
1007 2035 1155 2108 consule,
1178 2036 1262 2096 hunc
1275 2011 1439 2098 Vatinium
1512 2055 1517 2075 ¹

122 2128 223 2210 legem
248 2128 356 2190 tulisse
379 2132 417 2190 de
439 2127 574 2210 imperio
594 2127 761 2202 Caesaris,
786 2138 820 2188 ut
841 2126 1014 2188 exercitum
1038 2130 1118 2210 per⁸
1140 2128 1301 2208 illyricum
1317 2138 1348 2189 et
1363 2126 1440 2189 Gal·

123 2221 178 2282 lias
201 2224 343 2283 duceret.

199 2339 235 2417 3.
264 2346 429 2417 Primum
457 2370 616 2445 quaero,
643 2373 729 2420 num
755 2346 899 2420 senatui
926 2369 1073 2419 causam
1100 2356 1198 2419 tuam
1225 2344 1483 2443 permittasflc

123 2459 220 2554 quod
250 2457 337 2529 facit
364 2453 536 2530 Caesar?
1426 2456 1428 2460 ¹

208 2575 328 2636 Eadem
350 2575 509 2648 ratiotte⁹,
535 2597 597 2659 qua
618 2597 733 2658 supra,
758 2575 824 2636 vult
847 2573 1080 2638 insectationem
1108 2571 1229 2636 Vatinii
1250 2595 1314 2634 non
1340 2570 1441 2654 perti-

124 2688 199 2728 nere
232 2670 270 2728 ad
303 2669 520 2728 contumeliam
556 2668 720 2732 Caesaris.
780 2669 992 2732 Commiserat
1024 2681 1127 2731 autem
1162 2665 1283 2729 senatui
1316 2686 1440 2727 causant

124 2781 211 2820 snam
242 2758 282 2823 C.
309 2759 443 2835 Caesar,
476 2762 595 2835 idest,
629 2775 663 2825 ut
685 2766 722 2825 de
747 2763 818 2845 lege
842 2765 967 2846 agraria
992 2775 1098 2844 patres
1125 2762 1310 2823 iudicarent.
1357 2758 1441 2820 lbi¹⁰

79 2862 88 2871 “
124 2852 203 2914 cuim
227 2853 351 2914 habitae
371 2867 443 2916 sunt
466 2867 529 2916 tres
546 2854 618 2917 illae
632 2861 656 2895 ¹¹
679 2858 841 2920 orationes
864 2869 974 2919 contra
995 2855 1169 2918 Domitium
1193 2851 1484 2916 ultenatum

125 2947 214 3008 Male
238 2947 296 3008 sibi
321 2969 400 3030 crgo
426 2947 585 3010 conscium
607 2950 786 3011 Vatilluittm
803 2946 984 3030 redarguit,
1009 2949 1063 3030 qni
1078 2949 1115 3007 de
1131 2947 1226 3007 rebus
1241 2948 1280 3008 ab
1295 2967 1328 3006 sc
1344 2944 1442 3029 gestis

123 3039 181 3118 [P.
206 3039 274 3119 ib]
299 3039 328 3101 in
356 3041 515 3103 tribunatu
541 3042 672 3103 iudicem
697 3053 837 3103 senatum
860 3042 979 3103 habere
1003 3061 1065 3102 non
1088 3041 1214 3101 audeat.

201 3162 285 3235 Vll.
315 3158 349 3237 1.
377 3164 432 3237 Ex
450 3168 496 3238 iis
516 3176 642 3261 erant,
661 3190 755 3264 quos
773 3166 906 3239 cotidie
925 3167 1070 3238 sciebas
1089 3188 1241 3237 servare
1263 3163 1307 3235 de
1327 3162 1441 3236 caelo.

208 3282 409 3345 Mentiouem
425 3285 537 3346 horum
554 3284 729 3346 feceramus
752 3295 783 3346 et
796 3285 819 3324 ¹²
842 3283 871 3344 iu
888 3281 1027 3345 Sestiana
1051 3281 1246 3343 defensione.
1291 3281 1442 3343 Servasse

124 3371 205 3435 enim
240 3377 278 3435 de
311 3376 399 3437 caelo
429 3387 504 3438 tuuc
534 3376 679 3439 videntur
702 3375 863 3439 Domitius
888 3375 1040 3440 Calvinus
1074 3387 1105 3438 et
1138 3376 1180 3456 Q.
1205 3374 1385 3440 Ancharius
1412 3381 1485 3436 ctao

125 3467 167 3530 C.
192 3467 330 3529 Fannius
343 3469 383 3543 ¹³,
406 3491 445 3532 ue
468 3469 575 3552 quid¹³
598 3493 667 3532 cum
690 3472 813 3552 populo
834 3469 885 3554 agi
907 3471 1022 3532 liceret
1037 3490 1077 3532 eo
1094 3480 1258 3551 tempore,
1282 3490 1346 3551 quo
1360 3469 1382 3506 ¹⁵
1405 3470 1443 3529 tle

124 3560 215 3621 caelo
238 3574 431 3624 servaretur.
476 3564 519 3625 Et
542 3565 604 3626 boc
626 3561 734 3624 alibi¹⁵
757 3563 951 3627 notissimum
973 3563 1163 3625 feceramus.

198 3702 220 3745 l.
241 3705 328 3758 supple
348 3704 445 3747 terbum
468 3705 512 3748 Gr.
551 3703 575 3748 2.
596 3706 683 3759 Suppte
701 3705 774 3749 verbe
792 3707 838 3748 duo
861 3704 906 3748 Gr.
944 3699 969 3748 3.
989 3705 1025 3748 An
1043 3702 1129 3748 dicct?
1156 3703 1203 3747 Oe.
1241 3700 1264 3746 l.
1285 3706 1345 3747 (ἰού.
1369 3718 1441 3762 poue.

265 3770 288 3817 5.
309 3774 370 3816 Cod.
391 3774 537 3817 coicientnr.
576 3772 599 3817 ⁶.
621 3774 680 3817 End.
696 3775 905 3833 pythagoricum.
944 3771 968 3817 7.
994 3773 1053 3816 Cod.
1075 3773 1198 3829 euspicio.
1237 3770 1262 3816 8.
1282 3775 1342 3816 Cod.
1360 3780 1382 3816 et
1402 3787 1445 3829 pro

260 3857 317 3899 per.
356 3842 381 3889 9.
402 3844 605 3904 uocantum.
645 3840 685 3890 1⁰.
706 3844 766 3887 Cod.
785 3844 819 3887 bi.
859 3840 900 3886 ll.
920 3843 981 3886 Cod.
1001 3842 1053 3890 t'tto.
1093 3840 1133 3886 tt.
1154 3843 1215 3885 eod.
1234 3840 1288 3886 red.
1328 3842 1367 3887 13.
1383 3842 1444 3887 Cod.

264 3910 293 3955 C·
322 3911 381 3955 ctu.
430 3914 475 3957 Sed
498 3913 647 3956 scribendum
666 3925 719 3957 esse
743 3910 769 3956 0.
797 3910 924 3961 Ftcnniue,
953 3916 1017 3967 petet
1045 3925 1073 3956 cx
1095 3913 1165 3956 citata
1192 3912 1302 3955 Sestiana
1328 3912 1393 3955 Llll.
1422 3912 1444 3955 l.

272 3980 312 4028 ll.
334 3984 394 4026 Cud.
415 3981 475 4040 quid
493 3996 537 4037 pro
555 3995 585 4025 ne
604 3980 672 4041 quid.
713 3979 754 4027 15.
775 3982 836 4029 Cod.
855 3979 928 4041 quod.
961 3978 1007 4035 1⁶.
1028 3981 1089 4024 Cod.
1107 3979 1212 4034 attiuhi,
1238 3988 1262 4024 ut
1286 3980 1331 4026 lli.
1352 3979 1376 4026 2.
1397 3988 1446 4026 tum

263 4052 351 4096 iactum
373 4052 444 4094 olibi.

199 4183 242 4232 tt.
263 4173 397 4226 Notemue
418 4171 511 4222 locum
531 4169 688 4243 deperditae
702 4171 788 4224 'l'ullti
802 4174 958 4233 orationis,
980 4184 1062 4241 quam
1084 4167 1186 4241 alioqui
1209 4185 1300 4222 revere
1320 4174 1445 4239 extitisse

123 4268 155 4304 ex
177 4250 295 4301 loretum
315 4264 366 4299 ert.

159 4269 174 4322 p
202 4330 245 4382 13.
266 4322 307 4374 De
327 4323 439 4392 Nigidio
460 4324 619 4377 testimonie
639 4337 690 4392 ego
710 4320 808 4391 collegi
829 4325 857 4372 in
879 4315 963 4391 praei.
984 4318 1018 4371 ad
1042 4320 1102 4372 Cic.
1123 4317 1156 4371 de
1177 4320 1243 4390 llep.
1262 4338 1288 4393 p.
1303 4319 1372 4372 tvt.
1388 4334 1446 4372 not.

203 4403 244 4454 ¹5.
267 4401 307 4451 De
327 4396 578 4452 obtrectationibus
606 4395 734 4449 adversus
754 4396 939 4468 Pythagoreos
960 4394 1019 4447 fieri
1040 4395 1129 4448 solitis
1150 4394 1208 4468 lege
1229 4394 1382 4447 Diodorum
1404 4395 1447 4447 St-

124 4475 222 4528 culum
244 4477 271 4523 in
290 4478 368 4524 novis
390 4476 588 4546 supplementis
610 4475 786 4523 veneuntes
807 4488 849 4521 me
872 4488 958 4541 nuper
977 4469 1059 4522 editis
1080 4490 1106 4543 p.
1127 4474 1172 4527 33.

203 4552 245 4604 aa
269 4546 368 4600 Recole
390 4555 514 4604 Suetonii
536 4547 629 4598 locum
650 4560 665 4597 e
686 4564 730 4600 me
753 4551 899 4600 recitatum
920 4544 954 4597 ed
975 4549 1115 4601 Sestianae
1137 4545 1204 4619 Cep.
1225 4543 1328 4600 XVlll.
1348 4549 1375 4599 2.

203 4627 248 4679 25.
269 4619 370 4674 Conler
390 4644 438 4697 pro
459 4626 550 4679 Sestio
569 4621 675 4676 xvttt.
693 4626 723 4677 2.

203 4701 248 4753 29.
270 4696 344 4748 Loco
364 4716 450 4773 nuper
470 4706 566 4753 citato.

202 4777 247 4832 52.
270 4772 302 4824 lu
321 4775 447 4846 pertibus
467 4776 585 4830 mutis.
