3210 5280
1371 216 1423 256 vti

118 344 291 430 penitae,
327 365 390 409 uon
412 348 531 430 uego,)
559 346 633 432 quid
659 345 875 418 coniecturae,
904 364 967 407 uon
988 352 1130 404 constat:
1163 337 1230 404 etsi'
1244 335 1335 416 plura
1356 335 1423 397 sine

118 446 210 512 dubio
237 468 255 508 e
283 445 464 513 coniectura
493 446 583 507 ducta
607 458 690 507 sunt.
734 447 829 524 (Sane
860 443 1011 510 cerdice
1037 445 1161 504 ductum
1184 462 1253 504 esse
1278 437 1422 514 videtur,

117 543 201 624 quod
222 539 254 603 in
277 539 324 601 bis
347 537 491 601 omnibus
513 537 702 601 editionibus
724 538 754 600 iu
777 550 917 601 extrema
943 549 1032 619 parte
1054 536 1264 601 Cornelianne
1282 537 1330 616 (p.
1348 533 1421 594 106.

117 636 160 698 ii.
192 655 228 716 p.
256 634 331 698 970.
360 633 436 711 Gt.)
458 643 528 693 ante
552 630 716 696 Ciceronis
747 633 844 692 verba
870 632 929 717 qni
956 653 1023 694 nott
1051 631 1152 694 modo
1180 640 1242 691 ete.
1273 629 1422 690 insertum

116 727 251 812 legitur:
287 725 380 790 Dicit
402 726 443 787 de
464 723 649 795 nobilibus;
676 746 747 787 narn
774 725 804 786 id
830 725 859 786 in
887 725 1024 788 editione
1049 724 1147 805 prima
1172 745 1234 785 non
1266 722 1343 799 est.)
1386 718 1423 780 In

115 821 194 888 locis
223 820 354 905 gravius
383 818 542 903 corruptis
577 827 630 879 aui
662 817 776 881 mancis
802 817 1011 900 interpolandi
1037 817 1161 880 lieentia
1189 826 1331 901 grassata
1361 830 1424 873 non

115 917 222 994 est(¹l.
267 915 298 975 A
325 913 443 974 lacunis
469 912 591 974 titanum
614 908 848 983 abstinuerunt,
872 934 935 973 uon
958 912 1059 973 solum
1081 911 1140 985 iis,
1164 931 1243 993 quae
1267 926 1348 970 nunc
1370 905 1425 964 ad·

116 1019 245 1091 parent,
269 1009 324 1068 sed
341 1006 408 1068 aliis
424 1017 534 1087 postea
551 1003 714 1066 occultatis
723 1007 776 1086 (²).
805 1008 868 1068 Sed
884 1009 921 1067 de
943 1006 989 1067 bis
1009 1004 1198 1067 editionibus
1221 1003 1295 1065 satis
1310 999 1423 1060 dictum

116 1114 178 1175 est,
203 1100 231 1163 si
245 1100 395 1163 addidero
413 1100 442 1161 iu
460 1099 592 1171 Aldina,
614 1098 643 1158 in
666 1115 729 1177 qua
750 1101 831 1162 ordo
847 1099 1139 1162 commentariorum
1165 1109 1299 1160 mutatus
1321 1091 1423 1165 est⁰)‚

117 1198 204 1248 recte
226 1185 427 1246 scantianam
451 1182 637 1246 Pisonianae
658 1183 869 1263 praepositam
893 1204 978 1256 esset
1007 1186 1094 1266 quod
1121 1204 1178 1245 cut·
1201 1184 1422 1252 Hotomanus,

117 1282 198 1358 (nant
230 1280 315 1358 apud
345 1277 522 1340 Manutium
553 1294 646 1336 verus
671 1278 752 1339 ordo
784 1280 844 1352 est)
867 1276 1124 1356 cornmutaverii,
1155 1275 1274 1339 neseio.
1378 1307 1382 1311 ·

200 1372 349 1456 Antiquis
379 1371 426 1434 bis
455 1369 642 1434 editionibus
671 1370 821 1436 successit
849 1369 1035 1434 Parisiensis
1058 1374 1140 1450 apud
1168 1372 1219 1434 lo.
1244 1368 1421 1432 Lodoicun'r

120 1466 294 1530 Tiletaunnt
311 1465 420 1528 emissa
436 1487 453 1528 a
470 1464 612 1542 1536.(³)
626 1488 695 1530 narn
713 1463 942 1530 Melancbthon
958 1465 1034 1546 quid
1046 1465 1204 1540 affecerit,
1220 1461 1422 1538 nescium„

120 1561 157 1622 ad
181 1558 265 1623 illam
291 1571 453 1642 spectant,
477 1581 555 1644 quae
570 1561 769 1625 Hotomanus
791 1549 825 1621 in
850 1557 985 1643 praciat‘.
1008 1560 1083 1640 (iot.
1108 1556 1137 1623 Ι.
1162 1560 1270 1636 verso)
1291 1555 1418 1620 scribit:

190 1838 228 1900 (¹)
248 1832 342 1887 Multo
360 1837 443 1905 igitur
456 1839 618 1907 integriores
631 1853 693 1890 suot
710 1837 761 1890 bae
774 1835 908 1890 editiones
923 1836 1137 1900 recentioribus,
1158 1833 1238 1906 idque
1252 1849 1324 1887 recte
1338 1850 1425 1905 nuper

119 1916 146 1963 in
168 1913 200 1964 P.
219 1909 325 1962 Viduas
344 1907 465 1962 editione
488 1909 659 1964 intellectum
679 1927 733 1971 est:
761 1913 853 1964 eadem
880 1929 970 1965 tomen
994 1928 1035 1964 est
1057 1916 1114 1964 eins
1135 1915 1221 1973 ratio,
1247 1926 1327 1978 qnam
1352 1924 1425 1961 cete·

122 2002 211 2038 rarum
233 2003 292 2038 esse
306 1983 379 2048 dixi,
397 1984 469 2053 qnod
484 1984 649 2040 conterendo
663 1988 799 2043 intellexi:
821 1987 847 2038 id
867 1984 994 2039 adnotari
1004 2025 1011 2049 ,
1033 2005 1065 2038 oe
1085 1991 1227 2052 (quoniam
1245 1991 1327 2037 etiam
1341 1982 1424 2035 Ebert

120 2059 152 2112 ad
172 2059 215 2114 ed.
243 2063 323 2116 at77.
349 2077 502 2129 expressam
526 2078 585 2114 esse
609 2061 721 2134 tradit.)
752 2061 823 2115 ninii
849 2067 963 2115 omnino
992 2061 1026 2113 ab
1053 2059 1173 2113 editione
1200 2065 1290 2128 prima
1314 2058 1424 2111 differre

120 2133 309 2191 credatur**i.
329 2134 421 2186 Unum
441 2141 546 2206 reperio
560 2140 587 2188 in
601 2141 723 2208 antiquis
734 2139 775 2190 his
793 2135 958 2189 editionibus
978 2141 1176 2207 ineptissimum
1190 2134 1423 2195 additamentum,

120 2209 198 2264 aeda
222 2213 339 2270 ceteris,
359 2207 509 2279 dequibus
529 2229 600 2263 nunc
623 2212 736 2279 loquor,
762 2210 1019 2282 interpolationibus
1037 2209 1267 2274 diversissimum,
1287 2209 1330 2271 id,
1351 2206 1424 2280 quod

120 2307 145 2360 p.
174 2289 236 2343 105.
259 2303 276 2356 ρ
298 2285 364 2342 968.
392 2284 488 2339 Graes.
512 2306 540 2358 p.
563 2292 627 2342 202.
657 2288 719 2341 Seli.
748 2286 874 2350 sustulit,
904 2289 1028 2338 Manutio
1049 2289 1102 2337 iam
1122 2283 1267 2347 suadente,
1293 2285 1423 2349 liutom,

119 2379 195 2415 suum
215 2357 279 2412 cod.
299 2373 423 2418 secutum
443 2378 528 2428 neque
549 2365 577 2413 iu
596 2363 750 2416 Graeviano
772 2378 846 2418 erat:
877 2379 969 2413 rerum
992 2379 1024 2413 ns
1047 2364 1073 2412 in
1096 2358 1161 2414 edit.
1188 2369 1208 2416 t.
1233 2358 1362 2427 quidem,
1389 2376 1423 2410 ne

119 2441 178 2508 qais
199 2438 245 2487 bie
264 2448 341 2506 putet
364 2432 427 2487 illos
446 2433 524 2488 codd.
546 2441 649 2505 proprii
677 2437 742 2489 boni
769 2435 871 2507 aliquid
897 2436 1005 2489 babere.
1043 2437 1112 2504 Quis
1139 2435 1285 2498 adiecerit,
1315 2438 1424 2492 neseio:

119 2529 158 2565 est
179 2515 206 2562 iu
231 2508 298 2561 edit.
322 2509 450 2572 lutatius,
472 2515 499 2561 in
519 2511 561 2563 ed.
581 2511 682 2565 Vidoae
700 2531 754 2564 non
775 2530 825 2566 est.

191 2585 231 2651 (²)
250 2585 336 2636 liuius
362 2589 467 2654 generis
487 2585 598 2640 lacunae
618 2586 698 2640 nullis
717 2591 813 2658 spatiis
837 2583 971 2639 indicatae
994 2588 1052 2637 sine
1075 2583 1159 2636 dubio
1181 2588 1209 2637 in
1228 2581 1288 2635 cod.
1308 2581 1423 2652 Sangal-
1519 2629 1523 2639 .

117 2661 184 2714 lensi
205 2657 332 2722 inerunt,
351 2664 485 2728 scriptura
506 2679 561 2712 non
581 2663 690 2721 hiante;
718 2678 824 2714 ceterae
844 2679 897 2730 qno
916 2659 997 2713 modo
1017 2665 1183 2724 onustior,
1210 2660 1267 2712 dixi
1290 2675 1368 2718 auts;
1389 2655 1422 2710 ds

116 2736 159 2790 bis
179 2739 265 2805 igitur
284 2732 371 2785 multo
392 2740 481 2788 miuus
500 2739 563 2789 arlrl
585 2752 689 2805 potest.
720 2755 785 2807 quot
807 2735 861 2788 iere
882 2753 978 2788 totum
1000 2740 1062 2788 siut.

190 2809 229 2874 (³)
251 2807 313 2861 vid.
336 2810 471 2864 Maluair.
495 2815 562 2864 dnn.
577 2812 698 2883 Typogr.
719 2812 756 2864 ll.
773 2832 799 2884 p.
819 2809 882 2867 iill't.
901 2809 994 2863 Ebert.
1009 2809 1140 2876 Biblioqr.
1155 2808 1244 2860 Lexic.
1262 2814 1284 2864 l.
1299 2827 1325 2860 n.
1342 2809 1423 2862 1771.

117 2885 165 2938 Est
184 2883 319 2956 quaedam
343 2883 415 2936 tituli
437 2890 464 2937 iu
489 2890 555 2955 ipsis
577 2886 775 2950 exemplaribus
798 2885 991 2954 discrepantia.
1040 2887 1080 2945 lo.
1111 2884 1260 2935 lodoicum
1291 2881 1422 2935 editorem

117 2964 197 3032 pouit
221 2958 322 3022 uben,
341 2974 369 3011 et
391 2978 422 3012 ex
442 2959 609 3031 praelatione
631 2960 762 3032 quaedam
789 2961 839 3014 snb
862 2966 919 3013 eius
939 2964 1050 3012 nomine
1071 2964 1136 3011 citat
1160 2958 1249 3009 Maius
1271 2957 1352 3029 prael.
1375 2957 1432 3010 alr.'

117 3036 149 3087 td
171 3035 232 3086 cte,
253 3033 344 3087 Οῐίῑῑ·
365 3035 470 3105 fngm·
490 3055 507 3107 p
544 3037 589 3092 21.
609 3038 744 3100 (xxxii.
763 3034 868 3107 Beier.)
889 3037 914 3088 ls
934 3039 1063 3086 nimirum
1078 3051 1117 3086 cst
1139 3039 1196 3104 ipse
1214 3032 1372 3097 Tiletanus,
1394 3047 1423 3083 ut

117 3127 151 3162 ex
171 3110 321 3162 Hotomaui
339 3110 428 3163 verbis
452 3108 572 3185 adparet.
610 3109 693 3166 Ebert
719 3129 734 3164 a
758 3111 837 3166 codd.
858 3126 885 3165 et
904 3114 1064 3163 comentura
1084 3107 1255 3163 emendatam
1274 3106 1423 3161 editionem

116 3189 223 3238 scribit.

192 3333 223 3405 *)
245 3336 380 3385 atutsnos
401 3334 529 3386 lectorem
549 3339 672 3398 monuit,
701 3353 729 3388 se
756 3339 783 3386 tn
809 3331 984 3406 disponendis
1004 3335 1207 3384 commentariis
1228 3330 1297 3382 otii
1317 3328 1424 3382 distre-

119 3425 196 3476 paate
217 3407 251 3458 ab
271 3423 301 3459 ea
327 3413 480 3461 orationum
507 3407 703 3480 dispositione,
731 3426 810 3481 qnam
836 3415 863 3461 in
890 3424 953 3461 suae
975 3411 1161 3476 impressionis
1181 3404 1359 3458 Orationibus
1384 3407 1421 3457 Μ.

117 3483 201 3536 ‘l'ullii
222 3481 385 3552 probaverit.
424 3486 518 3551 ltaque
538 3500 631 3554 agmen
653 3485 755 3537 ducuu't
775 3487 965 3536 commentarii
984 3479 1016 3532 ad
1032 3482 1174 3544 verrinas,
1194 3497 1344 3550 sequuntur
1357 3481 1423 3531 Cor-

119 3558 242 3618 neliana,
268 3563 296 3609 in
317 3572 378 3629 toga
399 3556 529 3623 candida,
555 3559 718 3625 Scauriana,
744 3561 903 3621 Pisoniana,
929 3557 1093 3610 Miloniana.
1132 3557 1187 3609 Nos
1207 3557 1330 3608 ordinem
1353 3559 1426 3607 reti·

119 3639 229 3686 aruimus
249 3650 326 3693 eunt,
354 3637 399 3702 qui
425 3649 464 3686 est
493 3638 520 3685 ln
539 3632 619 3687 editt.
642 3638 764 3706 principe
784 3650 811 3686 et
830 3631 990 3693 Beraldina,
1019 3648 1033 3683 a
1062 3629 1162 3700 quibus
1187 3649 1242 3682 non
1269 3629 1423 3691 aberrauit,

118 3713 172 3762 uisi
191 3705 266 3776 quod
284 3713 495 3761 commentarios
515 3707 548 3760 ad
569 3711 695 3762 verrinas
715 3714 814 3762 ceteris
835 3711 1008 3779 praeposuit,
1029 3703 1171 3758 lodoicus.

194 3781 241 3854 ¹¹⁴¹)
262 3784 351 3849 Quam
375 3788 509 3836 rationem
532 3791 559 3835 in
583 3782 687 3837 edendo
711 3787 826 3836 lisconio
848 3800 956 3836 securus
977 3785 1012 3834 sit
1032 3778 1178 3841 lieraldus,
1206 3786 1264 3851 ipse
1291 3785 1318 3832 tu
1348 3793 1424 3847 prae-

121 3854 224 3911 [atione
245 3856 376 3909 indicavit
396 3859 438 3910 his
459 3859 561 3911 verbis:
583 3859 704 3928 „Operis
725 3864 846 3924 exoptati
871 3857 997 3924 reliquias
1016 3871 1113 3926 easque
1134 3859 1192 3907 aeti
1213 3859 1361 3926 superioris
1382 3860 1421 3907 in·

120 3937 197 3986 coria
220 3931 314 3984 multis
334 3931 400 3985 locis
417 3949 558 4003 corruptas
581 3949 632 4005 qua
653 3934 732 3988 licuit
755 3931 805 3987 lide
821 3949 852 3986 ac
871 3932 1011 4003 diligentia
1034 3935 1211 3990 restituimus.
1251 3932 1319 3984 Nam
1334 3938 1424 3991 steen

121 4007 269 4069 Chironia,
289 4022 356 4076 quae
376 4013 464 4059 curari
486 4008 559 4060 nullo
584 4007 665 4061 modo
686 4024 825 4079 poterant,
846 4013 930 4061 satius
951 4007 1075 4057 duximus
1097 4023 1151 4057 non
1177 4011 1324 4074 attingere,
1346 4031 1425 4077 quim

122 4098 222 4135 temere
235 4087 345 4150 quaeris
360 4097 464 4135 tentare
478 4082 613 4146 remedia,
633 4083 841 4152 ariolatrlceque
860 4087 1018 4135 coniectura
1036 4087 1063 4133 in
1084 4082 1218 4153 plerisque
1239 4084 1306 4135 utl.''
1346 4085 1426 4145 Fun.

121 4163 206 4212 eiseus
231 4157 366 4209 dsulauus
389 4173 479 4211 autern
506 4164 533 4211 in
556 4157 668 4230 praelat.
691 4157 756 4212 edit.
786 4157 898 4210 atdtose
924 4175 952 4210 se
982 4156 1090 4210 collatis
1115 4156 1314 4227 exemplaribus
1338 4163 1426 4220 Aeco.

121 4239 195 4287 aium
211 4232 299 4285 molto
318 4249 366 4292 eo,
387 4238 432 4302 qui
453 4232 712 4296 circumferebatur,
737 4233 876 4286 meliorem
895 4233 1016 4285 effecisse
1035 4230 1186 4304 profitetur.

192 4305 257 4378 Ψ)
280 4308 327 4360 Bis
354 4307 549 4361 Melaucbtbon
572 4312 719 4361 Asconinm
746 4307 847 4372 edidit,
867 4310 1022 4376 Haganoiao
1047 4326 1094 4378 per
1115 4306 1175 4357 lolt.
1201 4306 1338 4375 Sunium
1359 4329 1380 4364 s,
1401 4323 1425 4361 a.

121 4379 206 4434 iurtna
230 4387 365 4440 maxima,
387 4399 414 4434 et
435 4386 544 4440 Arcens.
567 4390 651 4444 tuns.
671 4388 695 4440 8.
717 4400 831 4456 quarum
855 4382 1006 4435 editionum
1028 4386 1145 4450 priorem
1168 4386 1219 4448 ipsi
1239 4391 1425 4438 tractavimus.

122 4460 151 4511 lu
165 4454 335 4529 praefatione
356 4455 381 4507 id
403 4462 489 4528 egisse
510 4456 714 4516 sedeclarnvir.
736 4477 784 4525 ,ut
806 4458 917 4510 nitidius
935 4458 1176 4510 trnrtsscriberetur
1190 4460 1310 4524 optimus
1332 4479 1425 4514 anaor:

123 4532 179 4602 plus
205 4535 339 4602 praestari
367 4536 394 4582 in
418 4548 492 4584 tanta
524 4549 644 4585 vettium
674 4532 800 4586 codicum
829 4539 920 4600 inopia
951 4548 1005 4584 non
1034 4533 1141 4585 licuit.''
1190 4532 1309 4599 llepetiit
1336 4551 1425 4588 aurem

122 4605 270 4660 editionem
299 4604 469 4659 beraldinam
492 4625 554 4661 cum
582 4609 702 4660 eitrsdem
727 4607 939 4680 praelationibus
963 4622 990 4659 et
1019 4606 1163 4659 indicibus.
1213 4607 1309 4661 lusnnt
1336 4628 1426 4664 tamen

123 4682 223 4752 aliquot
248 4679 469 4738 emendationes.
490 4700 515 4735 et
536 4689 711 4734 coniecturae
735 4683 878 4733 nonnullae
903 4687 1018 4745 margini
1042 4681 1202 4733 ndstrirtae.
1242 4683 1328 4736 Verbo
1347 4690 1426 4740 Cice·

122 4763 211 4831 souis,
235 4761 308 4813 sieut
330 4759 358 4808 ln
377 4756 474 4811 aldim
494 4777 543 4812 uec
565 4764 650 4832 magis
670 4777 845 4823 constanter,
865 4775 990 4835 expressa
1009 4768 1073 4813 sunt
1093 4760 1251 4814 maiusculis
1271 4758 1380 4815 litteris.
