3210 5280
580 237 628 301 IN
653 236 961 302 PISONIANAM.
1393 244 1432 306 13

115 385 228 456 patres
253 378 445 458 conscripti
464 376 703 454 collocarunt,
732 379 903 461 mihique,
925 378 1020 461 quod
1039 389 1140 442 unica
1160 382 1304 458 nemini,
1331 402 1433 462 pecu·

118 469 177 527 nia
197 465 343 546 psiiiea
365 466 618 542 aedificandam
645 467 782 529 domurn
805 476 1013 530 censuerunt.

201 557 277 619 Hoc
304 555 423 622 Cicero
445 556 589 619 oratorio
611 577 717 632 inore,
743 577 806 620 nou
829 556 1001 631 historico,
1020 556 1142 620 videtur
1167 558 1335 640 posuisse:
1360 580 1431 621 nam

118 648 221 711 multis
263 651 419 713 aetatibus
464 661 535 712 autc
571 647 760 712 Ciceronem
802 649 878 711 nulii
922 652 952 711 id
984 651 1156 733 contigisse
1205 672 1316 714 venum
1360 662 1430 726 est,

117 741 233 804 nemini
271 763 350 806 vero
391 763 527 825 unquam
564 753 653 803 autea
697 743 872 817 videamus,
922 764 961 805 uc
998 765 1108 824 parum
1156 757 1245 808 caute
1281 746 1458 811 dicamus.⁵

117 836 265 917 Antiquis
288 836 370 898 enim
403 837 598 918 temporibus
627 834 709 897 idem
739 835 899 919 contigit3
937 857 1006 898 nam
1035 839 1168 902 Valerio
1195 838 1360 913 Maximo,
1399 850 1433 900 ut

118 931 232 991 Antius
254 929 400 1004 tradidit,
434 929 517 992 inter
547 928 625 992 alios
646 930 787 992 houoccs
819 932 929 991 doinus
956 951 1084 1013 quoque
1116 931 1241 1013 publice
1271 931 1433 994 aedificata

119 1035 164 1083 esi
188 1023 220 1083 iu
245 1023 392 1097 Palatio,
431 1025 518 1085 cuius
548 1022 673 1097 exitus,
712 1042 777 1106 quo
799 1022 898 1105 magis
919 1023 1053 1107 insignis
1082 1037 1182 1101 esset,
1218 1026 1248 1088 iu
1271 1023 1433 1106 publicum

120 1137 232 1178 set-sus
260 1116 493 1193 declinaretur,
530 1117 593 1178 hoc
612 1127 677 1190 est,
718 1126 807 1177 extra
830 1115 986 1198 privatum
1018 1117 1207 1200 aperiretur.
1251 1119 1431 1180 Varronem

123 1221 225 1270 ainictu
242 1213 386 1284 tradere,
411 1211 464 1273 M.
487 1207 642 1282 Valerio,
666 1207 736 1290 quia
752 1211 875 1289 saepius
900 1209 1036 1285 vicerat,
1061 1213 1206 1274 aedesio
1230 1210 1356 1274 Palatio
1376 1210 1476 1281 tsi-10

119 1304 228 1377 butas,
254 1303 355 1365 lulius
378 1304 528 1387 Hyginus
550 1302 624 1364 dicit
647 1301 677 1363 in
701 1300 784 1363 libro
805 1301 914 1383 priore
930 1304 968 1364 de
989 1301 1067 1365 vitis
1087 1304 1192 1366 claris.
1237 1306 1278 1370 Ρ.
1299 1303 1433 1367 Valet-io

120 1394 238 1458 Volusi
251 1396 318 1458 filio
330 1397 516 1460 Publicolae
532 1395 653 1458 aedium
670 1395 761 1475 repul
783 1437 1142 1460 ...........
1166 1419 1235 1460 cum
1254 1399 1314 1461 sub
1327 1396 1431 1473 Veiis,

120 1489 171 1550 ubi
201 1510 286 1550 nttuc
309 1490 396 1552 aedis
425 1489 590 1552 Victoriae
611 1499 677 1563 est,
714 1488 865 1569 populum
893 1510 932 1552 ex
959 1491 1045 1574 lege,
1080 1512 1172 1575 wem
1199 1490 1266 1572 ipse
1292 1491 1432 1567 tulerat,

118 1580 314 1645 concessisse
337 1585 481 1658 tradunt,
504 1594 535 1645 et
560 1579 711 1645 Antiochi
734 1581 817 1664 regis
836 1581 903 1645 filio
927 1581 1029 1646 absidi
1052 1586 1176 1648 domum
1197 1584 1324 1666 publice
1349 1584 1434 1648 aedi·

119 1675 262 1748 litatem,
287 1674 367 1737 inter
386 1696 467 1759 quos
493 1674 616 1738 Atticus
640 1674 671 1736 iu
697 1673 824 1747 annale,
849 1695 929 1759 quac
946 1687 1059 1757 postea
1081 1677 1194 1740 dicitur
1215 1678 1330 1741 Lucilii
1353 1680 1477 1762 poi-ts

118 1780 168 1830 tae
191 1766 304 1829 luisse.
348 1770 459 1831 Varro
483 1788 611 1852 quoque
640 1767 670 1829 in
692 1767 775 1829 libro
796 1767 863 1830 ΙΙΙ.
891 1771 929 1831 de
958 1770 1022 1832 vita
1044 1770 1154 1852 populi
1181 1771 1337 1849 Romani,
1368 1792 1433 1853 quo

118 1861 191 1924 loco
215 1862 340 1935 celent,
363 1883 455 1944 quatu
479 1872 587 1945 gratus
607 1859 703 1922 luerit
725 1881 802 1944 erga
823 1861 903 1925 benc
925 1863 1073 1939 meritos,
1097 1865 1171 1927 dicit
1186 1865 1322 1941 Mutiui,
1347 1867 1434 1950 quod

211 2061 237 2105 1.
253 2055 353 2118 patres
370 2048 531 2116 conscripti]
564 2045 611 2099 Sic
631 2051 796 2100 correximus
814 2063 830 2098 c
849 2047 985 2101 Cicerone
998 2065 1151 2103 ceterorum
1164 2066 1315 2124 pemcsssm
1328 2049 1428 2103 lectio-

116 2140 180 2176 nem
195 2132 357 2193 praetores.
403 2121 475 2176 Satis
504 2136 595 2175 satem
620 2136 731 2174 canstat
755 2119 852 2174 eodem
877 2123 1042 2195 compendio
1067 2141 1146 2178 voces
1164 2135 1249 2195 pater
1266 2141 1293 2178 et
1309 2134 1428 2197 praescr

116 2203 254 2272 exprimi,
276 2213 302 2250 et
324 2213 373 2270 pro
392 2214 459 2250 voce
478 2201 614 2266 consripii
632 2212 712 2249 unsm
731 2195 839 2249 literam
859 2196 890 2251 C.
913 2204 998 2269 poni,
1016 2214 1085 2271 quse
1104 2205 1246 2255 evanuisse
1264 2198 1371 2253 videtur
1390 2199 1427 2253 ols

119 2277 257 2346 sequentis
272 2270 396 2324 vocabuli
410 2271 518 2324 litenm
533 2273 678 2324 initialem.
705 2269 806 2324 Confer
819 2277 901 2326 etism
917 2275 1074 2328 Manutium
1089 2275 1122 2327 sd
1137 2276 1230 2329 Sosus.
1243 2293 1270 2349 p.
1284 2278 1347 2334 159.
1360 2278 1424 2330 init.

193 2347 264 2402 ibid.
283 2347 467 2416 collocaruni]
489 2345 696 2398 collocaverunt
715 2345 801 2418 Lugd.
1444 2352 1448 2361 “

196 2422 267 2476 ibid.
286 2430 373 2472 antea
382 2421 498 2493 mouns]
509 2419 615 2473 Bersld.
625 2449 663 2463 -
672 2431 757 2472 anisa
767 2426 878 2472 memini
888 2423 979 2477 Priuc.
990 2450 1025 2464 -
1036 2430 1102 2474 anie
1111 2440 1153 2474 me
1162 2427 1264 2474 nemini
1278 2421 1338 2477 tid.
1351 2437 1378 2475 et
1392 2439 1433 2494 sq.

212 2502 241 2552 2.
256 2501 375 2567 pecunia
392 2497 502 2567 publica
520 2494 727 2568 aedificandam
745 2495 865 2564 damian]
884 2502 1029 2565 pectiniam
1045 2498 1183 2566 publicam
1196 2498 1236 2549 ad
1246 2495 1435 2570 edificandam

122 2573 232 2626 densum
253 2574 346 2626 Prius.
790 2575 818 2629 5.
839 2573 911 2639 Hoc]
928 2575 1017 2626 Priuc.
1029 2573 1136 2631 Bessld.
1148 2602 1185 2615 -
1196 2572 1263 2626 hacc
1277 2573 1337 2627 sid.
1351 2589 1378 2626 ct
1392 2590 1433 2646 sq.

214 2649 242 2705 6.
261 2646 346 2714 idern]
368 2645 460 2701 Ptine.
479 2643 587 2698 Bersld.
607 2673 643 2687 -
659 2645 787 2717 pluribus
805 2646 878 2698 idem
898 2645 959 2702 sid.
980 2662 1007 2700 et
1027 2665 1103 2721 seqq.

196 2721 268 2775 ibid.
288 2722 366 2787 nam]
385 2737 440 2773 oin.
462 2720 542 2774 Creu.

215 2802 242 2853 7.
261 2796 359 2847 demtis
377 2796 494 2866 quoquc]
522 2792 582 2851 Ald.
603 2809 628 2847 et
649 2811 722 2866 seqq.
745 2823 781 2837 -
801 2795 948 2867 docensque
968 2797 1059 2852 Princ.
1078 2825 1114 2840 -
1133 2796 1231 2850 domus
1249 2795 1349 2868 (nitere
1368 2812 1434 2850 socc

123 2877 238 2937 amisse)
257 2869 365 2924 Bersid.

215 2944 286 2999 ibid.
307 2942 472 3016 aedificata]
494 2942 628 3015 edificata
650 2946 740 2997 Ptine.
759 2959 787 2998 ct
807 2950 848 2997 sic
867 2944 977 3017 ubique.

218 3028 245 3081 8.
264 3028 353 3084 essct,
373 3023 414 3087 in]
435 3030 509 3070 esset
526 3027 555 3070 et
574 3022 603 3069 in
622 3022 713 3074 Princ.
735 3019 842 3074 Bersld.
865 3019 923 3073 ild.

201 3105 244 3154 11.
263 3095 315 3149 lai.
335 3094 482 3167 Hyginus]
502 3092 647 3149 Editiones
668 3110 733 3164 ques
754 3094 859 3147 contuli
874 3112 969 3148 omnes
984 3093 1128 3148 mendose:
1149 3094 1180 3147 l..
1194 3096 1336 3162 lliginires.
1356 3095 1437 3148 Attu-

124 3189 187 3224 men
214 3170 447 3223 emendantium
474 3168 508 3222 Τ.
536 3169 640 3241 Popms
660 3170 762 3222 Frisios
782 3169 916 3242 probante
935 3169 1076 3242 Msdtigio
1096 3191 1122 3243 p.
1140 3171 1187 3228 65.
1207 3169 1287 3222 Conl.
1309 3171 1374 3225 Ger.
1395 3171 1436 3223 lo.

126 3249 201 3298 Voss.
223 3246 256 3298 de
277 3247 374 3298 histor.
393 3245 442 3298 ist.
462 3262 489 3317 p.
511 3247 574 3302 105.

201 3327 245 3378 i?-
265 3320 296 3373 V
295 3320 376 3387 oluss]
393 3320 468 3373 Mau.
482 3348 515 3361 -
531 3317 631 3370 Volesi
640 3317 729 3371 Ptine.
744 3317 805 3373 ild.
818 3317 902 3390 Lngd.
915 3319 980 3373 Hot.
993 3320 1073 3372 Creu.
1085 3348 1121 3361 —
1130 3320 1162 3372 V
1161 3319 1241 3371 alcsis'
1250 3317 1358 3373 Bessld.
1369 3317 1437 3375 Lod

199 3394 272 3448 ibid.
291 3394 463 3465 Publicolae]
480 3391 616 3464 publicolc
637 3394 726 3445 Ptine.
744 3422 783 3436 -
801 3393 956 3465 Poplicolae
977 3395 1053 3447 Man.
1214 3393 1219 3405 '

198 3468 271 3524 lbid.
291 3469 400 3521 aeduam
419 3501 435 3512 -
454 3501 470 3512 -
488 3467 562 3539 cnm]
595 3468 642 3521 Sic
671 3484 767 3520 mance
792 3470 883 3521 Princ.
910 3468 971 3524 Ald.
1003 3498 1038 3510 -
1068 3467 1151 3519 aedes
1175 3468 1302 3539 publicas
1328 3467 1436 3525 Bernld.

80 3565 84 3573 ·
127 3542 192 3597 Lod.
205 3541 291 3616 lugd.
305 3545 371 3598 liot.
392 3545 468 3597 Man.
489 3543 581 3606 Creu,
602 3542 674 3613 quod
695 3548 778 3595 nimis
800 3542 926 3596 abhorret
941 3559 955 3594 a
969 3548 1091 3615 vestigiis
1105 3542 1234 3597 editionis
1249 3549 1437 3617 principis.-

128 3618 303 3691 ‚iegeudnm
322 3617 445 3684 videtur,
464 3617 619 3688 Poplicolae
638 3617 720 3668 aedes
734 3617 842 3688 publice
861 3618 910 3669 sab
923 3619 955 3671 V
952 3619 1015 3671 clia.
1036 3620 1070 3671 Et
1085 3635 1148 3670 mox
1162 3616 1277 3671 iortssse
1288 3621 1320 3673 V
1317 3625 1436 3672 istoriae

128 3700 260 3765 interpres
280 3699 371 3767 posuit
391 3694 489 3766 aliquis
510 3709 559 3765 pro
579 3693 758 3764 Vicaepoiac.
796 3692 876 3746 Conl.
896 3692 1017 3747 adnotat.
1038 3691 1070 3745 sd
1091 3710 1115 3746 c.
1137 3700 1163 3753 8.
1183 3692 1216 3746 de
1234 3693 1298 3747 lint.
1320 3713 1389 3769 resp.
1410 3711 1436 3749 et

127 3768 160 3821 sd
178 3770 237 3823 Lis.
256 3769 295 3821 ll.
316 3767 361 3825 7.”
394 3766 526 3822 cunti.

200 3842 272 3897 ibid.
291 3843 341 3895 sni
360 3843 460 3913 Velia]
487 3839 572 3915 Lugd.
593 3841 657 3897 iios.
677 3841 755 3896 Men.
775 3842 857 3896 Crcn.
886 3868 920 3884 -
944 3841 994 3893 sni
1012 3843 1085 3894 velis
1102 3844 1194 3897 Priuc.
1223 3841 1284 3898 ild.
1314 3873 1351 3887 ·-
1380 3860 1437 3900 om.

126 3916 232 3973 nessii.
254 3916 321 3971 Lod.
795 3921 839 3976 15.
859 3917 952 3988 aedis]
982 3918 1076 3971 Princ.
1105 3917 1163 3971 tid.
1182 3948 1219 3960 -
1237 3919 1321 3971 aedes
1338 3923 1435 3974 ceteri.

199 3997 245 4053 15.
264 3993 423 4060 Victoriae]
443 3997 566 4044 victorio
584 3992 677 4045 Ptine.
798 3992 841 4050 111.
862 3996 950 4061 regis]
972 3997 1036 4061 regi
1054 3992 1163 4047 uenti.

199 4072 245 4126 15.
263 4073 338 4119 inter
357 4085 425 4139 quos
444 4068 514 4138 cen]
548 4067 693 4137 ,Fortasse
713 4066 810 4132 verbs,
830 4073 905 4119 inter
923 4085 991 4138 pisos
1013 4071 1126 4120 Atticus
1143 4073 1173 4119 in
1192 4069 1354 4132 annalibus,
1375 4083 1438 4140 post

125 4141 242 4195 irsdsinl
262 4157 340 4198 eraut
359 4140 530 4197 coilocsads.
569 4146 622 4196 int
642 4147 733 4215 potius
753 4139 821 4196 iuis:
841 4151 869 4194 et
888 4142 919 4197 P.
938 4142 1056 4197 Valeria
1075 4158 1129 4199 cet.
1147 4149 1323 4201 concessisse.
1360 4143 1437 4195 Tra-

125 4216 193 4269 dent
212 4234 269 4273 etc.
290 4233 320 4271 ut
339 4215 386 4270 slii
406 4216 606 4289 distinguunt.”
631 4217 764 4272 GiuuT.

199 4290 272 4346 ibid.
293 4292 406 4360 annale]
428 4294 517 4346 Priuc.
536 4319 574 4335 -
593 4293 692 4343 annali
712 4290 728 4321 ⁹
748 4290 808 4346 sid.
829 4320 865 4333 -
884 4290 1031 4342 annalibus
1051 4289 1158 4345 Berald.
1179 4293 1245 4345 Lod.
1268 4291 1354 4365 Lupd.
1373 4293 1438 4346 liot.

125 4367 202 4421 nisu.
222 4372 304 4421 Creu.
325 4368 405 4420 mle.
444 4367 541 4420 Cicero
561 4364 594 4418 nd
615 4369 739 4420 Atticum
759 4365 826 4421 XII.
848 4372 891 4426 23.
907 4371 1095 4436 scriptumest
1114 4372 1142 4417 in
1163 4374 1210 4419 luo
1230 4369 1335 4421 annali.
1355 4372 1439 4421 Corn.

125 4441 197 4514 Nep.
218 4442 328 4497 xxiii.
351 4445 395 4500 15.
433 4445 549 4495 Atticus
571 4469 610 4483 -
633 4447 663 4492 in
688 4443 786 4493 amsali
809 4459 860 4493 sno
884 4447 1019 4512 scriptum
1043 4443 1166 4509 rcliquii.
1188 4439 1261 4495 coni.
1282 4442 1371 4497 XXV.
1395 4449 1439 4503 18,

126 4515 284 4571 Cicone.
305 4533 331 4570 c.
353 4517 399 4576 ii.

202 4591 272 4644 itti.
294 4590 405 4660 Lucilii]
426 4588 510 4664 Lugd.
530 4590 595 4646 llot.
616 4590 693 4644 Mna.
712 4590 793 4644 Creo.
812 4619 848 4634 -
868 4589 947 4643 Lucii
965 4589 1056 4644 Princ.
1077 4587 1186 4644 Beruld.
1208 4588 1267 4644 ild.
1288 4589 1354 4643 Lod.

200 4666 245 4722 16.
265 4672 295 4717 t'n
329 4684 384 4719 om.
406 4668 481 4720 Msn.

203 4745 246 4797 17.
268 4669 391 4812 niutau]
411 4739 496 4813 Lugd.
518 4740 582 4793 iios.
603 4739 679 4793 Men.
699 4738 781 4792 Crsn.
801 4765 837 4781 —
857 4743 966 4790 minime
985 4740 1076 4791 Ptine.
1098 4768 1134 4783 -
1156 4736 1317 4794 iiinrrltinac
1330 4739 1439 4796 Bernld.

126 4839 163 4856 -
183 4815 336 4869 ilerrinac
356 4816 417 4872 nid.
436 4845 474 4861 -
493 4813 677 4869 Mnrrlscs'nas
696 4811 765 4869 Lod.
784 4843 821 4858 -
841 4811 921 4868 esni,
942 4815 1000 4870 Lu.
1020 4816 1108 4870 XXV.
1127 4812 1174 4872 lio.
1195 4813 1309 4869 xxvii.
1332 4819 1358 4873 6.
