3210 5280
218 225 258 286 ll
561 248 565 253 ’
753 221 979 288 ASCONIUS

302 360 440 426 Confido
460 382 518 424 vos
538 360 735 445 intelligere,
760 364 802 425 Ι..
822 363 955 426 Paulum
971 365 1053 425 hunc
1071 362 1260 447 significari,
1284 361 1337 445 qui
1362 361 1420 424 luit
1436 374 1526 443 puter

218 455 369 517 naturalis
403 453 546 518 Africani
574 454 781 536 posterioris3
814 455 841 518 is
868 459 906 519 de
923 444 1117 520 'Macedonia
1140 469 1232 540 atque
1258 457 1367 520 ultimo
1391 455 1457 518 eius
1488 460 1526 520 tie

220 569 298 630 rege
318 548 533 630 triumphavit.
579 549 799 612 Macedoniam
825 562 926 612 autem
950 551 1045 625 Piso,
1070 551 1101 613 iu
1122 572 1212 633 quem
1235 551 1313 612 haec
1339 550 1442 613 oratio
1464 562 1525 623 cst,

221 641 371 715 obtinuit;
395 644 637 726 propterquod
664 643 798 705 Paulum
823 665 892 705 cum
916 643 1075 726 appellat,
1106 643 1239 706 irrideus
1261 663 1350 718 eum,
1375 643 1527 727 quodibi

193 754 253 806 sse
275 755 337 798 non
359 755 514 818 prospere
538 736 647 818 gessit.

680 881 831 961 'cluet
853 894 1060 984 Meuium.

301 1033 345 1110 (§.
370 1022 438 1108 ld.)
467 1032 517 1096 Μ.
547 1033 760 1111 Marcellus,
795 1037 858 1118 qui
885 1044 936 1098 ter
962 1034 1083 1097 consul
1101 1033 1196 1114 fuit.
1231 1056 1364 1098 summu
1385 1037 1525 1113 virtute,

220 1126 364 1205 pietate,
383 1126 500 1204 glorio
521 1125 682 1201 militari,
701 1127 803 1206 periit
821 1127 855 1185 in
877 1127 984 1186 muri:
1006 1126 1068 1206 qui
1079 1133 1192 1188 tauten
1214 1124 1255 1187 ob
1277 1129 1431 1188 virtutem
1447 1126 1526 1206 glo-

217 1215 271 1274 riu
289 1222 321 1274 et
341 1212 443 1276 luude
469 1215 556 1275 vivit.

177 1332 208 1381 ,θ
302 1303 454 1365 Fortasse
485 1303 666 1387 quaeratis,
700 1325 791 1385 quem
817 1302 897 1366 dicat
921 1302 1120 1365 Marcellum.
1165 1305 1239 1367 Fuit
1267 1315 1367 1366 autem
1394 1304 1523 1386 [nepos]

173 1387 175 1393 ’
218 1396 269 1458 Μ.
290 1386 537 1471 ΜανσοΗίἐίιιε,
550 1396 610 1480 qui
626 1398 710 1461 beilo
727 1397 848 1460 Punico
869 1399 1008 1459 secundo
1024 1398 1197 1476 Syracusas
1216 1397 1291 1460 vicit
1301 1411 1338 1465 ¹et
1352 1400 1397 1460 V.
1408 1420 1524 1461 consu·

217 1489 298 1551 latus
327 1492 456 1570 adeptus
480 1503 539 1552 est.
584 1490 646 1553 Hic
668 1503 771 1552 autem
797 1491 988 1564 Marcellus,
1020 1493 1058 1554 de
1085 1512 1150 1576 quo
1179 1491 1296 1556 Cicero
1323 1491 1414 1567 dicit,
1447 1515 1524 1555 nutt—
1591 1491 1594 1495 ’

217 1583 323 1661 fregio
352 1585 396 1670 ‚ad
426 1584 523 1664 ipsam
548 1583 691 1647 Africam
714 1585 807 1667 periit
832 1584 925 1667 panio
951 1595 1022 1647 ante
1046 1597 1191 1669 coeptum
1221 1587 1338 1659 bellum
1371 1586 1525 1650 Punicum

217 1675 356 1738 tertium.
401 1677 486 1740 Idem
511 1699 579 1740 cum
607 1689 724 1740 statum
747 1679 805 1741 sibi
827 1699 862 1741 ac
884 1678 964 1758 patri
986 1678 1122 1761 itemque
1145 1700 1207 1743 avo
1229 1691 1381 1760 poneret,
1405 1681 1435 1741 in
1454 1701 1524 1744 mo·

176 1793 207 1842 1⁵
218 1769 371 1832 numentis
385 1770 435 1832 avi
457 1770 504 1833 sui
520 1773 558 1833 ad
574 1773 717 1835 Honoris
732 1783 763 1834 et
784 1771 942 1845 Virtutis,
962 1773 1077 1835 decore
1092 1772 1294 1854 subscripsit:
1317 1772 1382 1836 111.
1401 1773 1526 1835 MAR-

147 1859 361 1934 [tuJCELLI
383 1863 556 1928 NOVIES
579 1864 702 1929 COSS.
726 1887 804 1928 uvsts
825 1865 1013 1949 quinquies,
1037 1876 1125 1946 pater
1143 1866 1258 1928 semel:
1295 1865 1401 1946 itaque
1422 1883 1525 1948 neque
1587 1886 1589 1891 ·

219 1955 364 2018 mentitus
385 1970 432 2020 est
450 1969 480 2020 et
499 1960 581 2040 apud
601 1958 810 2041 imperitiores
831 1959 929 2040 patris
954 1959 1003 2022 sui
1024 1959 1224 2041 splendorem
1247 1958 1345 2022 attxit.

531 2112 673 2181 CIRCA
695 2116 829 2181 VERS.
853 2118 884 2180 A
908 2116 1063 2180 NOVIS.
1088 2115 1224 2181 DCCC.

305 2236 349 2313 (§.
373 2235 441 2315 52.)
463 2237 522 2302 Me
544 2237 817 2319 consequentibus
835 2236 947 2300 diebus
972 2240 1005 2298 in
1021 2257 1062 2299 eu
1087 2239 1160 2318 ipsu
1181 2237 1302 2314 domo,
1323 2256 1395 2320 qua
1412 2246 1449 2299 tu
1471 2259 1523 2300 me

174 2352 206 2400 tu
218 2329 417 2408 expuleras,
440 2349 545 2411 quum
564 2329 758 2408 expilurcs,
780 2349 885 2411 quum
909 2326 1123 2403 incenderes,
1142 2326 1334 2407 pontifices,
1357 2328 1523 2400 consules,

311 2613 335 2662 1.
357 2603 439 2673 hrum]
460 2623 531 2657 arene
552 2604 636 2678 Lugd.
658 2607 735 2660 Man.

304 2684 330 2734 2.
349 2683 384 2747 is]
419 2682 603 2753 Repetivimus
630 2678 815 2753 praecedentis
842 2679 967 2732 vocabuli
995 2695 1163 2752 postremam
1191 2678 1340 2752 syllabam,
1372 2699 1407 2733 ne
1426 2697 1524 2735 manca

215 2768 288 2808 esset
308 2760 411 2815 oratioe
431 2760 456 2806 is
475 2761 547 2808 enim
568 2756 644 2810 abest
664 2771 678 2806 a
700 2757 791 2809 Princ.
810 2753 919 2811 Berald.
938 2753 1000 2808 ald.
1019 2784 1056 2796 -
1075 2762 1170 2827 qttiqne
1192 2754 1257 2810 Lod.
1276 2771 1303 2808 et
1323 2772 1398 2828 seqq.

293 2828 363 2882 lbid.
382 2830 490 2898 ultimo]
513 2829 598 2903 Lugd.
616 2832 683 2886 liot.
705 2835 782 2885 Man.
802 2830 883 2883 Creu.
904 2859 941 2872 -
959 2832 1086 2882 ultimum
1105 2834 1196 2886 Prior.
1209 2830 1315 2884 Berald.
1338 2829 1400 2883 aid.
1419 2829 1488 2884 Lod.

291 2902 364 2958 lbid.
384 2905 496 2958 sisteris
515 2906 595 2978 rege]
615 2905 649 2957 de
668 2924 736 2974 rege
755 2910 813 2955 eius
831 2905 900 2959 Lod.

310 2984 336 3038 5.
355 2997 385 3030 se
403 2983 470 3048 non]
500 2999 556 3032 uon
579 2999 609 3033 se
635 2982 702 3034 Lod.
730 3010 767 3023 -
795 2980 971 3051 „tironibus
992 2977 1025 3032 ad
1046 2983 1168 3054 Propert.
1190 2981 1236 3035 w.
1257 2981 1291 3046 6,
1319 2986 1364 3036 21.
1395 2979 1524 3033 emendat

217 3055 337 3124 optime:
358 3055 487 3125 quodibi
506 3075 563 3108 rem
582 3075 637 3108 nort
654 3073 786 3125 prospere
805 3055 925 3124 gessts.’'
946 3055 1078 3110 GARAT.

309 3131 335 3188 6.
356 3130 468 3183 CIRCA
487 3131 668 3202 MEDIUM]
688 3148 742 3184 om.
763 3128 831 3184 Lod.
851 3129 936 3203 Lugd.
956 3130 1020 3183 Hcs.
1042 3131 1117 3184 Man.
1137 3128 1378 3200 -SEQUITUR
1398 3129 1480 3184 Creu.

311 3210 337 3262 7.
357 3204 413 3272 M.]
435 3222 490 3259 om.
510 3209 602 3261 Ptine.
622 3204 727 3260 berald.
742 3205 801 3261 ΔΜ.
879 3211 904 3264 7.
923 3209 1041 3273 virtius]
1063 3222 1118 3258 ont.
1139 3205 1232 3260 Princ.
1254 3205 1363 3259 Berald.

308 3285 335 3339 8.
352 3283 450 3348 periit]
468 3287 545 3351 peril
566 3284 657 3335 Princ.

309 3358 336 3410 9.
356 3355 449 3422 gloria
475 3367 504 3407 et
529 3357 624 3427 laude]
644 3359 755 3426 gloriae
773 3355 854 3406 lutsde
869 3354 928 3409 ild.
944 3354 1029 3427 Lugd.
1042 3355 1119 3408 Man.

292 3432 337 3483 10.
349 3426 416 3496 fuit
435 3439 527 3482 atatem
552 3451 636 3502 nepos
660 3432 703 3484 M.
729 3432 861 3482 Marcelli
879 3434 948 3499 eires]
985 3428 1046 3485 eid.
1066 3447 1093 3484 et
1112 3449 1186 3502 seqq.
1216 3459 1254 3474 -
1300 3436 1341 3482 su'l
1366 3440 1458 3483 autem
1478 3433 1522 3486 M.

216 3503 349 3555 Marcelli
367 3508 426 3555 eius
445 3507 536 3559 Ptine.
557 3536 591 3548 —
604 3505 672 3577 fuit
690 3514 783 3558 erstem
802 3506 847 3560 M.
866 3505 1020 3558 Marcellus
1039 3511 1064 3557 is
1083 3505 1188 3560 lietald.

292 3587 336 3635 11.
356 3579 527 3649 Syracusas]
548 3582 694 3634 Sirncusas
712 3583 804 3635 Ptine.
889 3585 931 3640 13.
949 3583 1045 3651 periit]
1063 3586 1139 3651 pers't
1158 3581 1236 3637 Man.

291 3656 335 3711 15.
355 3662 421 3705 ante
439 3665 564 3726 coeptum
581 3657 607 3710 d.
628 3656 658 3709 P.
678 3658 716 3726 t.]
744 3658 808 3724 „Ex
828 3660 948 3728 epitome
969 3657 1082 3708 Liviana
1104 3656 1179 3724 [libri
1201 3656 1243 3724 L.]
1262 3653 1405 3728 legendum
1424 3663 1524 3711 existi-

217 3742 274 3781 mat
295 3727 437 3799 Sigonius:
454 3740 520 3800 post
538 3733 688 3801 coeptum.''
715 3731 861 3784 Manui.
899 3735 982 3787 Deest
1002 3733 1069 3784 haec
1088 3736 1230 3784 annotatio
1251 3735 1280 3783 in
1301 3731 1384 3803 bugd.

293 3806 338 3859 15.
359 3803 465 3873 moure]
482 3805 528 3858 Sic
540 3811 646 3878 scripsi.
655 3837 687 3848 -
698 3806 824 3858 decorem
837 3808 926 3860 Princ.
942 3805 1047 3859 Berald.
1060 3804 1120 3859 aid.
1131 3804 1196 3859 Lod.
1209 3835 1238 3848 -
1253 3805 1347 3858 aedem
1362 3808 1447 3879 Lugii.
1459 3809 1525 3861 Ilot.

216 3877 295 3930 Man.
309 3877 390 3931 Creu.
403 3908 440 3920 -
454 3881 622 3934 substantivi
637 3881 718 3933 aedes
731 3879 763 3932 ad
780 3881 891 3933 deorum
907 3886 1018 3932 nomina
1034 3883 1154 3934 solennis
1172 3897 1212 3934 est
1226 3885 1356 3946 omissio,
1378 3901 1406 3936 et
1422 3882 1526 3935 deeora

216 3952 383 4022 subscriptio
403 3954 474 4008 haud
496 3961 586 4028 inepte
606 3955 662 4009 dici
683 3955 805 4019 videtur,
834 3971 885 4026 qua
908 3956 977 4008 filius
999 3960 1083 4026 patris
1102 3955 1195 4008 laudes
1216 3973 1314 4027 augere
1334 3956 1449 4011 studuit.

291 4025 360 4081 lbitl.
380 4028 445 4098 ΙΙΙ.]
467 4031 550 4104 Lugd.
570 4032 634 4085 Hct.
656 4032 732 4085 Mau.
754 4032 835 4085 Creu.
859 4061 889 4072 -
912 4032 951 4081 Hi
970 4035 1082 4101 priores.
1112 4060 1149 4073 -
1177 4031 1279 4101 „Nulla
1298 4029 1352 4083 iere
1373 4038 1527 4086 mutatione

216 4101 308 4154 locum
330 4107 500 4159 restituimus
521 4122 600 4178 atque
621 4108 667 4159 hic
686 4111 761 4179 quasi
782 4105 854 4158 aliud
874 4121 983 4177 agentes
1001 4106 1094 4159 locutu
1114 4110 1142 4158 in
1162 4106 1266 4160 Velleio
1277 4107 1421 4159 Paterculo
1434 4125 1528 4161 emen-

216 4178 327 4230 demus:
349 4181 376 4229 in
397 4198 451 4250 qno
470 4180 518 4234 lib.
539 4182 575 4237 ll.
599 4186 669 4254 [cap.
685 4184 725 4251 8.]
746 4182 861 4253 legitur:
890 4181 971 4233 Circa
985 4181 1079 4231 eadem
1092 4190 1216 4252 tempora
1229 4182 1272 4235 M.
1285 4182 1396 4233 Metelli
1406 4180 1527 4253 fratres

216 4270 271 4303 serto
296 4253 340 4303 die
366 4255 622 4327 triumphaverunt:
656 4273 720 4312 cum
748 4254 890 4328 legendum
911 4260 963 4319 sit,
997 4256 1027 4307 ΙΙ
1050 4255 1146 4329 (bugd.
1171 4257 1227 4328 Ill)
1253 4256 1364 4308 Metelli
1375 4254 1524 4328 fratres.”

293 4403 336 4467 16·
355 4421 426 4456 avus
443 4412 599 4477 quinquies,
615 4414 700 4477 puter
717 4404 811 4473 semel]
850 4406 927 4473 Quae
948 4419 961 4455 a
984 4405 1110 4458 Manutio
1129 4403 1227 4478 (Lugd.
1247 4405 1339 4472 Man.)
1359 4421 1385 4458 et
1404 4422 1528 4478 sequen-

217 4477 291 4530 tibus
312 4476 389 4531 editt.
409 4497 471 4534 ante
491 4500 562 4533 aures
581 4486 752 4535 inseruntur:
764 4481 991 4550 feceratenim,
1011 4498 1037 4534 et
1057 4485 1117 4533 voci
1131 4482 1215 4532 semel
1234 4497 1451 4554 postponuntur;
1470 4488 1529 4553 ipse

218 4560 276 4617 ter,
304 4549 386 4605 facile
411 4561 581 4631 cogitatione
612 4573 725 4629 possunt
754 4555 883 4627 suppleri.
934 4555 1046 4625 Siquid
1068 4554 1227 4608 mutandum
1249 4561 1295 4619 sit,
1329 4571 1390 4608 ante
1411 4576 1435 4610 v.
1456 4576 1529 4608 aeveus

218 4625 367 4680 addiderim
387 4634 509 4696 seilicet,
529 4638 606 4686 cuius
626 4631 751 4685 vocabuli
772 4629 965 4705 compendium
987 4636 1013 4683 in
1034 4632 1075 4684 ed.
1095 4635 1184 4703 princ.
1205 4646 1246 4682 est
1266 4630 1382 4703 simplex
1402 4633 1484 4685 litera
1505 4651 1528 4685 s.

293 4709 336 4759 17.
356 4710 414 4777 est]
436 4725 490 4760 orn.
512 4706 609 4760 Graes.
885 4713 929 4764 18.
949 4724 1005 4759 om.
1027 4707 1092 4759 Lod.
1115 4706 1200 4778 Lugd.
1220 4706 1285 4760 Hot.
1304 4706 1380 4760 Mau.

293 4781 337 4833 20.
359 4797 440 4848 quam
459 4782 612 4853 e'xpiluras]
641 4798 696 4834 om.
716 4780 808 4834 Ptine.
828 4779 934 4835 Berald.
956 4779 1012 4834 sid.
