3210 5280
225 180 285 243 aas
658 166 1083 251 esnone-Ascouras

224 342 318 402 quam
343 323 566 385 condemnatus
592 324 892 399 est,›in'srssnu1am
914 324 1060 396 redacta,
1083 341 1163 405 quae
1191 323 1229 383 de
1252 320 1319 385 cius
1334 324 1436 385 rebus
1458 323 1525 386 exi·

225 426 366 494 geretur.
409 409 506 479 Duae
529 437 581 479 res
608 417 688 480 enim
710 417 983 502 consequebantur
1008 415 1255 482 damnationem:
1276 418 1302 491 †
1324 416 1522 497 pertinebat,

225 528 285 588 qua
312 508 360 569 vel
388 509 520 591 simplex
546 511 596 573 vel
626 511 741 593 duplex
764 511 813 575 rel
836 512 1057 595 quadruplatio
1081 509 1273 571 ducebatur:
1306 509 1402 572 altera
1426 507 1525 572 exilii.

310 603 353 680 (§.
377 603 443 680 tu.)
467 608 536 684 Qui
556 602 655 665 ambo
675 605 854 683 peculatus
880 606 1034 669 domenati
1055 602 1144 681 sunt]
1188 601 1273 679 Quid
1294 603 1377 676 boe,
1406 601 1525 685 inquiet

201 693 395 776 squispiam‚
421 696 458 756 ad
477 694 620 758 iudicium
645 703 829 774 corruptum
853 696 1012 776 pertinet?
1034 694 1324 775 Respondebimus,
1348 694 1410 757 litis
1433 697 1526 758 aesti-

224 786 391 849 mationem
414 788 509 868 [fieri]
531 809 593 851 uon
615 788 716 850 solssm
743 808 783 847 ex
811 787 902 852 titulo
930 788 1087 872 propositi
1112 785 1267 862 criminis,
1290 790 1344 849 sed
1369 788 1461 849 etiam
1484 809 1525 850 ex

224 879 293 940 aliis
315 881 574 960 probationibus,
604 901 683 963 quae
705 901 745 941 ex
766 890 837 941 aute
859 882 934 944 actis
956 884 1050 944 rebus
1072 881 1156 961 apud
1176 880 1292 940 iudices
1313 878 1523 943 constiterint.

224 971 284 1046 Hi,
308 975 470 1052 peculatus
492 975 619 1038 erimine
641 970 831 1054 proposito,
861 975 953 1036 etiam
976 994 1053 1057 quus
1074 971 1238 1034 iudicando
1260 971 1408 1053 pecunias
1431 993 1525 1053 cepe·

224 1075 294 1125 saut
316 1068 528 1135 reddiderunt.
580 1066 728 1130 Similiter
748 1066 885 1128 soluitur
906 1068 996 1129 etiam
1019 1066 1111 1140 illud,
1142 1068 1229 1148 quod
1250 1083 1343 1147 supra
1366 1067 1405 1126 de
1426 1086 1523 1146 pecu-

183 1155 282 1227 uuniis
304 1161 482 1239 repetundis
504 1159 639 1241 positum
666 1168 725 1222 est.

310 1250 379 1329 Qui
398 1254 429 1316 0.
452 1254 545 1316 Verre
564 1261 719 1334 praetore
740 1250 870 1314 urbano
891 1249 1061 1329 sortiente]
1105 1249 1157 1312 Sic
1176 1249 1240 1313 hnc
1254 1247 1422 1312 criminose
1437 1248 1520 1326 dicit,

224 1344 481 1424 quemadmodum
504 1362 598 1423 supra
616 1341 791 1426 Hortensio
813 1353 974 1421 praetore.
1056 1395 1057 1398 ,

307 1436 462 1499 Praetore
482 1433 610 1496 urbano
631 1433 798 1512 sortiente]
842 1435 958 1495 Totum
981 1434 1042 1495 hoc
1058 1433 1156 1518 magis
1172 1432 1324 1496 invidiose
1340 1453 1431 1516 quam
1448 1453 1522 1495 vere

224 1525 355 1588 dicitur-2
377 1546 447 1589 eain
468 1524 535 1604 ipse
557 1524 678 1585 Verres
701 1543 761 1605 pro
785 1523 963 1588 testimonio
988 1526 1064 1588 dixit
1086 1526 1117 1588 in
1139 1526 1269 1591 Iuniano
1295 1525 1409 1587 iudicio
1435 1527 1521 1586 adsil-

183 1644 213 1690 15
225 1630 338 1681 teratas
352 1617 447 1680 fuisse
462 1617 591 1678 tabellas
607 1637 697 1690 suas,
720 1615 881 1698 inquibus
900 1613 1055 1698 suppositi
1074 1616 1191 1680 iudices
1212 1629 1313 1681 essent
1335 1620 1373 1679 ad
1395 1629 1521 1679 senten-

222 1711 294 1772 tiam
317 1719 496 1790 corruptam
519 1708 758 1788 proferendam,
784 1730 852 1771 euui
874 1729 997 1771 caussam
1023 1721 1094 1771 ante
1116 1731 1179 1774 non
1201 1708 1370 1772 audissent.
1416 1711 1522 1792 Signi·

222 1803 295 1864 imit
316 1813 416 1863 autem
440 1800 482 1865 C.
507 1801 730 1863 Fidiculanium
754 1801 933 1876 Falculam,
970 1802 1023 1886 qni
1050 1804 1089 1864 ad
1117 1803 1331 1885 complendam
1355 1801 1521 1884 Oppianici

223 1895 449 1958 destinationem
472 1894 634 1956 dicebatur
654 1916 721 1958 esse
742 1894 935 1974 suppositus.
1473 1887 1478 1899 '

226 2020 230 2027 ·
307 1987 409 2069 Quod
426 1990 572 2052 inuentus
591 1997 637 2051 est
663 1985 811 2063 senator]
855 1986 1011 2048 Staienum
1027 1986 1102 2049 dicit
1119 1988 1158 2048 ab
1172 1997 1306 2068 utraque
1320 1997 1411 2067 parte
1425 1985 1522 2050 luisse

180 2092 426 2160 sucorruptsuu:
450 2079 536 2160 quod
557 2078 706 2139 adversus
728 2097 797 2140 etim
820 2079 983 2141 recitatum
1004 2089 1114 2159 postea
1129 2077 1161 2140 in
1178 2077 1360 2141 Cluentianae
1376 2080 1521 2144 oratione

222 2173 277 2237 vix
299 2182 434 2254 purgat,
469 2168 523 2230 ubi
550 2168 625 2231 dicit
653 2171 762 2233 asolo
793 2169 971 2252 Oppianico
997 2171 1173 2233 sestertibm
1195 2171 1337 2236 DCXL.
1360 2171 1403 2237 C.
1426 2174 1520 2236 Aelio

224 2265 352 2327 Staieno
375 2262 466 2325 iudici
487 2263 556 2323 slata
579 2283 640 2343 pro
662 2283 790 2325 nisusero
813 2263 965 2339 iudicum,
996 2262 1050 2348 qui
1068 2265 1291 2345 eorrstmpcndi
1313 2276 1428 2328 esseut.

315 2425 341 2472 t.
360 2413 393 2464 de
413 2419 471 2464 eius
489 2414 579 2481 rebus]
600 2413 633 2463 ds
651 2413 732 2464 rebus
748 2420 806 2464 eius
825 2415 889 2465 Hor.
909 2417 989 2468 Creo.

313 2495 340 2543 2.
359 2490 440 2541 Disae'
460 2505 505 2538 res
523 2490 606 2555 enirn]
626 2487 707 2540 Dusae
725 2491 796 2539 e'nim
810 2505 917 2559 paenae
937 2493 978 2539 rei
999 2486 1082 2559 bugd.
1101 2489 1178 2542 Man.

314 2567 341 2621 3.
360 2563 584 2613 dissertationem:
599 2562 757 2631 pertinebat
775 2593 794 2605 -
806 2592 822 2605 -
835 2593 853 2604 -
866 2559 1031 2631 diruebatur]
1053 2562 1100 2615 Sic
1119 2578 1248 2636 corrupte
1266 2579 1293 2616 es
1312 2576 1409 2614 manee
1429 2562 1521 2617 Petne.

220 2637 329 2692 Berald.
358 2665 394 2679 ·-
413 2636 617 2688 darnnatianem
636 2633 655 2668 l*
668 2645 742 2707 pert.
761 2654 814 2707 qua
832 2635 881 2686 vel
896 2654 919 2690 s.
938 2637 986 2688 vel
1002 2636 1030 2689 d.
1047 2638 1096 2687 vel
1111 2637 1256 2707 quadrupli
1273 2642 1349 2688 ratio
1368 2635 1519 2687 discebatur

221 2710 282 2766 aid.
303 2737 335 2752 -
355 2711 568 2762 damnationem.
605 2709 742 2762 Pecunia:
760 2728 829 2780 quae
846 2727 875 2762 v.
894 2727 917 2762 s.
936 2729 965 2764 v.
986 2711 1013 2762 d.
1026 2711 1074 2761 ael
1084 2712 1277 2782 qreadruplatio
1296 2710 1438 2762 dicebatur
1451 2709 1517 2763 Lod.

219 2813 257 2829 ·-
276 2786 495 2850 damnationem,
513 2789 647 2854 perseniae
668 2785 779 2845 altera,·
805 2788 906 2854 inqua
926 2786 974 2836 vel
995 2784 1100 2854 simpli,
1127 2788 1175 2837 vel
1193 2786 1282 2856 dupli,
1310 2786 1358 2836 vel
1373 2785 1520 2855 quadrupli

220 2867 296 2912 ratio
315 2860 465 2911 ducebatur
486 2857 568 2930 bugd.
587 2859 664 2911 Mun.
687 2888 725 2903 -
749 2859 962 2912 damnationem.
1001 2859 1102 2910 Altera
1120 2859 1240 2911 redditio
1255 2865 1388 2929 pecuniae
1407 2863 1458 2922 iis,
1481 2859 1521 2909 ad

219 2953 287 3006 queas
308 2933 483 3004 pertinebat:
515 2940 543 2983 in
568 2951 620 3003 quo
644 2934 692 2985 vel
707 2935 814 3005 simpli,
844 2935 891 2984 vel
908 2932 984 3003 dupli
991 2973 997 2998 ,
1029 2935 1077 2985 arel
1097 2934 1242 3004 quadrupli
1266 2940 1340 2985 ratio
1367 2934 1519 2984 discebatur

222 3012 283 3063 tlot.
305 3010 385 3061 Creo.
423 3008 502 3076 ,Hoc
519 3007 603 3059 modo
616 3007 740 3060 lacunam
758 3007 936 3080 repleuimus,
956 3025 981 3059 er
994 3006 1087 3060 loensn
1101 3014 1282 3074 correximus,
1303 3013 1349 3079 qut
1363 3013 1391 3060 in
1406 3012 1518 3079 antiqno

219 3082 292 3136 libro
311 3087 351 3136 sie
370 3086 487 3152 scriptus
508 3097 565 3134 estz
583 3081 665 3135 Duae
685 3099 708 3134 r.
722 3100 745 3135 e.
758 3100 782 3136 e.
796 3080 999 3132 damnationem
1012 3085 1028 3118 *
1038 3083 1213 3152 pertinebat,
1232 3089 1261 3134 in
1273 3101 1326 3153 qua
1338 3081 1410 3135 cer.‘’
1430 3082 1518 3135 ΗΟΤ.

313 3161 413 3213 t—to.
432 3156 506 3207 ttsec
526 3160 649 3227 sequenti
669 3154 775 3208 scholio
795 3159 946 3229 postposita
965 3171 1028 3208 sunt
1049 3163 1077 3209 in
1097 3159 1189 3211 Prine.
1209 3155 1314 3210 Berald.
1333 3154 1393 3212 Atd.
1414 3157 1482 3208 Lod.

310 3233 337 3286 lt.
357 3235 460 3297 inquiet
479 3235 625 3299 quispiam]
646 3229 712 3283 Lod.
731 3246 758 3283 et
778 3245 852 3302 seqq.
864 3257 901 3271 —·
913 3235 1002 3302 inquit
1020 3237 1161 3304 quisquam
1180 3236 1294 3305 priores.

312 3306 340 3362 6.
353 3303 436 3377 fieri]
455 3321 508 3356 om.
528 3306 619 3357 Priuc.
639 3301 744 3357 Berald.
764 3303 826 3358 tlt.
845 3302 912 3356 Lod.
1068 3296 1072 3305 ¹

314 3385 339 3436 7.
358 3381 545 3446 constiterint]
566 3377 626 3431 did.
647 3395 673 3431 ee
693 3395 768 3450 seqq.
790 3405 826 3418 -
844 3383 1038 3431 eorutituertut
1057 3380 1148 3433 Petne.
1169 3377 1274 3433 berald.

313 3460 340 3512 8.
359 3453 409 3521 lli]
431 3452 498 3504 Lot.
517 3469 543 3504 et
563 3469 639 3524 seqq.
656 3481 692 3495 -·
711 3453 764 3505 tite
785 3456 961 3522 antiquiores.

311 3530 339 3584 9.
357 3545 425 3597 quas
443 3525 588 3577 iudicando
605 3531 736 3596 pecunias
753 3535 884 3595 ceperant
903 3527 1082 3578 reddiderunt
1101 3525 1170 3581 Lod.
1191 3543 1217 3580 et
1230 3542 1305 3599 seqq.
1325 3556 1361 3570 -
1380 3545 1450 3598 quae
1461 3525 1517 3578 iud.

217 3619 275 3672 per.
295 3609 446 3671 caeparant
466 3600 628 3672 (caeperunt
642 3600 758 3668 Berald.)
777 3600 890 3652 reddere
910 3600 1089 3653 reddiderunt
1107 3603 1197 3656 Ptine.
1216 3599 1322 3656 Berald.
1341 3629 1378 3644 -
1396 3608 1443 3674 qui
1460 3601 1516 3653 iud.

216 3694 276 3746 pac.
296 3684 442 3746 coeperant
462 3675 640 3726 reddiderunt
659 3673 719 3730 Atd.

296 3760 338 3806 tt.
357 3751 412 3819 Qui
430 3751 460 3802 C.
481 3749 583 3817 Verre]
605 3748 663 3802 Alb.
683 3765 709 3802 et
727 3767 802 3820 seqq.
822 3777 851 3789 -
875 3749 948 3819 qreod
966 3767 1025 3801 arem
1046 3750 1136 3803 Verre
1155 3750 1247 3803 Ptine.
1261 3747 1367 3803 Berald.

293 3824 362 3877 lbid.
382 3827 439 3892 Sic]
461 3823 520 3878 ΑΜ.
539 3841 565 3876 et
585 3841 657 3896 seqq.
676 3829 757 3874 -si
776 3826 865 3877 Ptine.
885 3823 991 3879 Berald.
1046 3851 1047 3855 =

295 3901 338 3956 13.
357 3897 493 3950 I’raetore
511 3899 616 3950 urbano
637 3901 782 3965 sortiente]
813 3914 868 3950 om.
888 3898 971 3970 bugd.
991 3898 1055 3951 Eat.
1075 3897 1514 3953 Man.Cren.-1nPrlnc.et

219 3972 325 4025 Berald.
346 3992 393 4043 pro
413 3979 547 4024 sortiente
566 3989 605 4025 est
625 3977 768 4026 sentiente.

293 4048 360 4100 titt.
384 4047 496 4118 Totum]
518 4046 733 4102 remetiente
754 4044 813 4100 Ali.
832 4047 899 4101 Lod.
919 4074 957 4087 -
973 4045 1011 4098 Et
1029 4055 1117 4098 tatum
1137 4050 1231 4101 ceteri.

295 4125 336 4177 16.
357 4122 397 4172 ad
412 4121 591 4193 sententiam]
613 4121 819 4173 adolescendarn
840 4123 931 4174 Prius.

292 4195 360 4248 lbid.
377 4197 591 4267 proferendam]
614 4198 703 4249 l'sinc.
723 4196 827 4248 Berald.
842 4196 899 4250 ato.
914 4192 980 4248 Lod.
1002 4223 1032 4235 -
1046 4192 1198 4264 serendam
1212 4196 1305 4246 ceteri.
1325 4190 1405 4246 Conl.
1425 4212 1451 4265 p.
1471 4199 1515 4252 81.

217 4269 282 4323 lint.
301 4272 340 4322 ad
356 4274 468 4322 venales
485 4276 639 4322 sententias
654 4270 851 4340 prolirendas.

294 4345 364 4398 thid.
383 4365 442 4396 erim
460 4363 571 4396 caussam
591 4348 655 4412 ceu]
682 4350 753 4396 llaec
773 4347 852 4396 verba
874 4348 901 4395 in
920 4342 994 4415 Lugd
1025 4342 1088 4394 ttos.
1110 4342 1185 4393 Man.
1206 4342 1287 4394 Creo.
1311 4356 1337 4392 et
1358 4358 1424 4413 seqq
1452 4344 1514 4392 rinei

217 4419 313 4473 scholii
334 4425 443 4473 initium
458 4420 596 4480 efficiunt,
616 4423 763 4490 paraemiasa
777 4417 918 4470 lemmate:
939 4419 1022 4486 Quem
1037 4423 1180 4484 iricogntta
1194 4433 1278 4466 casira
1291 4416 1515 4466 condemnarent.

292 4499 335 4550 17.
354 4494 505 4562 Falculam]
516 4494 687 4546 Faleucnlam
698 4495 760 4546 Hos.
770 4493 849 4546 Crem
883 4498 924 4546 ill.
934 4494 1072 4558 Staienus]
1088 4491 1132 4543 Sic
1146 4495 1254 4562 scripsi.
1268 4519 1297 4530 -
1310 4488 1515 4542 StalenusEdd.

291 4575 337 4623 20.
354 4574 383 4619 iu
403 4569 565 4621 Cluentiano
585 4569 723 4638 oratione]
751 4584 810 4639 cap.
832 4570 874 4624 24.
895 4584 952 4637 seq.

289 4648 333 4698 21.
352 4641 457 4695 Dexi.
483 4642 515 4696 C.
534 4643 626 4709 Aelio]
648 4643 713 4696 llot.
731 4645 811 4695 Creu.
831 4672 864 4684 -
883 4659 954 4692 cecc.
975 4639 1005 4692 C.
1024 4639 1230 4704 ceciliaPrine.
1248 4634 1354 4690 Berald.
1369 4637 1429 4690 bid.
1445 4634 1512 4690 Lod.

215 4741 251 4756 -
271 4715 331 4768 DC.
351 4719 382 4770 C.
402 4719 481 4767 Aelio
507 4715 594 4788 bugd.
620 4717 696 4769 Mea.
724 4746 761 4760 —
790 4716 854 4782 „Ex
879 4719 1002 4767 oratione
1030 4730 1077 4784 pro
1104 4708 1230 4764 Cluentio
1258 4711 1295 4782 [p.
1320 4713 1378 4779 69.]
1405 4715 1513 4767 restitui

214 4768 348 4845 DCKU’
373 4789 458 4845 ssot.
875 4795 920 4846 22.
939 4790 1065 4854 Staieno]
1094 4787 1130 4842 Ut
1151 4803 1239 4861 supr&
