3210 5280
233 220 292 282 tuo
667 221 1096 290 estimo-Asconius
1114 221 1118 227 ’

307 364 475 446 Vosrum]
518 363 673 441 Acutum,
704 365 862 428 callidum.
914 402 918 409 -

315 461 359 532 (§.
385 458 473 534 ιιι.)
496 462 598 541 Quod
616 470 663 524 est
691 460 798 541 igitur
821 455 1025 521 remedium?
1044 453 1174 538 quodi]
1218 451 1347 537 Repetit
1369 455 1479 538 quod,
1504 464 1540 517 ut

231 548 432 611 deliberantis
454 550 614 613 eun'etstio
637 551 779 612 rideatur
801 546 903 609 inesse
925 547 1030 609 verbis
1052 547 1131 610 eius.

310 642 347 702 in
368 641 461 704 bonis
475 644 653 724 praedibus
667 640 880 723 praediisque
894 638 1084 711 vendundis]
1122 639 1215 702 Bana
1226 641 1368 721 praedia
1387 641 1540 704 dicuntur

205 732 313 792 ibone
340 733 592 797 satistlntionibus
619 731 777 806 obnoxia,
813 730 880 791 sive
909 729 970 790 sint
996 730 1025 790 in
1056 729 1234 810 mancipiis,
1258 731 1326 794 sive
1351 730 1544 816 in'peeuoia

233 837 412 886 numerata:
445 828 588 910 praedio
615 847 693 890 vero
719 828 848 896 domus,
883 819 965 903 agri.
1021 822 1113 883 Haec
1146 823 1249 886 omnia
1279 826 1476 900 venduntur,
1513 826 1541 888 si

232 916 347 979 rationi
375 919 519 998 publicae
545 920 670 983 iocatur
697 928 853 980 sartorum
876 924 1030 975 tectorum
1054 934 1116 977 uon
1141 917 1354 997 responderit.
1398 921 1450 984 Ad
1475 921 1541 982 hoc

230 1020 330 1070 ιιιιιιιι
353 1011 429 1071 haee
451 1011 555 1074 omnia
575 1025 648 1074 suut
673 1008 830 1081 obnoxia,
856 1017 889 1068 ut
911 1027 971 1087 pro
994 1026 1048 1068 sun
1076 1007 1236 1071 voluntate
1258 1023 1332 1093 agat
1353 1014 1539 1093 redemptor

230 1100 355 1181 operis,
380 1104 528 1186 mticquid
552 1126 610 1169 suo
633 1104 774 1191 periculo
795 1100 884 1163 iacit.
929 1101 980 1162 Tu
1003 1110 1123 1175 ssiteta,
1148 1103 1288 1178 Verres,
1312 1125 1382 1166 oum
1406 1125 1468 1187 ego
1491 1106 1540 1168 eei

94 1204 96 1209 ·
187 1195 372 1276 topubiiene
397 1199 452 1258 sim
477 1198 652 1272 obnoxius,
677 1209 707 1259 et
733 1196 920 1277 praedibus,
944 1192 976 1255 id
1001 1201 1067 1266 est,
1092 1192 1329 1258 fideiussoribus
1349 1208 1381 1259 et
1401 1198 1538 1278 praediis

235 1288 409 1369 oppositis,
434 1300 468 1353 tu
485 1290 559 1354 mihi
575 1312 637 1354 nou
653 1303 786 1353 exactor
802 1288 843 1351 sis
858 1285 985 1368 operis,
1008 1288 1064 1348 sed
1079 1286 1222 1350 domiuus
1238 1290 1408 1352 voluntatis
1424 1289 1538 1351 eneae?

313 1380 356 1444 Ut
384 1387 513 1464 optima
537 1383 726 1446 conditione
746 1380 802 1459 sit]
846 1380 898 1442 Ad
921 1380 999 1453 hoo,
1022 1377 1140 1460 inquit,
1164 1380 1329 1448 adstrictus
1349 1385 1537 1462 redemptos

171 1475 352 1534 [⁷⁸itenetut·
376 1474 422 1535 rei
450 1474 612 1554 publicae,
638 1485 671 1536 ut
693 1475 810 1556 optima
826 1472 1024 1546 conditione,
1047 1474 1235 1556 quodvult,
1260 1477 1298 1536 de
1317 1476 1536 1556 redemptione

229 1586 284 1627 sua
306 1576 392 1649 eget.
436 1567 479 1631 Et
507 1577 541 1629 tu
567 1587 637 1629 eum
663 1568 819 1643 excludis,
854 1587 944 1651 quem
967 1567 1068 1628 solum
1098 1567 1217 1630 admitti
1245 1567 1406 1648 oportuit,
1441 1578 1475 1629 ut
1497 1571 1537 1629 ad

70 1676 73 1682 ·
187 1658 293 1720 ¹⁶erius
321 1660 483 1739 pecuniam
519 1680 555 1722 ae
583 1671 740 1742 sumptum
770 1660 894 1743 operis,
929 1679 1020 1743 quem
1051 1657 1097 1721 ilii
1129 1660 1337 1742 imputaturus
1369 1681 1421 1738 es,
1457 1662 1536 1723 alius

228 1753 549 1925 accediithpraediiias
569 1855 602 1908 et
621 1845 781 1926 praediis]
825 1847 967 1909 Praedia
989 1853 1062 1905 sunt
1092 1864 1144 1906 tes
1170 1814 1275 1924 ipsae,
1313 1847 1453 1927 praedes
1475 1846 1537 1908 ho-

227 1934 344 2042 miues,
368 1936 478 2014 idest,
501 1936 719 2013 fideiussores,
736 1956 870 2020 quotum
884 1957 935 1998 ιιι
956 1935 1045 1997 borea
1064 1937 1207 2016 praedia
1222 1937 1313 2016 [uon]
1329 1957 1392 2001 uuo
1408 1937 1534 2000 nomine

184 2031 442 2204 ‘²⁰dmuni'iipum
465 2129 606 2184 cautam
626 2117 687 2198 est]
731 2117 868 2183 Aerario
890 2117 1023 2181 seilicet.

311 2217 357 2287 i§.
382 2212 469 2290 tit.)
493 2213 714 2295 Corriguntur
735 2214 825 2294 leges
847 2215 1032 2276 censoriae.
1075 2212 1166 2291 Quid
1184 2213 1295 2278 enim?
1314 2212 1431 2293 Video]
1475 2211 1536 2280 Ei-

226 2309 368 2394 ρωνικῶς
378 2305 671 2388 pronunciandum.

320 2457 347 2503 ι.
365 2446 479 2498 scilicet.
518 2437 654 2515 Vafritm.
693 2447 824 2512 Acutum]
862 2445 909 2498 Sic
928 2448 1034 2515 scripsi.
1062 2467 1098 2484 -·
1125 2461 1148 2497 s.
1167 2442 1291 2514 fabrum
1309 2454 1419 2498 actuum
1439 2450 1532 2502 Ptine.

227 2521 333 2578 Berald.
345 2551 382 2563 —
394 2540 417 2574 s.
423 2520 524 2593 fabro.
549 2524 667 2572 Acutum
680 2518 741 2573 Ald.
754 2549 791 2561 —
803 2520 908 2571 seilicet
920 2520 936 2555 *
943 2517 1034 2591 sabra
1047 2527 1157 2570 aetatum
1176 2516 1244 2571 Lod.
1258 2547 1295 2562 -
1311 2523 1418 2573 scilicet
1429 2520 1535 2592 fabro.

226 2598 460 2666 Veteratarium.]
483 2601 601 2648 Acutum
621 2594 705 2666 Lugii.
726 2595 790 2647 Hot.
811 2595 887 2646 Mun.
903 2594 984 2646 Creu.
1005 2622 1036 2635 -
1058 2633 1073 2662 „
1086 2593 1154 2646 illud
1169 2593 1287 2660 fabrtsm
1303 2595 1376 2647 nihil
1395 2613 1438 2650 ιιι
1458 2597 1534 2650 atiud

226 2688 306 2744 quatu
334 2669 452 2741 vafrum
477 2686 589 2743 psopter
614 2669 807 2723 Germanicum
834 2667 1028 2740 pronuntiandi
1055 2673 1190 2720 tationem
1215 2685 1391 2742 corruptum:
1421 2675 1451 2723 io
1471 2671 1533 2725 eod.

226 2746 383 2820 Huydecop.
413 2750 491 2813 [item
519 2750 546 2798 ia
573 2746 685 2816 Legem.
711 2747 735 2799 5.
762 2748 806 2801 27.
834 2748 879 2800 29.
904 2743 961 2811 ltu]
989 2760 1037 2816 pto
1064 2752 1164 2794 tectum
1183 2759 1223 2795 est
1242 2762 1348 2797 verum.
1386 2746 1462 2810 Fuit,
1502 2751 1533 2799 ni

226 2819 322 2888 nitor,
342 2826 370 2871 in
391 2824 546 2893 interpretis
566 2819 675 2872 codice:
703 2816 774 2870 nilsii
788 2819 824 2869 ab
842 2824 898 2870 isto
916 2819 1049 2890 vafrum,
1075 2816 1147 2868 nihii
1161 2824 1364 2871 veteratorium
1383 2829 1534 2892 exspecta-

224 2895 354 2950 veritis.''
373 2895 486 2948 MADV.

318 2979 345 3028 2.
364 2970 457 3040 qitod?
475 2969 584 3040 Repetit
602 2968 690 3041 quad,
708 2970 750 3035 ιιι]
777 2967 859 3038 Quod
876 2971 995 3038 repetit,
1015 2974 1048 3016 ut
1066 2963 1127 3021 Διά.
1211 3024 1213 3028 Ι

318 3051 345 3104 5.
365 3046 543 3096 deliberantis
562 3047 714 3112 cunctatio]
743 3042 905 3094 deturansis
924 3046 1069 3093 cunctatio
1087 3040 1179 3094 Ptine.
1243 3051 1245 3055 “

317 3121 346 3176 lt.
364 3119 529 3186 vendundis]
550 3119 701 3170 vendendis
720 3119 798 3171 editt.
817 3121 974 3182 (ὶῑιιιοιιιι,
1000 3113 1087 3167 torma
1108 3119 1198 3168 minus
1219 3129 1281 3188 apte
1299 3112 1436 3171 termulae
1456 3118 1534 3172 iaris.

315 3199 344 3252 6.
364 3195 439 3245 Haec
459 3197 562 3261 omnia]
592 3194 669 3245 llaec
688 3201 780 3244 autem
799 3198 891 3244 omnia
910 3190 977 3245 toi.

317 3275 342 3328 7.
362 3272 509 3336 tectorum]
537 3285 592 3321 oat.
613 3266 698 3342 Lugd.
717 3268 794 3322 Mau.

315 3351 342 3403 8.
362 3352 453 3394 autem
472 3341 553 3413 doec]
582 3342 648 3395 Lod.
668 3357 695 3395 et
715 3360 788 3415 seqq.
809 3333 845 3384 '-
863 3349 957 3392 atatem
977 3348 1044 3392 ante
1062 3338 1129 3392 iaec
1150 3342 1263 3410 priores.

299 3425 343 3474 ιο.
363 3417 557 3487 reipublicae]
590 3419 636 3471 Sic
663 3421 695 3483 (i.
715 3435 739 3470 e.
759 3417 791 3469 it.
810 3414 854 3488 Ρ.)
882 3417 973 3470 Ptine.
994 3414 1101 3473 Beraid.
1126 3412 1193 3467 Lod.
1218 3411 1530 3467 -1t0.1³0.eti.-

218 3496 321 3563 populo
339 3491 462 3543 Romano
484 3494 568 3563 Lugd.
588 3493 653 3545 ssot.
672 3492 749 3546 Man.
770 3492 851 3543 cren.

299 3579 341 3625 ιι.
361 3569 504 3637 oppositis]
538 3566 649 3619 Schutz.
674 3571 866 3635 -‘appositis
883 3568 1000 3638 priores.
1029 3591 1065 3603 -
1093 3561 1184 3634 „Lep
1201 3567 1343 3632 oppositis.
1381 3561 1529 3633 opponere

220 3645 294 3700 euim
313 3658 516 3712 nonnumquam
539 3658 581 3694 ιιι
601 3646 708 3714 pignori
735 3640 797 3692 dare
817 3639 889 3712 opud
912 3636 1048 3691 cicuitum
1074 3653 1100 3690 ιι
1120 3637 1216 3690 aliot.”
1243 3637 1377 3690 Guittv,

296 3723 340 3774 12.
359 3718 516 3785 voluntatis
534 3717 630 3767 meae?
659 3717 698 3767 Ut
723 3718 792 3785 opt.]
822 3715 889 3767 Lod.
915 3742 950 3756 -
974 3712 1138 3764 voluntatis.
1163 3729 1206 3765 nse
1230 3719 1323 3762 autem
1346 3717 1405 3780 opt.
1431 3711 1526 3762 Ptine.

220 3790 327 3854 Benld.
355 3816 389 3832 -
417 3791 582 3843 voluntaris.
608 3807 642 3840 ue
660 3799 753 3841 aretem
772 3798 829 3860 opt.
849 3779 910 3842 diti.
938 3816 976 3831 -
1001 3787 1175 3839 voluntatis?
1207 3787 1246 3837 Ut
1265 3793 1322 3855 opt.
1352 3783 1439 3856 Lugd.
1459 3786 1526 3838 Ηοι.

218 3864 297 3919 Meo.
316 3866 397 3920 Creu.

293 3946 336 3999 ιδ.
356 3947 399 3991 rei
413 3941 548 4012 prdiicae]
583 3939 629 3992 Sic
649 3937 686 4013 (r.
703 3946 744 4008 p.)
764 3939 856 3993 Petne.
874 3933 982 3990 Bmld.
1002 3934 1059 3988 ud.
1079 3963 1116 3977 —
1134 3933 1184 3990 iio.
1204 3934 1253 3988 Pa.
1279 3932 1340 3988 eti.
1365 3960 1402 3975 -
1422 3932 1528 4003 populo

217 4009 340 4066 Romano
361 4015 446 4088 Lugd.
467 4018 531 4071 Hot.
551 4015 627 4067 Mea.
648 4015 730 4067 Oreo.

292 4093 334 4146 ιι.
354 4094 428 4159 ιιιιιι]
447 4090 508 4144 eid.
526 4106 553 4143 et
573 4107 648 4161 seqq.
666 4118 704 4131 -
723 4105 782 4139 cum
803 4088 893 4140 Ptine.
913 4080 1018 4139 Bereld.

288 4161 360 4220 lbid.
380 4169 423 4233 ut]
445 4165 505 4218 nid.
524 4180 550 4218 et
570 4183 644 4236 seqq.
674 4192 710 4205 -
738 4170 766 4212 et
785 4162 876 4214 Ptine.
897 4157 1007 4212 Bertld.

289 4243 334 4296 15,
354 4246 539 4311 imputaturus
551 4244 592 4307 es]
605 4245 791 4310 imperaturus
804 4252 833 4284 es
846 4237 910 4288 Hot.
923 4236 1006 4288 Creu.
1029 4230 1151 4302 „Vetus⁸
1165 4234 1350 4301 imputaturus
1361 4228 1419 4282 es.”
1433 4229 1524 4283 ΗΟΤ.

288 4319 408 4372 17-19.
428 4317 487 4368 Huc
507 4315 633 4369 scholion
653 4315 775 4384 sequenti
797 4313 980 4382 postpositum
1000 4322 1042 4361 est
1062 4313 1089 4360 in
1110 4307 1201 4359 Ptine.
1220 4302 1326 4358 Bes-ald.
1345 4302 1492 4360 RidLod.

288 4393 333 4444 ¹7.
354 4389 404 4458 lit]
425 4408 480 4442 om.
501 4380 586 4461 Lugd.
606 4391 668 4441 Hot.
689 4387 766 4438 Mun.
785 4387 866 4438 Creo.
886 4399 949 4436 cum
969 4382 1029 4436 edd.
1050 4383 1203 4435 Ciceronis.

287 4465 331 4519 18.
350 4468 417 4531 non]
439 4483 509 4516 ntsnc
530 4461 597 4517 Lod.
616 4493 651 4506 ·-
671 4479 727 4514 out.
748 4460 812 4512 Hot.
832 4459 913 4511 Creu.

283 4543 328 4592 21.
349 4544 503 4607 censoriae]
529 4542 650 4591 censorie
670 4537 760 4588 Ptine.
781 4532 840 4589 Διά.
861 4531 947 4605 Lugd.
968 4532 1046 4586 Man.

285 4618 330 4665 22.
350 4614 425 4683 Quid
441 4614 533 4664 enim?
559 4612 658 4665 Video.
696 4610 879 4684 ιὶιρωνικῶς]
916 4607 962 4659 Sic
987 4609 1095 4677 scripti.
1124 4632 1160 4646 -
1185 4601 1252 4674 quid
1274 4606 1346 4652 enirn
1371 4605 1438 4670 quia
1461 4616 1521 4650 non

207 4679 347 4737 hironicos
366 4691 456 4741 Ptine.
477 4685 582 4742 Betsld.
602 4716 638 4729 -
656 4684 751 4755 QUID
771 4681 878 4734 ENIM
894 4687 957 4752 quio
976 4697 1031 4732 non
1049 4685 1170 4730 ironicos
1190 4677 1251 4732 aid.
1271 4705 1306 4720 -
1324 4675 1392 4746 quid
1409 4675 1521 4744 enimi]

207 4756 333 4812 ironicds
350 4761 418 4815 Lod.
438 4791 475 4807 -
493 4761 566 4835 queod
583 4765 655 4812 enim
673 4755 776 4826 videa]
802 4757 869 4808 Nou
886 4757 1047 4836 εἰρωνικῶς
1067 4752 1153 4826 Lugd.
1172 4751 1237 4806 liot.
1257 4752 1335 4805 Μιιι.
1355 4750 1438 4804 Creo.
