3210 5280
231 217 292 280 too
323 233 326 236 ·
672 213 1098 284 Pseuno-ascoutus

228 365 362 420 rnutota
381 358 552 422 voluntale
575 357 624 420 od
642 353 875 421 accusandum
896 352 1136 418 descenderim:
1162 363 1260 437 quare
1282 348 1371 414 multi
1383 362 1455 415 ‘non
1482 353 1540 417 de·

227 452 410 517 scenderim
431 456 559 539 legunt,
582 455 637 516 scd
658 451 859 518 descendere.

310 543 436 609 Eorum
457 550 519 631 qui
544 546 678 625 adsunt]
702 544 863 609 Coronam
876 539 986 623 populi
1001 538 1076 601 dicit
1092 538 1211 602 circum
1226 538 1374 601 subsellia
1391 547 1537 599 stantem.

311 638 349 698 ln
370 642 482 700 causis
503 635 704 719 iudiciisque
727 624 899 717 publicis]
943 634 1009 696 lam
1038 634 1100 697 hoc
1125 643 1236 695 contra
1270 630 1441 695 Caecilium
1468 642 1535 704 est,

202 727 282 812 iqui
303 750 459 811 nunquam
486 727 533 788 sui
556 726 727 807 periculum
745 724 834 786 lecit.

311 822 426 884 Causis
459 820 665 903 iudiciisque,
679 818 840 900 publicis]
884 817 1008 882 Causae
1028 815 1118 880 etism
1140 816 1283 899 privatae
1300 829 1389 890 sunt;
1412 818 1469 879 sed
1485 837 1539 878 re·

225 916 450 996 potandarum,
487 911 638 1016 antonus,
673 911 843 974 maiestatis
872 921 902 974 et
930 914 1074 974 &reterre
1104 909 1151 972 rei
1179 908 1324 991 publicae
1344 930 1436 971 causa
1460 930 1538 971 con-

227 1006 352 1069 stitutae
374 1018 459 1071 suot.

311 1098 385 1162 Una
407 1107 439 1162 et
460 1097 515 1174 id,
536 1096 632 1181 quod
641 1097 766 1177 socio,
796 1095 966 1176 probabit]
1010 1095 1199 1179 Principalis
1218 1095 1330 1158 divisio
1353 1095 1443 1158 husius
1459 1115 1535 1157 cau·

184 1207 278 1256 tusae
300 1191 446 1272 bipartita
470 1201 535 1267 est,
575 1202 679 1254 utrum
707 1200 793 1251 recte
820 1188 937 1253 Cicero
960 1202 1105 1264 accuset,
1144 1200 1175 1250 et
1197 1199 1300 1250 utrum
1325 1187 1466 1251 Caecilio
1493 1188 1535 1248 sit

225 1287 473 1367 anteponendus.

308 1378 358 1456 (§·
383 1377 439 1455 2.)
482 1380 564 1442 Cum
594 1376 767 1461 quaestor]
811 1375 1031 1440 Narrationcm
1044 1374 1073 1435 in
1090 1372 1224 1438 exorffio
1240 1372 1326 1435 msslti
1337 1373 1532 1436 admirantur

224 1472 327 1546 †ltac
348 1471 610 1552 reprehensione,
644 1472 699 1531 sed
720 1491 783 1532 non
804 1475 903 1532 recte.
961 1472 1021 1533 Est
1046 1468 1126 1531 cuins
1151 1467 1370 1550 argssusentalis
1393 1466 1531 1529 narratio

225 1566 264 1626 ad
284 1563 428 1644 priorem
439 1561 642 1636 diuisionem,
666 1560 696 1624 in
716 1584 778 1644 qua
799 1564 979 1646 quaeritur,
1003 1584 1041 1624 on
1060 1572 1146 1624 recte
1167 1558 1282 1624 Cicero
1301 1581 1341 1622 ex
1361 1559 1531 1622 defensore

182 1675 212 1724 ts
225 1669 391 1721 accensator
412 1657 542 1720 effectas
563 1655 617 1718 sit.
1286 1710 1289 1715 .

303 1749 431 1812 Siculis
464 1747 629 1828 omnibus]
673 1747 837 1813 Oratorie.
881 1747 961 1811 Cum
990 1746 1071 1810 enirn
1102 1766 1119 1808 a
1152 1747 1275 1809 duobus
1309 1745 1531 1828 quaestoribus

224 1835 330 1901 Sicilia
361 1841 430 1924 regi
456 1842 575 1915 soleat,
614 1864 676 1906 uno
706 1843 933 1923 Lilybaetana,
973 1840 1073 1902 altero
1105 1839 1321 1919 Syracusano,
1357 1837 1427 1918 ipse
1452 1858 1531 1900 vero

222 1931 448 2010 Lilybaetanus
471 1946 621 2016 quaestor
640 1934 734 1998 luerit
747 1937 823 1999 Sex.
839 1937 1008 1999 Peducaeo
1030 1944 1199 2015 praetore,
1224 1931 1482 2010 omnibus-tamen
1497 1950 1532 1991 se

222 2023 378 2105 placuisse
400 2025 491 2090 dixit.
1101 2094 1104 2099 .
1188 2019 1191 2023 ’

104 2119 107 2124 ’
179 2131 211 2180 ab
305 2118 472 2183 Veteribus
496 2122 649 2200 patronis
681 2122 811 2202 multis]
854 2118 954 2185 Siculi
987 2130 1109 2182 veteres
1142 2127 1296 2200 patronos
1328 2117 1462 2189 habent3
1498 2115 1531 2178 in

223 2207 335 2292 quibus
355 2208 530 2272 Marcellos
551 2232 568 2273 a
592 2212 645 2275 M.
669 2213 829 2280 Marcello
849 2226 962 2287 ortos,
997 2212 1052 2295 qui
1073 2214 1242 2290 Syracusas
1268 2208 1532 2272 victor‘secsavit

220 2300 415 2376 incolumen
438 2303 620 2385 Scipiones,
649 2329 783 2391 quorum
805 2320 919 2371 auctor
941 2308 982 2370 Ρ.
1006 2304 1114 2386 Scipio
1137 2304 1307 2367 Africanus
1328 2301 1530 2385 ,Cartbagine

178 2393 327 2462 {tlexcisa
352 2394 475 2459 Siciliae
498 2411 677 2462 ornamenta
700 2401 808 2465 retulit
823 2423 895 2477 stra,
920 2400 1034 2480 quibus
1054 2400 1242 2481 quondama
1264 2395 1381 2459 Poenis
1399 2394 1531 2469 victorif

221 2487 281 2551 bus
303 2487 438 2567 spoliata
461 2500 546 2562 erat;
569 2491 713 2568 Metelli,
739 2515 875 2578 quorum
889 2492 1004 2557 familia
1024 2491 1168 2572 proxime
1191 2488 1303 2552 Siculis
1318 2486 1529 2569 patrocinium

178 2592 210 2641 2⁵
220 2580 385 2661 praebuit,
425 2602 494 2643 cum
516 2580 612 2646 suerit
632 2585 775 2666 Lepidus
804 2587 835 2649 in
857 2606 892 2649 ea
913 2584 1076 2667 provincia
1098 2594 1246 2665 praetor,
1283 2580 1469 2644 instantibus
1490 2582 1530 2642 ad

220 2675 424 2736 accusandum
447 2693 517 2737 eum
535 2675 678 2740 Metellis
700 2680 840 2756 duobus,
863 2677 980 2744 Celere
1002 2687 1033 2740 et
1055 2678 1195 2759 Nepote.

279 2766 473 2920 dIl'opuloti
505 2774 608 2850 atque
632 2764 763 2853 vexata]
802 2772 967 2853 Populati
1001 2770 1159 2847 avaritia,
1194 2767 1309 2833 vexati
1339 2765 1468 2830 libidine
1497 2774 1530 2827 et

220 2869 277 2918 cru
300 2867 418 2921 estate.

224 3025 228 3033 ,
305 2950 436 3030 Cuncta]
479 2948 579 3013 Simul
601 2972 728 3031 omues,
751 2952 841 3039 quasi
862 2953 1032 3021 coniuncti.

231 3138 1530 3174 w..-

311 3279 375 3336 bet
395 3283 422 3337 5.
453 3279 585 3335 Scholion
611 3281 666 3336 laos
693 3282 808 3338 totidem
833 3284 923 3349 verbis
953 3301 1021 3359 qnos
1046 3284 1220 3339 exhibuimus
1244 3284 1361 3358 legitor,
1386 3283 1434 3338 sed
1456 3284 1529 3338 inira

221 3353 262 3421 (b.
282 3356 322 3418 2.)
342 3359 414 3407 intes
433 3354 480 3407 illa
500 3356 598 3409 Cuncti
616 3373 670 3413 cet.
689 3374 717 3412 et
736 3359 856 3412 Causam
875 3360 1114 3432 defensionemque
1139 3377 1193 3417 ces.
1220 3365 1358 3433 positum,
1384 3365 1414 3413 ln
1431 3360 1527 3414 Prius.

219 3424 326 3481 Beraltl.
347 3427 407 3483 ΔΜ.
423 3429 491 3483 Lod.
505 3431 590 3505 Luqd.
604 3436 681 3488 Mon.
700 3462 735 3479 -
756 3437 925 3489 Hotomanus
939 3453 1017 3502 sero,
1039 3429 1153 3489 Crenltas
1173 3451 1200 3488 st
1220 3451 1295 3507 seqq.
1313 3444 1380 3487 ostra
1399 3450 1529 3506 sequente

219 3504 258 3552 ita
279 3507 439 3560 iunxerunt:
471 3504 572 3558 Carsais
594 3507 754 3580 indiciisque
774 3510 905 3583 posttea]
936 3511 997 3564 Iam
1022 3509 1073 3565 laos
1096 3529 1122 3564 o.
1144 3511 1176 3564 0.
1204 3517 1247 3561 est
1264 3528 1290 3580 q.
1309 3526 1338 3563 tt.
1357 3524 1382 3566 8·
1396 3510 1528 3580 plecti·

220 3575 328 3629 Corseas
347 3588 466 3631 asstern
485 3586 570 3633 etiarn
589 3598 643 3636 cet.
916 3612 919 3617 ·
987 3584 995 3589 ’

313 3656 340 3709 7.
358 3661 484 3705 caeterae
504 3687 523 3699 -
540 3661 723 3726 constitutae]
743 3667 856 3712 caetera
875 3690 894 3704 -
912 3664 1061 3711 constitute
1080 3660 1173 3713 Prista.

295 3731 378 3784 12-
394 3733 437 3786 15.
464 3729 551 3784 llutos
576 3733 675 3786 scholii
700 3749 728 3787 et
754 3738 892 3806 sequentis
917 3732 994 3788 sedes
1016 3747 1171 3808 pertnatsss
1189 3747 1230 3787 est
1250 3737 1280 3787 tn
1297 3730 1428 3787 omnibns
1447 3728 1528 3788 editt.

220 3814 284 3855 onte
304 3802 476 3856 Crentsoasn.

294 3881 340 3933 12.
358 3877 536 3930 admirantur
553 3877 605 3932 lac
624 3879 844 3953 reprehensione]
864 3885 956 3939 Prino.
969 3880 1077 3937 uento.
1097 3881 1159 3937 Md.
1179 3881 1246 3935 Lod.
1265 3895 1404 3954 corrupte.
1425 3910 1456 3924 ·-
1478 3879 1530 3932 et-

219 3954 359 4002 astraatnr
376 3970 410 4004 ac
430 3953 633 4024 reprehendant
653 3955 737 4028 Lago.
765 3958 828 4011 llos.
855 3959 932 4013 Men.
956 3961 1037 4012 Creo.
1069 3988 1099 4000 -
1136 3959 1207 4011 Poto
1226 3954 1365 4010 suasorem
1384 3960 1529 4030 scripsisse

218 4025 396 4079 admirantur
415 4025 486 4081 bane
504 4048 566 4082 casas
584 4029 802 4102 reprehensione.

296 4104 340 4158 16.
359 4101 504 4172 Oratorie]
526 4108 571 4158 Sic
590 4110 644 4158 sori
665 4111 698 4159 si.
718 4136 754 4149 ·-
772 4107 906 4159 oslatorie
925 4108 1017 4159 Ptine.
1037 4135 1073 4149 —
1091 4106 1206 4158 elatorie
1225 4109 1320 4163 ceteri.

296 4180 339 4233 17.
360 4176 542 4248 Lilybaetana
561 4210 580 4222 -
598 4211 617 4223 -
635 4126 848 4253 lilybaetanus]
870 4180 931 4236 stt.
949 4196 976 4234 es
996 4198 1070 4253 seqq.
1090 4209 1125 4224 -
1143 4181 1281 4232 lilibitana
1299 4212 1319 4225 -
1337 4210 1356 4224 -
1374 4180 1530 4233 lilibitanae

188 4310 193 4333 Ι
219 4251 312 4306 Ptine.
332 4249 440 4322 abique.
459 4281 497 4296 -
515 4253 676 4325 Lilybitana
695 4285 714 4299 -
733 4287 752 4299 -
770 4255 949 4328 Lilybitanns
966 4255 1074 4309 Berald.

293 4330 330 4382 20
357 4324 470 4397 habent]
492 4331 584 4387 Prino.
605 4328 713 4384 Besald.
733 4329 792 4384 ΑΜ.
812 4358 849 4374 -
868 4330 1005 4382 habebant
1026 4327 1092 4384 Lod.
1112 4346 1138 4384 st
1157 4347 1233 4404 seqq.

293 4404 339 4456 21.
361 4401 512 4455 Marcellos
531 4437 548 4447 -
566 4435 585 4447 -
604 4407 696 4472 ortos]
729 4405 874 4459 Schotsias
899 4404 933 4458 de
953 4406 1087 4460 Gronovii
1112 4409 1185 4458 conl.
1222 4433 1261 4448 -
1295 4402 1453 4456 Marcellus
1470 4434 1490 4447 -
1507 4431 1527 4444 -

218 4480 299 4526 orins
316 4480 410 4530 aeteri.

295 4547 367 4602 lbtd.
386 4568 404 4601 a
415 4551 461 4605 Μ.
473 4551 627 4621 Marcello]
647 4553 800 4626 Legebssur
818 4573 836 4605 s
852 4553 1004 4618 Marcello,
1024 4558 1128 4607 omisso
1141 4556 1330 4627 praenomine.
1348 4547 1390 4604 Cf.
1401 4547 1435 4602 sd
1448 4550 1472 4616 §-
1482 4552 1527 4607 15.

293 4629 338 4681 25.
357 4642 417 4676 assas
429 4623 528 4697 suerit
545 4627 678 4698 Lepidus]
699 4630 788 4682 Prisc.
804 4629 913 4684 Besald.
934 4628 995 4683 Ald.
1014 4628 1082 4681 Lod.
1106 4657 1143 4672 -
1168 4645 1228 4683 sant
1239 4622 1306 4696 ftst't
1326 4643 1390 4678 retas
1408 4624 1529 4696 Lepidae

219 4693 307 4769 Lago.
327 4700 405 4754 Mau.
424 4728 461 4743 ·-
479 4719 540 4754 curas
549 4701 618 4773 snit
635 4720 700 4783 rens
718 4704 763 4759 M.
782 4703 900 4776 Lepidus
918 4704 983 4759 llos.
1001 4704 1083 4761 Creu.
