3210 5280
191 213 230 276 es
422 187 439 285 J
729 218 954 282 Asconius

190 352 361 426 Metellus,
389 373 471 415 aens
491 355 613 430 buius,
639 359 863 418 sanctissimos
884 357 960 418 deos
983 355 1045 415 illo
1068 357 1275 417 constituisse
1302 355 1482 433 intemplo

190 441 316 508 ridetur
339 445 372 503 in
392 452 495 504 vestro
518 454 717 524 conspectu,
739 446 882 520 iudices,
911 453 946 505 ut
966 444 1109 506 salutern
1130 465 1152 505 a
1173 443 1261 505 vobis
1282 446 1411 522 nepotis
1429 445 1485 505 sui

189 529 453 609 deprecarentur.
1396 540 1399 545 '

272 619 413 681 Castoris
435 631 466 681 et
488 619 628 683 Pollucis
652 622 796 702 ternplum
820 621 987 695 Metellus,
1019 640 1109 705 quern
1133 620 1289 693 nominat,
1313 619 1480 681 refecerat.

163 728 177 773 5
271 713 495 774 Latulavcrunt
516 715 665 775 Scaurum
688 716 866 777 consulares
889 734 1022 786 novem,
1048 713 1092 774 L.
1115 712 1210 786 Piso,
1235 714 1276 773 L.
1301 710 1480 785 Volcatius,

189 804 230 882 Q.
255 804 404 865 Metellus
426 806 553 887 chpos,
587 806 639 868 M.
671 807 858 887 Perpenna,
894 809 935 868 L.
965 805 1149 886 Philippus,
1180 806 1232 866 M.
1265 801 1400 875 Cicero,
1438 805 1482 882 Q.

118 894 395 974 {rssJHortcnsius,
435 898 477 960 P.
508 897 660 961 Servilius
693 899 849 962 Isauricus
881 910 987 978 pater,
1026 897 1088 961 Cu.
1122 897 1293 977 Pompeius
1328 899 1481 979 Magnus.

190 988 312 1048 Horum
337 1009 446 1072 inagna
467 1011 539 1071 pars
561 1011 618 1070 per
640 991 768 1054 tabellas
790 993 1013 1066 laudaverunt,
1043 991 1096 1075 qui
1117 994 1266 1053 aberant:
1299 989 1380 1050 inter
1401 1010 1482 1071 quos

188 1079 359 1160 Pompeius
381 1103 525 1166 quoque3
556 1105 623 1145 narn
647 1087 731 1167 quod
753 1097 820 1147 crat
840 1105 901 1166 pro
924 1085 1069 1158 consule,
1093 1095 1181 1145 extra
1204 1083 1312 1143 urbem
1336 1083 1482 1144 inaraba·

146 1181 250 1233 10tur.
295 1174 381 1237 Unus
404 1189 565 1256 practerea
586 1176 771 1242 adolescens
793 1178 946 1254 laureavit,
970 1177 1173 1253 fraterculo,
1198 1176 1333 1238 Faustus
1355 1173 1479 1237 Carue-

279 1482 303 1530 1.
323 1479 353 1525 in
372 1488 434 1526 aute
453 1476 552 1545 templo
571 1493 626 1532 om.
646 1475 707 1528 cod.
726 1478 808 1530 Taur.
827 1478 907 1548 Peyr.
930 1479 1015 1531 Beier.

277 1553 303 1602 2.
323 1554 431 1619 nepotis
447 1549 504 1618 sisi]
523 1557 615 1620 nepoti
633 1569 681 1601 suo
702 1550 762 1606 cod.
782 1552 896 1605 Tauria.
916 1551 1030 1622 Peyron.
1050 1551 1209 1604 Genitivnm
1228 1549 1356 1620 praetulit
1368 1550 1480 1602 Beierus

185 1622 249 1675 coll.
275 1623 358 1675 Verr.
386 1625 416 1676 V.
443 1626 493 1688 ²17,
520 1631 581 1683 125.
607 1623 625 1678 i.
642 1644 696 1695 pro
720 1625 753 1681 Ρ.
778 1627 856 1677 Sulla
875 1629 925 1692 26,
945 1631 989 1684 72.
1014 1625 1161 1677 multorum
1180 1624 1224 1676 tric
1242 1629 1332 1676 vitum
1350 1633 1392 1675 est
1410 1642 1430 1674 a
1448 1625 1480 1677 1..

185 1699 262 1750 Sulla
281 1697 471 1768 deprecentur.
1198 1748 1200 1752 .

277 1778 303 1832 6.
323 1771 547 1842 deprecarentur]
588 1770 672 1844 bugd.
699 1772 761 1825 Hor.
777 1774 864 1826 Mau.
890 1776 968 1826 Creu.
994 1802 1031 1815 -·
1059 1773 1291 1842 depraecarentur
1310 1769 1373 1825 cod.
1394 1770 1478 1823 Tuur.

185 1849 262 1918 Peyr.
302 1848 376 1914 „Per
400 1845 597 1919 diphthongum
623 1852 773 1918 scripturn,
803 1853 925 1916 quamvis
951 1852 1115 1920 corripiatur
1141 1851 1229 1917 prima
1247 1845 1364 1918 syllaba,
1396 1845 1479 1897 CUM

184 1921 441 1974 l'llrlECXTlONE
459 1921 558 1993 legitur
578 1920 712 1994 inlepide
734 1927 866 1994 inscripto
896 1925 927 1976 A.
948 1923 982 1975 U.
1001 1923 1032 1975 C.
1052 1923 1224 1974 DCLXXlV.
1250 1937 1293 1993 ap.
1315 1922 1426 1974 Gruter.
1445 1920 1477 1972 T.

187 2000 212 2049 1.
232 2015 259 2067 p.
282 1997 413 2050 XXXIX.
434 2014 460 2048 n.
480 1997 524 2052 5.'’
543 1995 660 2050 Bssieu.
678 2024 714 2036 -
732 1996 927 2064 deprecaretur
947 1998 1038 2049 Princ.
1059 1994 1163 2049 Berald.
1183 1994 1243 2049 AM.
1264 1994 1331 2048 Lod.

277 2071 303 2126 li.
322 2068 475 2140 refecerat]
495 2068 602 2123 Berald.
621 2070 688 2125 Lod.
707 2071 813 2137 Maius,
833 2069 860 2145 (c
879 2070 958 2125 codd.
977 2069 1071 2125 Ambe.
1091 2086 1120 2123 ut
1141 2066 1232 2143 puio.)
1251 2071 1340 2127 Beier.
1353 2098 1391 2113 -
1403 2067 1477 2140 refe-

184 2154 231 2196 rat
250 2147 340 2198 Ptine.
359 2167 395 2182 -
413 2141 515 2214 refecit
533 2148 625 2198 ceteri.

279 2222 304 2273 5.
324 2217 355 2270 1..
375 2219 534 2286 Volcatius]
556 2217 639 2290 Lugd.
658 2219 722 2273 Hot.
742 2219 817 2272 Mau.
833 2220 915 2273 Creu.
926 2248 961 2262 -
973 2220 1016 2272 M.
1031 2219 1063 2272 V
1060 2219 1097 2271 ol.
1110 2220 1201 2271 Princ.
1216 2217 1321 2272 Berald.
1337 2217 1397 2271 sid.
1412 2217 1478 2272 Lod.

274 2295 301 2350 6.
320 2293 364 2345 Μ.
385 2296 539 2363 Perpenno]
558 2295 602 2346 M.
622 2293 760 2363 Perperna
774 2295 849 2348 Man.
863 2294 958 2364 Sigon.
979 2295 1059 2362 ,Etsi
1080 2309 1141 2345 vera
1161 2308 1201 2347 est
1220 2293 1308 2345 lorma
1328 2292 1480 2363 Perperna,

100 2393 103 2400 ·
183 2366 211 2419 id
230 2365 302 2436 qnod
323 2368 449 2420 Manutio
468 2383 494 2421 et
520 2369 580 2421 aliis
606 2366 685 2420 lacile
709 2367 859 2436 credimus,
888 2385 976 2421 tamen
1003 2363 1145 2440 multiplex
1169 2385 1232 2421 usus
1277 2367 1381 2420 robaeit
1408 2370 1479 2420 banc

183 2441 336 2494 molliorem
355 2439 471 2495 formam
490 2459 553 2495 oum
572 2441 674 2514 duplici
694 2461 727 2507 n,
757 2460 837 2513 quam
864 2460 942 2515 saepe
969 2459 1061 2496 tenent
1081 2459 1107 2495 et
1126 2442 1191 2494 boni
1212 2387 1290 2494 colit.
1310 2459 1336 2494 et
1356 2440 1479 2513 lapidant

184 2515 273 2578 tituli,
294 2521 412 2587 ipsisque
431 2519 543 2572 Graecis
564 2516 665 2569 dicitur
684 2517 841 2589 plerumque
862 2515 1038 2595 Περπέννας.
1078 2518 1190 2587 Deque
1211 2518 1347 2569 consulari
1367 2516 1400 2571 ad
1422 2516 1480 2568 b.·l.

184 2591 338 2644 Manutius:
359 2592 479 2660 „Malim
499 2594 529 2644 L.
551 2593 680 2654 Murena,
699 2598 744 2662 qui
764 2593 859 2645 consul
877 2591 974 2644 luerat.
1012 2592 1080 2643 Nam
1099 2589 1133 2643 de
1152 2591 1263 2643 consule
1279 2595 1417 2663 Perpenna
1437 2592 1478 2642 ltis

182 2665 350 2735 temporibus
370 2666 442 2717 nulla
462 2666 594 2720 mentiost·
633 2666 662 2717 ld
683 2682 822 2719 secusest.
860 2667 900 2718 M.
915 2668 1053 2738 Perpenna
1067 2665 1163 2718 consul
1177 2665 1227 2718 luit
1242 2682 1305 2717 curu
1318 2667 1348 2717 C.
1363 2665 1479 2719 Claudio

183 2739 302 2791 l'ulcltro
323 2740 354 2792 Δ.
373 2741 407 2793 U.
427 2743 490 2798 662.
524 2745 624 2794 Cenem
643 2744 707 2798 668.
738 2741 802 2793 Vide
822 2742 949 2811 Pighium
969 2740 1001 2791 ad
1022 2756 1083 2792 ann.
1103 2743 1167 2798 661.
1185 2756 1212 2793 et
1232 2743 1295 2799 667.
1317 2740 1395 2792 Obiit
1416 2741 1478 2796 705.

182 2817 279 2865 aetatis
300 2829 372 2864 anno
391 2818 435 2874 93.
456 2817 487 2868 V.
508 2819 561 2869 Dio
580 2819 654 2868 Cass.
675 2815 747 2868 XLI.
775 2818 819 2872 tlt.
847 2832 910 2868 cum
936 2815 1070 2867 Fabricio.
1109 2816 1155 2868 Sic
1183 2814 1303 2867 redditur
1329 2831 1422 2866 rarum
1446 2824 1478 2866 ac

180 2886 303 2938 notabile
322 2888 402 2941 decus
423 2891 486 2942 huie
506 2889 624 2954 iudicio,
646 2908 727 2942 senex
746 2888 896 2943 consularis
917 2890 975 2960 plus
995 2905 1076 2960 quam
1096 2894 1309 2960 nonagenarius,
1337 2895 1384 2958 qui
1404 2906 1479 2940 reum

180 2961 300 3015 laudat.'’
328 2964 448 3016 HElNli.
485 2965 611 3017 Errorem
630 2982 708 3016 suum
727 2969 784 3034 ipse
803 2965 961 3029 Manutius,
988 2982 1072 3034 quum
1096 2963 1227 3033 secundas
1257 2968 1374 3015 Asconio
1400 2980 1478 3015 curas

182 3034 365 3108 impenderet,
379 3042 518 3109 agnovisse
532 3038 645 3092 videtur.
684 3038 763 3092 Abest
776 3044 850 3091 enim
863 3045 920 3092 slus
934 3045 1074 3091 annotatio
1088 3038 1121 3090 ad
1135 3041 1161 3090 h.
1175 3037 1195 3091 l.
1208 3038 1242 3089 ab
1255 3039 1375 3090 editione
1396 3053 1480 3110 postr.

256 3118 281 3168 7.
301 3111 450 3180 Isauricus]
473 3113 627 3164 bisarsricus
647 3115 740 3166 Priuc.
760 3113 865 3166 Berald.
954 3137 955 3141 ¹

255 3184 328 3240 lbid.
347 3188 443 3259 pater]
462 3186 547 3260 Lugd.
569 3191 632 3240 llot.
654 3189 729 3240 Man.
749 3189 829 3242 Creu.
850 3214 884 3230 -
900 3207 945 3259 pr.
967 3190 1057 3240 Princ.
1078 3185 1135 3240 stt.
1156 3186 1224 3241 Lod.
1243 3215 1279 3228 -
1298 3202 1351 3238 om.
1372 3185 1479 3240 Berald.

182 3289 216 3301 -
236 3261 393 3328 ,Servilius
405 3262 544 3314 leutericus
558 3264 615 3332 pn]
637 3261 682 3314 stc
702 3278 778 3314 ante:
803 3264 875 3334 Ego,
896 3261 1182 3336 Servittusguaurnns
1197 3269 1282 3331 pater
1301 3258 1334 3311 ad
1354 3260 1481 3313 dilleren-

181 3339 248 3386 tiam
269 3335 327 3387 tilii.
350 3352 379 3388 ut
399 3341 481 3388 etiam
502 3336 550 3391 lib.
574 3338 595 3389 l.
616 3337 649 3388 ed
664 3339 718 3390 Au.
756 3337 803 3388 ira
813 3338 929 3406 suetiam
950 3346 992 3387 est
1011 3355 1029 3385 a
1048 3337 1079 3388 P.
1099 3337 1218 3387 Servilio
1230 3333 1308 3406 filia.
1328 3351 1355 3387 et
1375 3335 1423 3388 lib.
1443 3337 1480 3387 ll.

180 3408 214 3460 ad
234 3412 269 3478 Q.
289 3406 418 3463 fratrem:
437 3411 611 3480 Carpebatur
630 3430 648 3461 a
667 3411 785 3464 Servilia
797 3409 872 3481 filio.
893 3428 919 3464 et
941 3413 990 3464 lll.
1011 3410 1043 3462 ad
1056 3410 1186 3462 eundem:
1208 3410 1237 3462 P.
1252 3411 1388 3460 Servilius
1397 3419 1479 3479 pater

179 3501 216 3533 ex
234 3485 338 3535 litteris
357 3500 408 3538 etc.
446 3485 578 3554 Loquitur
597 3500 686 3538 autem
708 3486 753 3538 hic
772 3484 805 3539 de
824 3486 1021 3539 consularibus.
1041 3490 1132 3556 itaque
1148 3503 1193 3555 pr.
1213 3483 1285 3556 quod
1303 3488 1373 3537 valet
1390 3503 1478 3555 prae·

179 3566 240 3626 tor,
260 3559 352 3610 locum
371 3576 427 3611 non
445 3559 555 3613 habet.”
584 3560 727 3613 Minor.

272 3638 298 3692 8.
318 3632 443 3701 tabellas]
475 3635 585 3685 tabulas
604 3636 667 3688 llot.
687 3635 768 3688 Cren.
794 3663 829 3677 —
859 3635 1008 3706 „Tabellas
1027 3634 1092 3685 hinc
1111 3633 1189 3703 plane
1209 3632 1365 3685 abhorrent.
1403 3635 1479 3685 Lau-

179 3705 255 3759 datio
274 3706 476 3778 quodammodo
495 3725 535 3762 est
556 3713 759 3775 testimoninm,
778 3724 805 3762 et
824 3709 857 3762 de
878 3713 1042 3763 testimoniis
1063 3708 1180 3775 Quintil.
1200 3709 1232 3760 V.
1249 3712 1274 3762 7.
1288 3726 1328 3778 pr.
1342 3707 1482 3774 dictentur,

178 3786 436 3910 titatiitii.
448 3784 649 3910 ‘tti‘“;..5'‘²
667 3786 904 3911 ⁰.l.'‘².‘.i‘lil⁶·i';
924 3785 1119 3910 ..ῗῆῗῇἒώ
1130 3780 1479 3910 v¹⁸¹².‘¹.l¹¹bl'‘'..‘⁸il.¹2{3

179 3932 398 3989 c.15.er16.‘’
431 3876 553 3986 Heluii
593 3876 677 3984 Vticei
697 3933 800 3983 tabella
819 3879 959 3985 etltblnda
977 3951 1032 3984 non
1053 3894 1194 4001 tantopere
1214 3874 1481 4004 tuteeiiugntfics-

179 4008 254 4056 tione
274 4003 422 4071 differunt,
442 4022 471 4059 ut
492 4024 546 4059 non
566 4007 649 4059 altera
670 4024 718 4078 pro
738 4007 824 4060 altera
844 4014 909 4080 poni
929 4012 1056 4077 potnerit.
1096 4007 1236 4058 Praeterea
1256 4005 1296 4057 illi
1317 4010 1370 4075 ipsi
1390 4010 1480 4076 Quin·

180 4078 270 4130 ciliani
305 4079 367 4132 loco
393 4083 440 4134 alii
466 4080 613 4134 decadem
640 4099 667 4133 re
688 4087 789 4155 opponi
810 4098 939 4154 possunt,
970 4086 1015 4151 qui
1042 4078 1236 4132 deminutivum
1265 4077 1383 4132 {ormam
1414 4085 1480 4133 satis

179 4151 343 4217 defendant:
363 4157 420 4208 Cic.
436 4157 518 4209 Tuto.
539 4159 571 4208 V.
592 4172 615 4209 c.
636 4161 679 4211 tt.
721 4156 763 4207 Tu
782 4158 889 4227 quidem
910 4155 1058 4209 tabellis
1077 4155 1234 4223 obsignatis
1252 4160 1318 4222 agis
1337 4173 1440 4205 ntecrtm
1452 4163 1481 4205 ct

177 4225 358 4298 testificaris,
377 4230 444 4300 quid
466 4231 585 4281 dixerim
611 4230 758 4298 aliquando
784 4241 834 4282 aret
852 4237 1016 4300 scripserim.
1056 4233 1145 4282 Tacit.
1166 4229 1229 4285 dial.
1249 4228 1282 4280 de
1302 4229 1434 4282 oratorib.
1454 4246 1480 4283 c.

177 4304 224 4361 36.
242 4319 302 4353 cum
321 4311 480 4357 testimonia
498 4323 598 4374 petoque
617 4311 646 4355 in
666 4304 775 4356 iudiciis
792 4324 847 4357 non
866 4306 992 4356 absentes
1010 4322 1058 4356 neo
1073 4322 1124 4373 per
1144 4303 1309 4356 tabellam
1328 4304 1412 4369 dare,
1432 4302 1484 4354 sed

177 4392 272 4426 eorum
290 4385 320 4427 et
336 4390 498 4447 praesentes
516 4379 607 4432 dicere
626 4389 800 4448 cogerentur.
839 4383 933 4451 ltaque
954 4384 1115 4432 retinuimus
1142 4379 1289 4431 lectionem
1315 4382 1479 4449 antiquissi-

177 4465 285 4502 marum
306 4451 467 4508 editionum.

250 4523 321 4578 lbid.
340 4530 399 4600 put]
431 4533 522 4586 Priuo.
542 4526 647 4580 berald.
669 4526 728 4582 Ald.
748 4528 815 4580 Lod.
835 4557 870 4570 -
888 4535 951 4597 qru'a
972 4527 1056 4600 Lngd.
1077 4528 1140 4580 llot.
1162 4528 1238 4579 Mau.
1258 4528 1337 4580 Creu.
1357 4541 1384 4579 et
1405 4544 1480 4598 seqq.

177 4612 284 4668 praeter
304 4601 421 4656 Maium.
446 4633 482 4647 -
510 4602 601 4673 ,sins
622 4619 699 4672 prou.
719 4604 860 4655 relativum
881 4603 1003 4674 adiungit
1023 4602 1248 4674 explicationem,
1277 4617 1329 4672 qua
1350 4605 1388 4653 rei
1410 4607 1481 4653 ratio

177 4670 321 4740 reddatur,
350 4695 376 4730 st
403 4695 493 4750 potest
517 4682 584 4731 baec
613 4683 750 4748 appositio
770 4678 864 4732 eodem
886 4677 966 4729 ruodo
987 4675 1080 4730 reterri
1101 4675 1134 4726 ad
1154 4677 1318 4746 singularem
1340 4693 1481 4730 numerum

179 4745 313 4803 cossectiri
334 4770 437 4822 niagno
453 4772 538 4824 pars,
559 4769 611 4822 quo
633 4757 721 4823 ipsum
742 4753 853 4807 verbum
873 4752 976 4825 plurale
995 4751 1207 4808 trstsdaucrunt.n
1236 4751 1354 4804 euleu.
