3210 5280
172 209 235 272 351
593 213 798 281 SCHOLlA
822 215 1076 281 Bosstttnstn

171 349 317 413 finissent.
377 351 468 431 Quae
499 375 594 436 quum
632 355 757 421 Licinio
791 355 929 420 Archiae
962 360 1002 419 ad
1034 355 1237 421 obtinendum
1274 357 1323 420 ius
1359 355 1497 420 civitatis

171 451 337 511 Romanae
368 461 552 530 argumenta
584 449 746 525 deessent,
785 453 933 535 quoniam
966 471 1068 533 neque
1097 450 1212 511 tabulis
1240 449 1496 512 Heracliensium

170 543 311 624 probare
335 550 463 621 poterat
485 541 675 622 adscriptum
699 564 734 605 se
758 547 789 607 in
813 546 954 607 ordinem
978 542 1114 616 civium,
1139 541 1257 624 qnippe
1280 542 1496 604 tabularium¹

170 633 305 698 civitatis
327 631 409 694 illius
425 645 587 696 exarserat
611 635 697 698 bello
716 637 843 713 sociali,
868 659 927 701 nec
942 639 1025 700 bona
1049 657 1104 698 sua
1128 635 1301 698 incensum
1318 635 1499 709 detulerat3

92 740 96 769 ¹
145 750 244 809 ,reus
267 727 369 788 laetias
395 739 445 789 est
468 727 540 809 lege
564 727 683 808 Papia,
715 751 797 814 quae
823 732 884 792 lata
908 730 1014 793 luerat
1036 732 1080 805 ad>
1103 751 1160 794 eos
1188 731 1411 805 coercendos,
1443 729 1497 812 qui

170 837 288 886 temere
318 831 348 883 et
381 820 497 884 inlicite
527 823 686 884 civitatem
717 825 891 886 Romanam
923 833 1144 904 usurpassent.
1199 822 1252 885 Fit
1287 842 1371 905 ergo
1407 822 1497 906 quasi

170 913 439 988 conicetur-alifi,
475 935 513 976 an
543 915 743 998 adscriptus³
775 916 816 978 sit
846 915 877 977 in
903 916 1065 979 ordinem⁴
1100 915 1354 978 Heracliensium
1388 928 1422 978 et
1460 938 1497 978 an

169 1011 279 1074 feccrit
298 1006 421 1084 omnia,
439 1030 520 1092 quae
535 1007 560 1070 is
576 1009 682 1072 lacere
697 1010 859 1082 debuerit,
884 1009 937 1092 qni
955 1021 1037 1071 esset
1052 1030 1069 1071 e
1085 1029 1217 1072 numero
1238 1008 1497 1073 foederatorum.

172 1105 214 1167 Et
239 1103 385 1165 delinitur
411 1101 537 1186 quidem
560 1102 665 1166 multis
687 1104 951 1186 probationibus3
976 1102 1157 1165 testimonio
1179 1114 1280 1163 tamen
1304 1102 1497 1165 Heraclien·

126 1199 267 1273 maistin,
291 1207 321 1257 et
346 1195 395 1256 vel
420 1194 570 1269 maxime,
594 1196 708 1280 quibus
731 1210 797 1274 tota
822 1207 998 1278 occupatur
1014 1195 1138 1269 oratio,
1162 1195 1310 1277 poeticae
1334 1195 1498 1257 iacssltatis

169 1301 200 1352 et
216 1289 380 1352 doctrinae
395 1288 635 1353 iucundissimae
651 1291 752 1374 gratia
771 1291 891 1353 nititur.
937 1291 996 1352 Est
1011 1290 1124 1364 etiam,
1148 1289 1263 1352 omissa
1286 1289 1496 1364 coniectura,

168 1383 378 1464 disceptatio⁵
400 1403 459 1463 per
483 1383 582 1464 ipsam
611 1386 792 1467 qualitatem
819 1404 994 1466 personae,
1019 1395 1057 1445 ut
1079 1383 1157 1445 civis
1189 1383 1354 1446 liontanus
1378 1385 1495 1446 debeat

167 1476 332 1558 adoptari,
357 1475 450 1539 etiarn
473 1476 553 1538 siin
579 1479 784 1558 praeteritum
808 1499 871 1541 uon
895 1478 935 1540 sit
957 1477 1169 1542 adsociatus⁶.

493 1755 1161 1853 COMMENTARIUS.

124 2026 155 2074 ,3
240 1983 291 2058 ll.
319 1977 355 2058 l.
383 1983 502 2085 Quum
528 2009 592 2058 res
619 1981 802 2085 agitatur?
830 1987 927 2085 apud
952 1996 1164 2086 praetorem
1193 1984 1238 2056 P.
1266 1984 1334 2081 R„
1361 1990 1496 2060 rectis

166 2096 321 2170 simum⁸
346 2100 479 2172 virum.

121 2302 124 2306 Δ
252 2216 346 2278 Hane
369 2214 448 2278 enirn
471 2235 596 2278 eausam
621 2213 692 2299 lege
718 2213 817 2298 Papia
844 2217 884 2278 de
904 2215 1032 2279 civitate
1047 2218 1190 2281 Romana
1216 2227 1291 2298 aput
1314 2217 1494 2298 Οιιὶιιιιιιιι9

167 2307 358 2391 Ciceronem
393 2309 473 2372 dixit
500 2309 638 2373 Archias
671 2309 762 2372 husius
774 2311 797 2349 ¹⁰
829 2310 883 2372 M.
916 2310 1014 2373 Tullii
1043 2310 1186 2372 iratreru.
1242 2311 1491 2395 Quapropter¹¹

166 2403 265 2466 utitur
294 2401 552 2485 deprecatione,
591 2423 630 2464 ne
663 2401 763 2464 minus
797 2402 933 2467 civiliter
965 2403 1054 2486 loqui
1086 2401 1301 2478 existimetur,
1338 2408 1494 2468 recedens

121 2496 312 2582 ,ovidelicet
342 2496 532 2581 aliquantum
563 2517 580 2558 a
609 2494 732 2560 sorensi
762 2516 879 2579 genere
912 2496 1047 2559 dicendi.
1093 2496 1191 2576 Quod
1220 2497 1321 2578 ipsum
1357 2519 1398 2561 ne
1429 2520 1491 2581 pro

165 2587 274 2671 inepto
310 2588 503 2672 accipiatur,
537 2587 597 2651 ianr
636 2587 857 2671 praeloquitur
892 2609 910 2650 a
944 2591 1040 2653 modo
1068 2589 1242 2670 praesentis
1276 2611 1391 2654 causae
1427 2614 1490 2655 nou

165 2681 342 2746 abhorrere
364 2694 396 2745 et
417 2703 574 2765 personae
590 2681 642 2745 vel
657 2681 809 2758 maxime,
833 2703 895 2765 pro
910 2702 972 2767 qua
989 2682 1154 2745 dicendum
1171 2692 1272 2759 esset,
1297 2686 1489 2749 convenire.

240 2801 278 2881 2.
306 2807 388 2881 Hoc
415 2808 573 2905 denique
599 2815 774 2905 praetore
801 2818 999 2880 exercente
1025 2808 1210 2880 iudiciuin.

246 2926 322 2989 Non
349 2938 461 2999 vacat,
484 2928 571 3009 quod
593 2925 783 2988 mentionem
810 2924 885 2988 iacit
907 2924 1065 3008 praetoris
1088 2923 1206 3007 ipsius,
1229 2925 1263 2988 id
1285 2938 1351 3000 est,
1375 2926 1487 2991 fratris

119 3016 211 3106 „stri
238 3018 282 3100 Q.
306 3017 494 3095 Ciceronis,
529 3019 583 3104 qui
609 3018 724 3083 iudicio
756 3031 917 3100 praeerat.
963 3018 1278 3100 opportunissimum
1300 3021 1425 3103 quippe
1447 3022 1490 3083 ait

161 3115 199 3175 de
221 3113 366 3176 laudibus
388 3116 506 3196 po'e'tae
529 3110 605 3174 boni
631 3123 801 3193 aputeum
824 3114 946 3187 dicere,
970 3113 1024 3195 qui
1055 3113 1165 3174 studiis
1192 3112 1373 3175 huiusmodi
1401 3116 1487 3176 dele·

161 3217 279 3268 otetur.
325 3206 400 3270 Fuit
426 3207 507 3269 enim
538 3207 582 3286 Q.
604 3204 730 3268 'Pullius
755 3227 820 3270 non
844 3206 946 3270 solum
973 3205 1074 3287 epici,
1109 3226 1220 3268 versun
1252 3206 1346 3269 etiarn
1372 3206 1489 3291 tragici

162 3299 307 3363 carminis
329 3298 482 3382 scriptor.

232 3529 257 3576 1.
282 3529 344 3575 Coti.
370 3528 477 3588 quippee
500 3527 693 3573 tabulariorum.
729 3526 755 3583 2,
780 3528 833 3574 Nisi
858 3530 933 3575 maris
959 3531 1106 3576 coniectare
1128 3531 1178 3584 liei
1206 3534 1268 3590 qaod
1294 3534 1373 3577 sninns
1399 3536 1486 3589 placet

300 3596 325 3645 ³.
345 3599 407 3644 eos.
421 3596 587 3643 ussermann.
626 3594 651 3642 1.
666 3597 726 3643 Cod.
741 3596 875 3644 incedam.
912 3598 937 3645 5.
957 3600 1017 3646 eor.
1031 3589 1194 3658 disceptione.
1233 3600 1258 3647 6.
1278 3601 1340 3648 eos.
1355 3602 1484 3649 sedens-sue.

301 3666 326 3717 i.
346 3669 385 3713 Sis
404 3668 465 3713 Cod.
485 3691 517 3701 -
536 3668 651 3712 Fortasse
665 3668 739 3724 igitur
760 3668 927 3724 scribendam,
947 3675 973 3714 nt
993 3671 1016 3715 ia
1037 3671 1115 3727 tea..
1143 3678 1247 3732 egetur.
1268 3671 1298 3716 N.
1335 3673 1418 3718 Maias
1436 3676 1487 3720 scit.

302 3740 423 3800 agitetur.
461 3735 487 3782 8.
501 3737 561 3786 Edi.
583 3741 607 3781 et
625 3738 694 3781 codd.
712 3739 888 3783 leetiseimnm.
907 3737 939 3784 Ν.
977 3739 1001 3787 9.
1021 3742 1083 3786 Coi.
1102 3755 1183 3801 paam.
1222 3739 1264 3787 to.
1285 3742 1319 3787 lts
1336 3741 1415 3788 Mil
1432 3746 1484 3789 eod.

298 3809 382 3858 essies.
421 3805 463 3854 11.
483 3807 544 3852 Cat.
564 3807 624 3868 quie
639 3820 657 3865 p
673 3813 752 3865 optar.

236 3932 281 3990 ¹5.
301 3928 462 4003 Superiores
483 3925 601 3981 ineditas
622 3925 708 3981 Tullii
727 3932 867 3981 crationes
888 3932 916 3981 in
936 3933 1026 4003 capita
1047 3933 1106 4002 ipse
1125 3930 1277 4002 dispescat:
1303 3927 1437 4004 deinceps
1458 3936 1485 3984 is

159 4006 334 4063 custoribus
353 4001 436 4058 eduis
456 4003 595 4077 vulgatam
623 4006 834 4057 distinctionem
861 4003 1002 4059 retinebo:
1032 4021 1116 4077 qnare
1142 4022 1170 4060 er
1195 4021 1211 4058 a
1237 4009 1330 4078 capite
1357 4007 1397 4063 11.
1423 4008 1486 4060 treis

159 4088 271 4139 initium
290 4078 412 4135 ducitur.

235 4160 281 4216 ¹8.
302 4155 384 4211 Nunc
402 4151 517 4207 demum
536 4170 570 4206 ex
586 4167 683 4206 nostro
704 4156 854 4226 interprete
872 4169 1001 4228 appares,
1022 4154 1149 4208 Marenen
1166 4153 1238 4229 apud
1258 4159 1348 4228 ipram
1368 4153 1484 4210 fratrent

157 4246 313 4309 praetorem
328 4233 401 4283 hane
419 4233 575 4283 oraticnem
590 4230 709 4282 dixisse:
728 4222 783 4300 quo
803 4229 849 4294 fit,
862 4245 891 4284 nt
905 4234 960 4282 ism
975 4228 1178 4301 intelligamus,
1199 4248 1331 4302 quorsom
1346 4236 1485 4305 pertineas

157 4325 190 4363 es
208 4306 350 4363 conlidens
369 4303 490 4360 clausula
509 4304 591 4357 huius
611 4307 762 4356 orationis:
795 4323 864 4375 quae
890 4305 1001 4356 loeutus
1025 4322 1100 4370 erem,
1129 4324 1179 4372 ea,
1211 4305 1334 4372 iudices,
1365 4325 1384 4359 e
1403 4308 1485 4360 vobis

157 4394 240 4457 spero
257 4401 319 4436 esee
336 4386 368 4434 its
386 4379 486 4432 ὂοιιαιιι
502 4386 617 4450 partem
636 4386 768 4447 acceptu
786 4380 822 4430 ab
841 4397 890 4444 eo,
910 4385 958 4451 qui
976 4379 1108 4432 iudicium
1127 4390 1255 4445 exercet,
1282 4392 1360 4434 certe
1379 4390 1449 4435 scio.

233 4463 279 4517 28.
300 4460 339 4526 Q.
359 4458 502 4511 Ciceronis
522 4469 630 4506 exstant
651 4470 743 4506 sersus
764 4457 835 4527 epici
856 4458 955 4522 viginti
975 4454 1009 4507 de
1027 4457 1311 4524 signiseeelestibua,
1332 4456 1487 4530 quaequod.

157 4554 209 4608 que
228 4543 351 4605 ternpore
368 4529 479 4582 illustre
498 4535 544 4581 sit.
582 4526 660 4581 Adde
679 4532 781 4593 etiam,
802 4534 825 4582 si
839 4531 946 4602 placet,
965 4535 1136 4603 epigramma
1149 4532 1183 4583 de
1196 4533 1343 4583 martiarum
1356 4534 1484 4596 levitate,

177 4610 232 4665 uod
255 4610 291 4664 el.
317 4622 426 4680 quoqne
446 4603 621 4657 liummelius
642 4607 672 4656 ln
691 4602 813 4657 editione
833 4604 1058 4678 Norimbergensi
1082 4624 1195 4681 opernm
1215 4608 1315 4673 Quinti
1336 4609 1482 4661 Ciceronis

156 4631 243 4740 dedis.
281 4679 498 4758 aneedisrnoa
518 4694 610 4733 antem
629 4677 753 4733 sinadesn
766 4681 866 4751 Quinti
887 4686 993 4735 mentio
1014 4681 1042 4736 lis
1064 4687 1092 4735 in
1113 4683 1238 4755 epistulis
1253 4683 1345 4738 Marci
1365 4682 1400 4737 sd
1420 4698 1484 4738 enas

157 4768 270 4838 ipsunt,
288 4774 389 4833 nempe
409 4755 459 4811 ttt.
479 4754 533 4810 ili.
551 4755 579 4814 6.
598 4759 626 4812 9.
