<?xml version="1.0" encoding="UTF-8"?>
<!DOCTYPE html PUBLIC "-//W3C//DTD XHTML 1.0 Transitional//EN"
    "http://www.w3.org/TR/xhtml1/DTD/xhtml1-transitional.dtd">
<html xmlns="http://www.w3.org/1999/xhtml" xml:lang="en" lang="en">
 <head>
  <title>
</title>
<meta http-equiv="Content-Type" content="text/html;charset=utf-8" />
  <meta name='ocr-system' content='tesseract 3.04.00' />
  <meta name='ocr-capabilities' content='ocr_page ocr_carea ocr_par ocr_line ocrx_word'/>
</head>
<body>
  <div class='ocr_page' id='page_1' title='image "./operaquaesupers03halmgoog/operaquaesupers03halmgoog_0321.png"; bbox 0 0 3210 5280; ppageno 0'>
   <div class='ocr_carea' id='block_1_1' title="bbox 241 205 1334 461">
    <p class='ocr_par' dir='ltr' id='par_1_1' title="bbox 241 205 1334 461">
     <span class='ocr_line' id='line_1_1' title="bbox 241 205 1148 275; baseline 0 -2"><span class='ocrx_word' id='word_1_1' title='bbox 241 212 303 274; x_wconf 86' lang='grc'><strong>290</strong></span> <span class='ocrx_word' id='word_1_2' title='bbox 640 209 842 275; x_wconf 80' lang='lat' dir='ltr'>SCHOLIA</span> <span class='ocrx_word' id='word_1_3' title='bbox 866 209 1115 275; x_wconf 80' lang='lat' dir='ltr'><strong>BOBlENSlA</strong></span> <span class='ocrx_word' id='word_1_4' title='bbox 1145 205 1148 210; x_wconf 38' lang='lat'><strong>¹</strong></span> 
     </span>
     <span class='ocr_line' id='line_1_2' title="bbox 466 343 1334 461; baseline 0.003 -37"><span class='ocrx_word' id='word_1_5' title='bbox 466 343 766 451; x_wconf 85' lang='lat' dir='ltr'><strong>[Desiderantur</strong></span> <span class='ocrx_word' id='word_1_6' title='bbox 791 352 962 461; x_wconf 82' lang='lat' dir='ltr'><em>paginae</em></span> <span class='ocrx_word' id='word_1_7' title='bbox 989 353 1124 426; x_wconf 85' lang='lat' dir='ltr'><strong>saltem</strong></span> <span class='ocrx_word' id='word_1_8' title='bbox 1159 350 1197 424; x_wconf 85' lang='lat' dir='ltr'>X</span> <span class='ocrx_word' id='word_1_9' title='bbox 1202 354 1237 428; x_wconf 87' lang='lat' dir='ltr'><em>V</em></span> <span class='ocrx_word' id='word_1_10' title='bbox 1236 349 1334 451; x_wconf 73' lang='lat' dir='ltr'><strong>lli]</strong></span> 
     </span>
    </p>
   </div>
   <div class='ocr_carea' id='block_1_2' title="bbox 319 585 1565 695">
    <p class='ocr_par' dir='ltr' id='par_1_2' title="bbox 319 585 1565 695">
     <span class='ocr_line' id='line_1_3' title="bbox 319 585 1565 695; baseline -0.001 -28"><span class='ocrx_word' id='word_1_11' title='bbox 319 592 381 695; x_wconf 95' lang='lat' dir='ltr'><strong>[Q.</strong></span> <span class='ocrx_word' id='word_1_12' title='bbox 409 593 530 667; x_wconf 80' lang='lat' dir='ltr'><strong>bitti.</strong></span> <span class='ocrx_word' id='word_1_13' title='bbox 558 594 602 667; x_wconf 89' lang='lat' dir='ltr'><strong>P.</strong></span> <span class='ocrx_word' id='word_1_14' title='bbox 630 585 736 690; x_wconf 67' lang='lat'>130]</span> <span class='ocrx_word' id='word_1_15' title='bbox 763 592 958 668; x_wconf 82' lang='lat' dir='ltr'><strong>XXXVII.</strong></span> <span class='ocrx_word' id='word_1_16' title='bbox 988 588 1023 668; x_wconf 85' lang='lat' dir='ltr'><strong>l.</strong></span> <span class='ocrx_word' id='word_1_17' title='bbox 1070 595 1108 670; x_wconf 90' lang='lat' dir='ltr'><em>V</em></span> <span class='ocrx_word' id='word_1_18' title='bbox 1107 622 1167 686; x_wconf 87' lang='lat' dir='ltr'><strong>os,</strong></span> <span class='ocrx_word' id='word_1_19' title='bbox 1195 622 1257 670; x_wconf 86' lang='lat' dir='ltr'><strong>vos</strong></span> <span class='ocrx_word' id='word_1_20' title='bbox 1283 594 1454 693; x_wconf 80' lang='lat' dir='ltr'><strong>appello,</strong></span> <span class='ocrx_word' id='word_1_21' title='bbox 1470 593 1565 692; x_wconf 84' lang='lat' dir='ltr'><strong>for·</strong></span> 
     </span>
    </p>
   </div>
   <div class='ocr_carea' id='block_1_3' title="bbox 105 708 511 798">
    <p class='ocr_par' dir='ltr' id='par_1_3' title="bbox 105 708 511 798">
     <span class='ocr_line' id='line_1_4' title="bbox 105 708 511 798; baseline -0.002 -19"><span class='ocrx_word' id='word_1_22' title='bbox 105 779 109 789; x_wconf 85' lang='grc'><em>,</em></span> <span class='ocrx_word' id='word_1_23' title='bbox 224 739 227 746; x_wconf 88' lang='lat'><em>·</em></span> <span class='ocrx_word' id='word_1_24' title='bbox 246 708 375 782; x_wconf 86' lang='lat' dir='ltr'><strong>tissimi</strong></span> <span class='ocrx_word' id='word_1_25' title='bbox 403 709 487 780; x_wconf 89' lang='lat' dir='ltr'><strong>viri.</strong></span> <span class='ocrx_word' id='word_1_26' title='bbox 507 783 511 798; x_wconf 52' lang='lat'><strong>,</strong></span> 
     </span>
    </p>
   </div>
   <div class='ocr_carea' id='block_1_4' title="bbox 219 807 1563 1091">
    <p class='ocr_par' dir='ltr' id='par_1_4' title="bbox 219 807 1563 1091">
     <span class='ocr_line' id='line_1_5' title="bbox 219 807 1563 910; baseline -0.003 -20"><span class='ocrx_word' id='word_1_27' title='bbox 219 844 233 890; x_wconf 80' lang='grc' dir='ltr'>ι</span> <span class='ocrx_word' id='word_1_28' title='bbox 327 819 572 910; x_wconf 78' lang='grc' dir='ltr'><strong>(Ἀποστροφὴ)</strong></span> <span class='ocrx_word' id='word_1_29' title='bbox 601 824 632 884; x_wconf 89' lang='lat' dir='ltr'><strong>in</strong></span> <span class='ocrx_word' id='word_1_30' title='bbox 663 822 748 904; x_wconf 89' lang='lat' dir='ltr'><strong>ipsos</strong></span> <span class='ocrx_word' id='word_1_31' title='bbox 775 822 1032 886; x_wconf 86' lang='lat' dir='ltr'><strong>circumstantes¹</strong></span> <span class='ocrx_word' id='word_1_32' title='bbox 1064 807 1284 889; x_wconf 86' lang='lat' dir='ltr'><strong>militeslacta</strong></span> <span class='ocrx_word' id='word_1_33' title='bbox 1315 834 1381 897; x_wconf 83' lang='lat' dir='ltr'><strong>est,</strong></span> <span class='ocrx_word' id='word_1_34' title='bbox 1416 835 1472 897; x_wconf 90' lang='lat' dir='ltr'><strong>ut,</strong></span> <span class='ocrx_word' id='word_1_35' title='bbox 1509 823 1563 909; x_wconf 88' lang='lat' dir='ltr'><strong>qui</strong></span> 
     </span>
     <span class='ocr_line' id='line_1_6' title="bbox 246 915 1562 997; baseline -0.002 -19"><span class='ocrx_word' id='word_1_36' title='bbox 246 919 382 979; x_wconf 84' lang='lat' dir='ltr'><strong>maximo</strong></span> <span class='ocrx_word' id='word_1_37' title='bbox 416 917 535 978; x_wconf 88' lang='lat' dir='ltr'><strong>terrori</strong></span> <span class='ocrx_word' id='word_1_38' title='bbox 562 928 669 991; x_wconf 89' lang='lat' dir='ltr'><strong>erant,</strong></span> <span class='ocrx_word' id='word_1_39' title='bbox 704 915 784 978; x_wconf 88' lang='lat' dir='ltr'><strong>idem</strong></span> <span class='ocrx_word' id='word_1_40' title='bbox 818 937 900 979; x_wconf 90' lang='lat' dir='ltr'><strong>nunc</strong></span> <span class='ocrx_word' id='word_1_41' title='bbox 926 918 956 978; x_wconf 90' lang='lat' dir='ltr'><strong>in</strong></span> <span class='ocrx_word' id='word_1_42' title='bbox 982 917 1126 980; x_wconf 77' lang='lat' dir='ltr'><strong>favorem</strong></span> <span class='ocrx_word' id='word_1_43' title='bbox 1156 915 1291 978; x_wconf 78' lang='lat' dir='ltr'><strong>Milonis</strong></span> <span class='ocrx_word' id='word_1_44' title='bbox 1319 928 1562 997; x_wconf 77' lang='lat' dir='ltr'>provocentur,</span> 
     </span>
     <span class='ocr_line' id='line_1_7' title="bbox 246 1007 1171 1091; baseline -0.001 -18"><span class='ocrx_word' id='word_1_45' title='bbox 246 1011 390 1073; x_wconf 85' lang='lat' dir='ltr'><strong>volentes</strong></span> <span class='ocrx_word' id='word_1_46' title='bbox 408 1030 478 1072; x_wconf 87' lang='lat' dir='ltr'><strong>esse</strong></span> <span class='ocrx_word' id='word_1_47' title='bbox 501 1010 571 1071; x_wconf 86' lang='lat' dir='ltr'><strong>sine</strong></span> <span class='ocrx_word' id='word_1_48' title='bbox 597 1007 695 1070; x_wconf 90' lang='lat' dir='ltr'><strong>dubio</strong></span> <span class='ocrx_word' id='word_1_49' title='bbox 719 1008 798 1071; x_wconf 89' lang='lat' dir='ltr'><strong>iusta</strong></span> <span class='ocrx_word' id='word_1_50' title='bbox 820 1009 957 1091; x_wconf 85' lang='lat' dir='ltr'><strong>praemia</strong></span> <span class='ocrx_word' id='word_1_51' title='bbox 981 1008 1171 1072; x_wconf 81' lang='lat' dir='ltr'><strong>fortitudini.</strong></span> 
     </span>
    </p>
   </div>
   <div class='ocr_carea' id='block_1_5' title="bbox 318 1126 1561 1233">
    <p class='ocr_par' dir='ltr' id='par_1_5' title="bbox 318 1126 1561 1233">
     <span class='ocr_line' id='line_1_8' title="bbox 318 1126 1561 1233; baseline -0.002 -27"><span class='ocrx_word' id='word_1_52' title='bbox 318 1130 355 1206; x_wconf 98' lang='grc'><strong>2.</strong></span> <span class='ocrx_word' id='word_1_53' title='bbox 384 1132 481 1232; x_wconf 84' lang='lat' dir='ltr'><strong>Quid</strong></span> <span class='ocrx_word' id='word_1_54' title='bbox 499 1133 734 1229; x_wconf 84' lang='lat' dir='ltr'>respondebo</span> <span class='ocrx_word' id='word_1_55' title='bbox 752 1133 881 1206; x_wconf 88' lang='lat' dir='ltr'><strong>liberis</strong></span> <span class='ocrx_word' id='word_1_56' title='bbox 900 1128 1019 1206; x_wconf 79' lang='lat' dir='ltr'><strong>meis?</strong></span> <span class='ocrx_word' id='word_1_57' title='bbox 1047 1133 1134 1231; x_wconf 92' lang='lat' dir='ltr'><strong>quid</strong></span> <span class='ocrx_word' id='word_1_58' title='bbox 1153 1136 1239 1226; x_wconf 86' lang='lat' dir='ltr'><strong>ttbt,</strong></span> <span class='ocrx_word' id='word_1_59' title='bbox 1258 1132 1392 1233; x_wconf 86' lang='lat' dir='ltr'><strong>Quinte</strong></span> <span class='ocrx_word' id='word_1_60' title='bbox 1411 1126 1561 1205; x_wconf 82' lang='lat' dir='ltr'><strong>scater?</strong></span> 
     </span>
    </p>
   </div>
   <div class='ocr_carea' id='block_1_6' title="bbox 157 1249 1559 1612">
    <p class='ocr_par' dir='ltr' id='par_1_6' title="bbox 157 1249 1559 1612">
     <span class='ocr_line' id='line_1_9' title="bbox 327 1249 1559 1332; baseline -0.005 -17"><span class='ocrx_word' id='word_1_61' title='bbox 327 1253 389 1295; x_wconf 63' lang='lat'><strong>-2</strong></span> <span class='ocrx_word' id='word_1_62' title='bbox 423 1249 705 1332; x_wconf 69' lang='lat' dir='ltr'>Opportunissime</span> <span class='ocrx_word' id='word_1_63' title='bbox 736 1251 896 1313; x_wconf 81' lang='lat' dir='ltr'><strong>fortunam</strong></span> <span class='ocrx_word' id='word_1_64' title='bbox 930 1249 1064 1313; x_wconf 81' lang='lat' dir='ltr'>Milonis</span> <span class='ocrx_word' id='word_1_65' title='bbox 1097 1272 1155 1331; x_wconf 87' lang='lat' dir='ltr'><strong>per</strong></span> <span class='ocrx_word' id='word_1_66' title='bbox 1186 1262 1283 1314; x_wconf 89' lang='lat' dir='ltr'><strong>totam</strong></span> <span class='ocrx_word' id='word_1_67' title='bbox 1316 1253 1443 1314; x_wconf 88' lang='lat' dir='ltr'><strong>domum</strong></span> <span class='ocrx_word' id='word_1_68' title='bbox 1474 1270 1559 1321; x_wconf 84' lang='lat' dir='ltr'><strong>attam</strong></span> 
     </span>
     <span class='ocr_line' id='line_1_10' title="bbox 201 1343 1557 1429; baseline -0.004 -20"><span class='ocrx_word' id='word_1_69' title='bbox 201 1345 454 1429; x_wconf 74' lang='lat' dir='ltr'><strong>tttatnttiamque</strong></span> <span class='ocrx_word' id='word_1_70' title='bbox 486 1345 712 1416; x_wconf 80' lang='lat' dir='ltr'>communicat,</span> <span class='ocrx_word' id='word_1_71' title='bbox 748 1354 781 1404; x_wconf 89' lang='lat' dir='ltr'><strong>nt</strong></span> <span class='ocrx_word' id='word_1_72' title='bbox 810 1355 1005 1426; x_wconf 79' lang='lat' dir='ltr'><strong>congregata</strong></span> <span class='ocrx_word' id='word_1_73' title='bbox 1035 1366 1093 1425; x_wconf 89' lang='lat' dir='ltr'><strong>per</strong></span> <span class='ocrx_word' id='word_1_74' title='bbox 1121 1345 1236 1406; x_wconf 89' lang='lat' dir='ltr'><strong>multos</strong></span> <span class='ocrx_word' id='word_1_75' title='bbox 1267 1344 1427 1407; x_wconf 70' lang='lat' dir='ltr'><strong>miseratio</strong></span> <span class='ocrx_word' id='word_1_76' title='bbox 1458 1343 1557 1425; x_wconf 79' lang='lat' dir='ltr'><strong>magis</strong></span> 
     </span>
     <span class='ocr_line' id='line_1_11' title="bbox 157 1436 1558 1522; baseline -0.004 -22"><span class='ocrx_word' id='word_1_77' title='bbox 157 1504 169 1522; x_wconf 35' lang='lat'><strong>⁴</strong></span> <span class='ocrx_word' id='word_1_78' title='bbox 243 1450 440 1502; x_wconf 87' lang='lat' dir='ltr'><strong>commoveat</strong></span> <span class='ocrx_word' id='word_1_79' title='bbox 465 1437 620 1498; x_wconf 83' lang='lat' dir='ltr'><strong>adiectus.</strong></span> <span class='ocrx_word' id='word_1_80' title='bbox 665 1437 781 1498; x_wconf 86' lang='lat' dir='ltr'><strong>Frater</strong></span> <span class='ocrx_word' id='word_1_81' title='bbox 802 1447 904 1498; x_wconf 87' lang='lat' dir='ltr'><strong>autem</strong></span> <span class='ocrx_word' id='word_1_82' title='bbox 922 1437 1087 1500; x_wconf 76' lang='lat' dir='ltr'><strong>Ciceronis</strong></span> <span class='ocrx_word' id='word_1_83' title='bbox 1103 1437 1145 1516; x_wconf 86' lang='lat' dir='ltr'><strong>Q.</strong></span> <span class='ocrx_word' id='word_1_84' title='bbox 1164 1437 1287 1499; x_wconf 89' lang='lat' dir='ltr'><strong>&#39;l&#39;ullios</strong></span> <span class='ocrx_word' id='word_1_85' title='bbox 1303 1436 1463 1520; x_wconf 83' lang='lat' dir='ltr'><strong>legatione</strong></span> <span class='ocrx_word' id='word_1_86' title='bbox 1484 1446 1558 1496; x_wconf 88' lang='lat' dir='ltr'><strong>tuuc</strong></span> 
     </span>
     <span class='ocr_line' id='line_1_12' title="bbox 238 1526 1549 1612; baseline -0.006 -17"><span class='ocrx_word' id='word_1_87' title='bbox 238 1533 271 1595; x_wconf 92' lang='lat' dir='ltr'><strong>in</strong></span> <span class='ocrx_word' id='word_1_88' title='bbox 295 1531 399 1593; x_wconf 84' lang='lat' dir='ltr'><strong>Gallia</strong></span> <span class='ocrx_word' id='word_1_89' title='bbox 423 1543 499 1611; x_wconf 88' lang='lat' dir='ltr'><strong>aput</strong></span> <span class='ocrx_word' id='word_1_90' title='bbox 521 1529 693 1591; x_wconf 84' lang='lat' dir='ltr'><strong>exercitum</strong></span> <span class='ocrx_word' id='word_1_91' title='bbox 717 1526 865 1591; x_wconf 87' lang='lat' dir='ltr'><strong>Caesaris</strong></span> <span class='ocrx_word' id='word_1_92' title='bbox 887 1529 1092 1612; x_wconf 86' lang='lat' dir='ltr'><strong>fungebatur.</strong></span> <span class='ocrx_word' id='word_1_93' title='bbox 1546 1526 1549 1535; x_wconf 84' lang='lat'>&#39;</span> 
     </span>
    </p>
   </div>
   <div class='ocr_carea' id='block_1_7' title="bbox 200 1647 1555 2041">
    <p class='ocr_par' dir='ltr' id='par_1_7' title="bbox 200 1647 1555 2041">
     <span class='ocr_line' id='line_1_13' title="bbox 318 1647 1121 1753; baseline -0.005 -25"><span class='ocrx_word' id='word_1_94' title='bbox 318 1650 354 1728; x_wconf 89' lang='grc'><strong>2.</strong></span> <span class='ocrx_word' id='word_1_95' title='bbox 382 1652 478 1753; x_wconf 87' lang='lat' dir='ltr'><strong>Quid</strong></span> <span class='ocrx_word' id='word_1_96' title='bbox 505 1677 561 1725; x_wconf 86' lang='lat' dir='ltr'><strong>me</strong></span> <span class='ocrx_word' id='word_1_97' title='bbox 589 1648 785 1725; x_wconf 82' lang='lat' dir='ltr'><strong>redueem³</strong></span> <span class='ocrx_word' id='word_1_98' title='bbox 813 1676 895 1727; x_wconf 82' lang='lat' dir='ltr'><strong>osse</strong></span> <span class='ocrx_word' id='word_1_99' title='bbox 922 1647 1121 1725; x_wconf 87' lang='lat' dir='ltr'><strong>voluistis?</strong></span> 
     </span>
     <span class='ocr_line' id='line_1_14' title="bbox 325 1762 1554 1854; baseline -0.001 -19"><span class='ocrx_word' id='word_1_100' title='bbox 325 1771 468 1840; x_wconf 85' lang='lat' dir='ltr'><strong>Exilium</strong></span> <span class='ocrx_word' id='word_1_101' title='bbox 488 1771 666 1854; x_wconf 65' lang='lat' dir='ltr'><strong>quoddam‘</strong></span> <span class='ocrx_word' id='word_1_102' title='bbox 698 1769 758 1832; x_wconf 89' lang='lat' dir='ltr'><strong>sibi</strong></span> <span class='ocrx_word' id='word_1_103' title='bbox 780 1762 1004 1852; x_wconf 78' lang='lat' dir='ltr'><strong>praerogatiua</strong></span> <span class='ocrx_word' id='word_1_104' title='bbox 1030 1769 1128 1832; x_wconf 88' lang='lat' dir='ltr'><strong>videri</strong></span> <span class='ocrx_word' id='word_1_105' title='bbox 1157 1769 1242 1845; x_wconf 83' lang='lat' dir='ltr'><strong>vult,</strong></span> <span class='ocrx_word' id='word_1_106' title='bbox 1272 1791 1367 1854; x_wconf 83' lang='lat' dir='ltr'><strong>qttutn</strong></span> <span class='ocrx_word' id='word_1_107' title='bbox 1398 1768 1554 1854; x_wconf 73' lang='lat' dir='ltr'><strong>relegatio</strong></span> 
     </span>
     <span class='ocr_line' id='line_1_15' title="bbox 200 1854 1555 1946; baseline -0.003 -18"><span class='ocrx_word' id='word_1_108' title='bbox 200 1854 383 1938; x_wconf 70' lang='lat' dir='ltr'><strong>erilonis,</strong></span> <span class='ocrx_word' id='word_1_109' title='bbox 402 1863 576 1942; x_wconf 87' lang='lat' dir='ltr'><strong>immineat,</strong></span> <span class='ocrx_word' id='word_1_110' title='bbox 607 1885 622 1925; x_wconf 88' lang='lat' dir='ltr'><strong>a</strong></span> <span class='ocrx_word' id='word_1_111' title='bbox 647 1885 710 1946; x_wconf 87' lang='lat' dir='ltr'><strong>quo</strong></span> <span class='ocrx_word' id='word_1_112' title='bbox 734 1863 876 1944; x_wconf 86' lang='lat' dir='ltr'><strong>separari</strong></span> <span class='ocrx_word' id='word_1_113' title='bbox 903 1862 978 1924; x_wconf 86' lang='lat' dir='ltr'><strong>nihil</strong></span> <span class='ocrx_word' id='word_1_114' title='bbox 1002 1862 1076 1924; x_wconf 91' lang='lat' dir='ltr'><strong>aliut</strong></span> <span class='ocrx_word' id='word_1_115' title='bbox 1099 1861 1176 1938; x_wconf 83' lang='lat' dir='ltr'><strong>sibi,</strong></span> <span class='ocrx_word' id='word_1_116' title='bbox 1208 1884 1299 1945; x_wconf 84' lang='lat' dir='ltr'><strong>qttaut</strong></span> <span class='ocrx_word' id='word_1_117' title='bbox 1323 1883 1456 1944; x_wconf 87' lang='lat' dir='ltr'><strong>poenam</strong></span> <span class='ocrx_word' id='word_1_118' title='bbox 1480 1883 1555 1924; x_wconf 89' lang='lat' dir='ltr'><strong>eon·</strong></span> 
     </span>
     <span class='ocr_line' id='line_1_16' title="bbox 241 1957 684 2041; baseline -0.005 -19"><span class='ocrx_word' id='word_1_119' title='bbox 241 1971 374 2022; x_wconf 87' lang='lat' dir='ltr'><strong>testatur</strong></span> <span class='ocrx_word' id='word_1_120' title='bbox 395 1979 464 2020; x_wconf 85' lang='lat' dir='ltr'><strong>csse</strong></span> <span class='ocrx_word' id='word_1_121' title='bbox 487 1957 684 2041; x_wconf 84' lang='lat' dir='ltr'><strong>graviorem.</strong></span> 
     </span>
    </p>
   </div>
   <div class='ocr_carea' id='block_1_8' title="bbox 197 2074 1597 2491">
    <p class='ocr_par' dir='ltr' id='par_1_8' title="bbox 239 2074 1554 2295">
     <span class='ocr_line' id='line_1_17' title="bbox 316 2074 1554 2177; baseline -0.002 -23"><span class='ocrx_word' id='word_1_122' title='bbox 316 2081 531 2155; x_wconf 83' lang='lat' dir='ltr'><strong>xxxvttt.</strong></span> <span class='ocrx_word' id='word_1_123' title='bbox 561 2074 595 2154; x_wconf 94' lang='lat' dir='ltr'><strong>l.</strong></span> <span class='ocrx_word' id='word_1_124' title='bbox 638 2080 782 2155; x_wconf 85' lang='lat' dir='ltr'><strong>Utinam</strong></span> <span class='ocrx_word' id='word_1_125' title='bbox 811 2081 847 2152; x_wconf 89' lang='lat' dir='ltr'><strong>di</strong></span> <span class='ocrx_word' id='word_1_126' title='bbox 874 2079 1089 2154; x_wconf 84' lang='lat' dir='ltr'><strong>inmortales</strong></span> <span class='ocrx_word' id='word_1_127' title='bbox 1116 2075 1310 2153; x_wconf 85' lang='lat' dir='ltr'><strong>fecissent!</strong></span> <span class='ocrx_word' id='word_1_128' title='bbox 1351 2105 1441 2177; x_wconf 86' lang='lat' dir='ltr'><strong>paee</strong></span> <span class='ocrx_word' id='word_1_129' title='bbox 1466 2090 1554 2175; x_wconf 81' lang='lat' dir='ltr'><strong>tua,</strong></span> 
     </span>
     <span class='ocr_line' id='line_1_18' title="bbox 239 2191 1265 2295; baseline -0.009 -26"><span class='ocrx_word' id='word_1_130' title='bbox 239 2199 380 2295; x_wconf 83' lang='lat' dir='ltr'><strong>patria,</strong></span> <span class='ocrx_word' id='word_1_131' title='bbox 408 2194 577 2267; x_wconf 79' lang='lat' dir='ltr'><strong>dixerim.</strong></span> <span class='ocrx_word' id='word_1_132' title='bbox 1099 2196 1104 2206; x_wconf 81' lang='lat'><strong><em>‘</em></strong></span> <span class='ocrx_word' id='word_1_133' title='bbox 1258 2191 1265 2204; x_wconf 86' lang='lat'>’</span> 
     </span>
    </p>

    <p class='ocr_par' dir='ltr' id='par_1_9' title="bbox 249 2307 1553 2396">
     <span class='ocr_line' id='line_1_19' title="bbox 249 2307 1553 2396; baseline -0.003 -22"><span class='ocrx_word' id='word_1_134' title='bbox 249 2376 252 2380; x_wconf 67' lang='grc'>,</span> <span class='ocrx_word' id='word_1_135' title='bbox 323 2349 364 2360; x_wconf 91' lang='lat'>-</span> <span class='ocrx_word' id='word_1_136' title='bbox 386 2314 444 2358; x_wconf 66' lang='lat'><strong>-5</strong></span> <span class='ocrx_word' id='word_1_137' title='bbox 470 2308 721 2396; x_wconf 81' lang='lat' dir='ltr'><strong>elegantissime⁶</strong></span> <span class='ocrx_word' id='word_1_138' title='bbox 744 2308 912 2372; x_wconf 78' lang='lat' dir='ltr'><strong>declinavit</strong></span> <span class='ocrx_word' id='word_1_139' title='bbox 934 2307 1098 2384; x_wconf 69' lang='lat' dir='ltr'><strong>invidiam,</strong></span> <span class='ocrx_word' id='word_1_140' title='bbox 1134 2309 1293 2384; x_wconf 87' lang='lat' dir='ltr'><strong>dicturus,</strong></span> <span class='ocrx_word' id='word_1_141' title='bbox 1328 2322 1360 2372; x_wconf 90' lang='grc' dir='ltr'><strong>ιιι</strong></span> <span class='ocrx_word' id='word_1_142' title='bbox 1383 2310 1444 2372; x_wconf 87' lang='lat' dir='ltr'><strong>sibi</strong></span> <span class='ocrx_word' id='word_1_143' title='bbox 1470 2310 1553 2372; x_wconf 84' lang='lat' dir='ltr'><strong>vide·</strong></span> 
     </span>
    </p>

    <p class='ocr_par' dir='ltr' id='par_1_10' title="bbox 197 2403 1597 2491">
     <span class='ocr_line' id='line_1_20' title="bbox 197 2403 1597 2491; baseline 0 -25"><span class='ocrx_word' id='word_1_144' title='bbox 197 2411 349 2483; x_wconf 74' lang='lat' dir='ltr'><strong>robatur,</strong></span> <span class='ocrx_word' id='word_1_145' title='bbox 374 2406 424 2480; x_wconf 92' lang='lat' dir='ltr'><strong>id,</strong></span> <span class='ocrx_word' id='word_1_146' title='bbox 449 2407 537 2491; x_wconf 84' lang='lat' dir='ltr'><strong>quod</strong></span> <span class='ocrx_word' id='word_1_147' title='bbox 568 2417 650 2466; x_wconf 87' lang='lat' dir='ltr'><strong>esset</strong></span> <span class='ocrx_word' id='word_1_148' title='bbox 676 2405 894 2485; x_wconf 86' lang='lat' dir='ltr'><strong>inprosperttut</strong></span> <span class='ocrx_word' id='word_1_149' title='bbox 924 2403 969 2463; x_wconf 90' lang='lat' dir='ltr'><strong>rei</strong></span> <span class='ocrx_word' id='word_1_150' title='bbox 997 2425 1051 2484; x_wconf 94' lang='lat' dir='ltr'><strong>p.·,</strong></span> <span class='ocrx_word' id='word_1_151' title='bbox 1086 2404 1111 2465; x_wconf 85' lang='lat' dir='ltr'><strong>si</strong></span> <span class='ocrx_word' id='word_1_152' title='bbox 1141 2403 1273 2468; x_wconf 84' lang='lat' dir='ltr'><strong>Clodius</strong></span> <span class='ocrx_word' id='word_1_153' title='bbox 1306 2405 1439 2467; x_wconf 79' lang='lat' dir='ltr'><strong>vireret.</strong></span> <span class='ocrx_word' id='word_1_154' title='bbox 1488 2407 1553 2469; x_wconf 86' lang='lat' dir='ltr'><strong>Nee</strong></span> <span class='ocrx_word' id='word_1_155' title='bbox 1595 2417 1597 2421; x_wconf 80' lang='grc'><strong>“</strong></span> 
     </span>
    </p>
   </div>
   <div class='ocr_carea' id='block_1_9' title="bbox 158 2496 1552 2670">
    <p class='ocr_par' dir='ltr' id='par_1_11' title="bbox 158 2496 1552 2670">
     <span class='ocr_line' id='line_1_21' title="bbox 240 2496 1552 2584; baseline -0.004 -21"><span class='ocrx_word' id='word_1_156' title='bbox 240 2501 340 2584; x_wconf 84' lang='lat' dir='ltr'><strong>magis</strong></span> <span class='ocrx_word' id='word_1_157' title='bbox 362 2500 482 2563; x_wconf 79' lang='lat' dir='ltr'><strong>veritus</strong></span> <span class='ocrx_word' id='word_1_158' title='bbox 504 2511 552 2561; x_wconf 89' lang='lat' dir='ltr'><strong>est</strong></span> <span class='ocrx_word' id='word_1_159' title='bbox 578 2500 640 2560; x_wconf 89' lang='lat' dir='ltr'><strong>hoc</strong></span> <span class='ocrx_word' id='word_1_160' title='bbox 661 2497 787 2571; x_wconf 87' lang='lat' dir='ltr'><strong>dicere,</strong></span> <span class='ocrx_word' id='word_1_161' title='bbox 813 2517 904 2579; x_wconf 89' lang='lat' dir='ltr'><strong>quam</strong></span> <span class='ocrx_word' id='word_1_162' title='bbox 933 2496 1099 2577; x_wconf 73' lang='lat' dir='ltr'><strong>prospexit</strong></span> <span class='ocrx_word' id='word_1_163' title='bbox 1128 2496 1205 2560; x_wconf 88' lang='lat' dir='ltr'><strong>illud</strong></span> <span class='ocrx_word' id='word_1_164' title='bbox 1228 2499 1365 2560; x_wconf 86' lang='lat' dir='ltr'><strong>loturum</strong></span> <span class='ocrx_word' id='word_1_165' title='bbox 1393 2519 1456 2579; x_wconf 92' lang='lat' dir='ltr'><strong>pro</strong></span> <span class='ocrx_word' id='word_1_166' title='bbox 1489 2497 1552 2560; x_wconf 87' lang='lat' dir='ltr'><strong>Mi·</strong></span> 
     </span>
     <span class='ocr_line' id='line_1_22' title="bbox 158 2583 1550 2670; baseline -0.003 -15"><span class='ocrx_word' id='word_1_167' title='bbox 158 2583 165 2598; x_wconf 29' lang='grc' dir='ltr'><strong>Χ</strong></span> <span class='ocrx_word' id='word_1_168' title='bbox 238 2595 329 2670; x_wconf 87' lang='lat' dir='ltr'><strong>lone,</strong></span> <span class='ocrx_word' id='word_1_169' title='bbox 353 2594 380 2663; x_wconf 87' lang='lat' dir='ltr'><strong>ai</strong></span> <span class='ocrx_word' id='word_1_170' title='bbox 401 2594 482 2657; x_wconf 86' lang='lat' dir='ltr'><strong>iuter</strong></span> <span class='ocrx_word' id='word_1_171' title='bbox 504 2603 661 2655; x_wconf 81' lang='lat' dir='ltr'><strong>extremas</strong></span> <span class='ocrx_word' id='word_1_172' title='bbox 684 2589 875 2652; x_wconf 71' lang='lat' dir='ltr'><strong>calamitates</strong></span> <span class='ocrx_word' id='word_1_173' title='bbox 898 2611 967 2651; x_wconf 89' lang='lat' dir='ltr'><strong>eum</strong></span> <span class='ocrx_word' id='word_1_174' title='bbox 991 2590 1090 2652; x_wconf 85' lang='lat' dir='ltr'><strong>civem</strong></span> <span class='ocrx_word' id='word_1_175' title='bbox 1115 2592 1271 2665; x_wconf 80' lang='lat' dir='ltr'><strong>referret,</strong></span> <span class='ocrx_word' id='word_1_176' title='bbox 1296 2592 1383 2652; x_wconf 86' lang='lat' dir='ltr'><strong>cuius</strong></span> <span class='ocrx_word' id='word_1_177' title='bbox 1406 2591 1550 2653; x_wconf 85' lang='lat' dir='ltr'><strong>interitus</strong></span> 
     </span>
    </p>
   </div>
   <div class='ocr_carea' id='block_1_10' title="bbox 238 2683 929 2769">
    <p class='ocr_par' dir='ltr' id='par_1_12' title="bbox 238 2683 929 2769">
     <span class='ocr_line' id='line_1_23' title="bbox 238 2683 929 2769; baseline -0.009 -19"><span class='ocrx_word' id='word_1_178' title='bbox 238 2688 294 2769; x_wconf 87' lang='lat' dir='ltr'><strong>[P.</strong></span> <span class='ocrx_word' id='word_1_179' title='bbox 321 2685 407 2766; x_wconf 67' lang='lat' dir='ltr'><strong>tiu]</strong></span> <span class='ocrx_word' id='word_1_180' title='bbox 431 2683 572 2750; x_wconf 72' lang='lat' dir='ltr'><strong>felicitati</strong></span> <span class='ocrx_word' id='word_1_181' title='bbox 594 2683 740 2766; x_wconf 80' lang='lat' dir='ltr'><strong>ptsblice²</strong></span> <span class='ocrx_word' id='word_1_182' title='bbox 762 2683 929 2746; x_wconf 88' lang='lat' dir='ltr'><strong>iudicetur.</strong></span> 
     </span>
    </p>
   </div>
   <div class='ocr_carea' id='block_1_11' title="bbox 314 2805 1549 2905">
    <p class='ocr_par' dir='ltr' id='par_1_13' title="bbox 314 2805 1549 2905">
     <span class='ocr_line' id='line_1_24' title="bbox 314 2805 1549 2905; baseline -0.002 -21"><span class='ocrx_word' id='word_1_183' title='bbox 314 2805 351 2884; x_wconf 86' lang='grc'><strong>2.</strong></span> <span class='ocrx_word' id='word_1_184' title='bbox 379 2810 457 2884; x_wconf 85' lang='lat' dir='ltr'><strong>vos</strong></span> <span class='ocrx_word' id='word_1_185' title='bbox 484 2835 553 2886; x_wconf 90' lang='lat' dir='ltr'><strong>oro</strong></span> <span class='ocrx_word' id='word_1_186' title='bbox 581 2811 845 2905; x_wconf 83' lang='lat' dir='ltr'><strong>obtusiorque,</strong></span> <span class='ocrx_word' id='word_1_187' title='bbox 872 2809 1032 2901; x_wconf 85' lang='lat' dir='ltr'><strong>iudices,</strong></span> <span class='ocrx_word' id='word_1_188' title='bbox 1059 2818 1099 2880; x_wconf 89' lang='lat' dir='ltr'><strong>ut</strong></span> <span class='ocrx_word' id='word_1_189' title='bbox 1118 2809 1153 2878; x_wconf 88' lang='lat' dir='ltr'><strong>in</strong></span> <span class='ocrx_word' id='word_1_190' title='bbox 1172 2811 1366 2880; x_wconf 83' lang='lat' dir='ltr'><strong>sortientiis</strong></span> <span class='ocrx_word' id='word_1_191' title='bbox 1386 2809 1549 2882; x_wconf 83' lang='lat' dir='ltr'><strong>secundis</strong></span> 
     </span>
    </p>
   </div>
   <div class='ocr_carea' id='block_1_12' title="bbox 195 2918 846 3022">
    <p class='ocr_par' dir='ltr' id='par_1_14' title="bbox 195 2918 846 3022">
     <span class='ocr_line' id='line_1_25' title="bbox 195 2918 846 3022; baseline -0.005 -28"><span class='ocrx_word' id='word_1_192' title='bbox 195 2925 336 3022; x_wconf 65' lang='lat' dir='ltr'><strong>equod</strong></span> <span class='ocrx_word' id='word_1_193' title='bbox 364 2924 552 3018; x_wconf 85' lang='lat' dir='ltr'><strong>sentiatis,</strong></span> <span class='ocrx_word' id='word_1_194' title='bbox 579 2921 616 2993; x_wconf 88' lang='lat' dir='ltr'><strong>id</strong></span> <span class='ocrx_word' id='word_1_195' title='bbox 644 2921 810 2993; x_wconf 86' lang='lat' dir='ltr'><strong>audeatis</strong></span> <span class='ocrx_word' id='word_1_196' title='bbox 820 2918 846 2991; x_wconf 79' lang='lat'><strong>⁸.</strong></span> 
     </span>
    </p>
   </div>
   <div class='ocr_carea' id='block_1_13' title="bbox 235 3036 1548 3290">
    <p class='ocr_par' dir='ltr' id='par_1_15' title="bbox 235 3036 1548 3290">
     <span class='ocr_line' id='line_1_26' title="bbox 321 3036 1546 3118; baseline -0.006 -14"><span class='ocrx_word' id='word_1_197' title='bbox 321 3041 519 3104; x_wconf 77' lang='lat' dir='ltr'><strong>Destituit-ns⁸</strong></span> <span class='ocrx_word' id='word_1_198' title='bbox 542 3050 652 3102; x_wconf 90' lang='lat' dir='ltr'><strong>orator</strong></span> <span class='ocrx_word' id='word_1_199' title='bbox 674 3039 717 3101; x_wconf 91' lang='lat' dir='ltr'><strong>ibi</strong></span> <span class='ocrx_word' id='word_1_200' title='bbox 740 3039 832 3100; x_wconf 84' lang='lat' dir='ltr'><strong>linem</strong></span> <span class='ocrx_word' id='word_1_201' title='bbox 856 3036 983 3118; x_wconf 83' lang='lat' dir='ltr'><strong>posuit,</strong></span> <span class='ocrx_word' id='word_1_202' title='bbox 1009 3036 1060 3098; x_wconf 92' lang='lat' dir='ltr'><strong>ubi</strong></span> <span class='ocrx_word' id='word_1_203' title='bbox 1079 3037 1210 3099; x_wconf 84' lang='lat' dir='ltr'><strong>maxime</strong></span> <span class='ocrx_word' id='word_1_204' title='bbox 1232 3039 1446 3099; x_wconf 83' lang='lat' dir='ltr'><strong>necessarium</strong></span> <span class='ocrx_word' id='word_1_205' title='bbox 1465 3039 1546 3099; x_wconf 86' lang='lat' dir='ltr'><strong>ride-</strong></span> 
     </span>
     <span class='ocr_line' id='line_1_27' title="bbox 236 3130 1548 3215; baseline -0.004 -18"><span class='ocrx_word' id='word_1_206' title='bbox 236 3136 348 3209; x_wconf 81' lang='lat' dir='ltr'><strong>batur,</strong></span> <span class='ocrx_word' id='word_1_207' title='bbox 373 3156 411 3196; x_wconf 88' lang='lat' dir='ltr'><strong>ne</strong></span> <span class='ocrx_word' id='word_1_208' title='bbox 434 3134 552 3197; x_wconf 84' lang='lat' dir='ltr'><strong>iudices</strong></span> <span class='ocrx_word' id='word_1_209' title='bbox 574 3133 605 3194; x_wconf 91' lang='lat' dir='ltr'><strong>in</strong></span> <span class='ocrx_word' id='word_1_210' title='bbox 628 3130 861 3215; x_wconf 87' lang='lat' dir='ltr'><strong>pronuntiando</strong></span> <span class='ocrx_word' id='word_1_211' title='bbox 884 3131 1071 3213; x_wconf 88' lang='lat' dir='ltr'><strong>Pompeium</strong></span> <span class='ocrx_word' id='word_1_212' title='bbox 1097 3130 1263 3205; x_wconf 87' lang='lat' dir='ltr'><strong>timerent,</strong></span> <span class='ocrx_word' id='word_1_213' title='bbox 1288 3154 1378 3215; x_wconf 86' lang='lat' dir='ltr'><strong>qttem</strong></span> <span class='ocrx_word' id='word_1_214' title='bbox 1403 3152 1548 3213; x_wconf 48' lang='lat' dir='ltr'><strong>praeseus</strong></span> 
     </span>
     <span class='ocr_line' id='line_1_28' title="bbox 235 3227 842 3290; baseline -0.007 0"><span class='ocrx_word' id='word_1_215' title='bbox 235 3238 298 3290; x_wconf 85' lang='lat' dir='ltr'><strong>tem</strong></span> <span class='ocrx_word' id='word_1_216' title='bbox 321 3239 471 3290; x_wconf 85' lang='lat' dir='ltr'><strong>verentur</strong></span> <span class='ocrx_word' id='word_1_217' title='bbox 481 3227 520 3289; x_wconf 83' lang='lat'><strong>¹⁰.</strong></span> <span class='ocrx_word' id='word_1_218' title='bbox 841 3228 842 3233; x_wconf 73' lang='grc'>’</span> 
     </span>
    </p>
   </div>
   <div class='ocr_carea' id='block_1_14' title="bbox 689 3365 1098 3596">
    <p class='ocr_par' dir='ltr' id='par_1_16' title="bbox 689 3365 1098 3596">
     <span class='ocr_line' id='line_1_29' title="bbox 689 3365 1098 3441; baseline 0.007 -3"><span class='ocrx_word' id='word_1_219' title='bbox 689 3365 812 3440; x_wconf 82' lang='lat' dir='ltr'><strong>PRO</strong></span> <span class='ocrx_word' id='word_1_220' title='bbox 850 3366 1098 3441; x_wconf 85' lang='lat' dir='ltr'><strong>MILONE</strong></span> 
     </span>
     <span class='ocr_line' id='line_1_30' title="bbox 761 3521 1072 3596; baseline -0.006 0"><span class='ocrx_word' id='word_1_221' title='bbox 761 3521 1025 3596; x_wconf 80' lang='lat' dir='ltr'><em>EXPLICIT.</em></span> <span class='ocrx_word' id='word_1_222' title='bbox 1070 3527 1072 3530; x_wconf 74' lang='grc'>’</span> 
     </span>
    </p>
   </div>
   <div class='ocr_carea' id='block_1_15' title="bbox 305 3728 1545 3987">
    <p class='ocr_par' dir='ltr' id='par_1_17' title="bbox 305 3728 1545 3987">
     <span class='ocr_line' id='line_1_31' title="bbox 305 3728 1545 3786; baseline -0.001 -8"><span class='ocrx_word' id='word_1_223' title='bbox 305 3733 329 3778; x_wconf 81' lang='lat'><strong>1.</strong></span> <span class='ocrx_word' id='word_1_224' title='bbox 350 3734 410 3778; x_wconf 80' lang='lat' dir='ltr'><strong>eoa.</strong></span> <span class='ocrx_word' id='word_1_225' title='bbox 430 3735 642 3777; x_wconf 76' lang='lat' dir='ltr'><strong>circumstantem.</strong></span> <span class='ocrx_word' id='word_1_226' title='bbox 680 3728 705 3775; x_wconf 82' lang='grc'><strong>2.</strong></span> <span class='ocrx_word' id='word_1_227' title='bbox 727 3732 814 3786; x_wconf 77' lang='lat' dir='ltr'><strong>Supple</strong></span> <span class='ocrx_word' id='word_1_228' title='bbox 832 3744 902 3773; x_wconf 88' lang='lat' dir='ltr'><strong>unum</strong></span> <span class='ocrx_word' id='word_1_229' title='bbox 921 3744 973 3778; x_wconf 86' lang='lat' dir='ltr'><strong>roc.</strong></span> <span class='ocrx_word' id='word_1_230' title='bbox 988 3731 1032 3778; x_wconf 83' lang='lat' dir='ltr'><strong>Gr.</strong></span> <span class='ocrx_word' id='word_1_231' title='bbox 1072 3728 1096 3775; x_wconf 87' lang='lat'><strong>3.</strong></span> <span class='ocrx_word' id='word_1_232' title='bbox 1115 3731 1175 3774; x_wconf 84' lang='lat' dir='ltr'><strong>Cod.</strong></span> <span class='ocrx_word' id='word_1_233' title='bbox 1195 3731 1341 3776; x_wconf 80' lang='lat' dir='ltr'><strong>ansresdem.</strong></span> <span class='ocrx_word' id='word_1_234' title='bbox 1380 3732 1405 3779; x_wconf 70' lang='lat' dir='ltr'><strong>i.</strong></span> <span class='ocrx_word' id='word_1_235' title='bbox 1426 3734 1545 3785; x_wconf 60' lang='lat' dir='ltr'><strong>(fortasse</strong></span> 
     </span>
     <span class='ocr_line' id='line_1_32' title="bbox 372 3798 1543 3862; baseline 0 -16"><span class='ocrx_word' id='word_1_236' title='bbox 372 3802 476 3862; x_wconf 76' lang='lat' dir='ltr'><strong>quodum</strong></span> <span class='ocrx_word' id='word_1_237' title='bbox 494 3801 574 3846; x_wconf 79' lang='lat' dir='ltr'><strong>enoda.</strong></span> <span class='ocrx_word' id='word_1_238' title='bbox 595 3801 653 3854; x_wconf 80' lang='lat' dir='ltr'><strong>os.)</strong></span> <span class='ocrx_word' id='word_1_239' title='bbox 689 3801 713 3846; x_wconf 82' lang='lat'><strong>5.</strong></span> <span class='ocrx_word' id='word_1_240' title='bbox 734 3802 870 3846; x_wconf 76' lang='lat' dir='ltr'><strong>Versiculos</strong></span> <span class='ocrx_word' id='word_1_241' title='bbox 885 3801 1048 3843; x_wconf 86' lang='lat' dir='ltr'><strong>cutndittsitlio</strong></span> <span class='ocrx_word' id='word_1_242' title='bbox 1064 3814 1158 3845; x_wconf 82' lang='lat' dir='ltr'><strong>vacuus.</strong></span> <span class='ocrx_word' id='word_1_243' title='bbox 1197 3798 1221 3845; x_wconf 87' lang='grc'><strong>6.</strong></span> <span class='ocrx_word' id='word_1_244' title='bbox 1241 3801 1301 3845; x_wconf 84' lang='lat' dir='ltr'><strong>Cod.</strong></span> <span class='ocrx_word' id='word_1_245' title='bbox 1321 3805 1543 3862; x_wconf 74' lang='lat' dir='ltr'><strong>inelegantiaat&#39;saa.</strong></span> 
     </span>
     <span class='ocr_line' id='line_1_33' title="bbox 372 3867 1544 3938; baseline -0.003 -20"><span class='ocrx_word' id='word_1_246' title='bbox 372 3871 395 3918; x_wconf 84' lang='lat' dir='ltr'><strong>l.</strong></span> <span class='ocrx_word' id='word_1_247' title='bbox 418 3874 451 3916; x_wconf 90' lang='lat' dir='ltr'><strong>lta</strong></span> <span class='ocrx_word' id='word_1_248' title='bbox 477 3872 537 3916; x_wconf 85' lang='lat' dir='ltr'><strong>Cod.</strong></span> <span class='ocrx_word' id='word_1_249' title='bbox 575 3868 600 3916; x_wconf 88' lang='lat'><strong>8.</strong></span> <span class='ocrx_word' id='word_1_250' title='bbox 626 3872 686 3917; x_wconf 78' lang='lat' dir='ltr'><strong>(iod.</strong></span> <span class='ocrx_word' id='word_1_251' title='bbox 715 3869 824 3915; x_wconf 70' lang='lat' dir='ltr'><strong>auderti.</strong></span> <span class='ocrx_word' id='word_1_252' title='bbox 863 3868 887 3915; x_wconf 80' lang='grc'><strong>9.</strong></span> <span class='ocrx_word' id='word_1_253' title='bbox 916 3871 985 3938; x_wconf 29' lang='grc' dir='ltr'><strong>(Ιιιες.</strong></span> <span class='ocrx_word' id='word_1_254' title='bbox 1014 3868 1159 3915; x_wconf 82' lang='lat' dir='ltr'><strong>Desiturue.</strong></span> <span class='ocrx_word' id='word_1_255' title='bbox 1185 3869 1243 3924; x_wconf 87' lang='lat' dir='ltr'><strong>Oa.)</strong></span> <span class='ocrx_word' id='word_1_256' title='bbox 1287 3867 1326 3916; x_wconf 80' lang='grc'><strong>10.</strong></span> <span class='ocrx_word' id='word_1_257' title='bbox 1349 3873 1464 3919; x_wconf 76' lang='lat' dir='ltr'><strong>Fortasse</strong></span> <span class='ocrx_word' id='word_1_258' title='bbox 1482 3888 1544 3917; x_wconf 83' lang='lat' dir='ltr'><strong>aare·</strong></span> 
     </span>
     <span class='ocr_line' id='line_1_34' title="bbox 370 3941 548 3987; baseline 0 -2"><span class='ocrx_word' id='word_1_259' title='bbox 370 3941 469 3986; x_wconf 73' lang='lat' dir='ltr'><strong>tantur.</strong></span> <span class='ocrx_word' id='word_1_260' title='bbox 501 3941 548 3987; x_wconf 74' lang='lat'><strong>0⁸.</strong></span> 
     </span>
    </p>
   </div>
   <div class='ocr_carea' id='block_1_16' title="bbox 232 4057 1543 4361">
    <p class='ocr_par' dir='ltr' id='par_1_18' title="bbox 232 4057 1543 4361">
     <span class='ocr_line' id='line_1_35' title="bbox 232 4057 1543 4129; baseline -0.001 -14"><span class='ocrx_word' id='word_1_261' title='bbox 232 4062 343 4115; x_wconf 78' lang='lat' dir='ltr'><strong>deestis</strong></span> <span class='ocrx_word' id='word_1_262' title='bbox 360 4063 513 4113; x_wconf 79' lang='lat' dir='ltr'><strong>virtutibus</strong></span> <span class='ocrx_word' id='word_1_263' title='bbox 532 4068 607 4127; x_wconf 86' lang='lat' dir='ltr'><strong>(uam</strong></span> <span class='ocrx_word' id='word_1_264' title='bbox 630 4061 724 4112; x_wconf 76' lang='lat' dir='ltr'><strong>tessus</strong></span> <span class='ocrx_word' id='word_1_265' title='bbox 745 4074 885 4111; x_wconf 82' lang='lat' dir='ltr'><strong>auctorem</strong></span> <span class='ocrx_word' id='word_1_266' title='bbox 908 4058 1073 4129; x_wconf 79' lang='lat' dir='ltr'><strong>titulumque</strong></span> <span class='ocrx_word' id='word_1_267' title='bbox 1092 4058 1145 4111; x_wconf 88' lang='lat' dir='ltr'><strong>hoc</strong></span> <span class='ocrx_word' id='word_1_268' title='bbox 1163 4057 1224 4111; x_wconf 88' lang='lat' dir='ltr'><strong>loco</strong></span> <span class='ocrx_word' id='word_1_269' title='bbox 1244 4059 1329 4127; x_wconf 85' lang='lat' dir='ltr'><strong>silet);</strong></span> <span class='ocrx_word' id='word_1_270' title='bbox 1359 4080 1543 4116; x_wconf 83' lang='lat' dir='ltr'><strong>verumtamen</strong></span> 
     </span>
     <span class='ocr_line' id='line_1_36' title="bbox 232 4133 1542 4191; baseline -0.004 0"><span class='ocrx_word' id='word_1_271' title='bbox 232 4139 326 4191; x_wconf 68' lang='lat' dir='ltr'><strong>festus</strong></span> <span class='ocrx_word' id='word_1_272' title='bbox 346 4137 411 4189; x_wconf 84' lang='lat' dir='ltr'><strong>alibi</strong></span> <span class='ocrx_word' id='word_1_273' title='bbox 433 4154 487 4189; x_wconf 85' lang='lat' dir='ltr'><strong>uon</strong></span> <span class='ocrx_word' id='word_1_274' title='bbox 508 4137 593 4189; x_wconf 88' lang='lat' dir='ltr'><strong>semel</strong></span> <span class='ocrx_word' id='word_1_275' title='bbox 613 4135 728 4188; x_wconf 84' lang='lat' dir='ltr'><strong>Catonis</strong></span> <span class='ocrx_word' id='word_1_276' title='bbox 749 4141 902 4187; x_wconf 83' lang='lat' dir='ltr'><strong>orationem</strong></span> <span class='ocrx_word' id='word_1_277' title='bbox 923 4133 1016 4186; x_wconf 83' lang='lat' dir='ltr'><strong>laudat</strong></span> <span class='ocrx_word' id='word_1_278' title='bbox 1035 4133 1069 4183; x_wconf 85' lang='lat' dir='ltr'><strong>de</strong></span> <span class='ocrx_word' id='word_1_279' title='bbox 1087 4141 1145 4183; x_wconf 81' lang='lat' dir='ltr'><strong>auis</strong></span> <span class='ocrx_word' id='word_1_280' title='bbox 1163 4135 1317 4185; x_wconf 83' lang='lat' dir='ltr'><strong>vr&#39;rttstt&#39;bna</strong></span> <span class='ocrx_word' id='word_1_281' title='bbox 1335 4146 1437 4189; x_wconf 82' lang='lat' dir='ltr'><strong>contra</strong></span> <span class='ocrx_word' id='word_1_282' title='bbox 1459 4138 1542 4190; x_wconf 75' lang='lat' dir='ltr'><strong>Tisar-</strong></span> 
     </span>
     <span class='ocr_line' id='line_1_37' title="bbox 232 4208 1542 4281; baseline -0.002 -17"><span class='ocrx_word' id='word_1_283' title='bbox 232 4232 314 4265; x_wconf 85' lang='lat' dir='ltr'><strong>mnnt.</strong></span> <span class='ocrx_word' id='word_1_284' title='bbox 364 4213 451 4266; x_wconf 77' lang='lat' dir='ltr'><strong>Aliter</strong></span> <span class='ocrx_word' id='word_1_285' title='bbox 477 4211 665 4264; x_wconf 72' lang='lat' dir='ltr'><strong>tremonti.</strong></span> <span class='ocrx_word' id='word_1_286' title='bbox 687 4226 745 4261; x_wconf 86' lang='lat' dir='ltr'><strong>vor.</strong></span> <span class='ocrx_word' id='word_1_287' title='bbox 766 4240 798 4252; x_wconf 92' lang='lat'><em>-</em></span> <span class='ocrx_word' id='word_1_288' title='bbox 823 4208 1001 4267; x_wconf 81' lang='lat' dir='ltr'><strong>Desideratus</strong></span> <span class='ocrx_word' id='word_1_289' title='bbox 1028 4215 1170 4262; x_wconf 85' lang='lat' dir='ltr'><strong>uniuersus</strong></span> <span class='ocrx_word' id='word_1_290' title='bbox 1197 4216 1341 4281; x_wconf 81' lang='lat' dir='ltr'><strong>quaternio</strong></span> <span class='ocrx_word' id='word_1_291' title='bbox 1367 4212 1457 4273; x_wconf 53' lang='lat' dir='ltr'><strong>uxta</strong></span> <span class='ocrx_word' id='word_1_292' title='bbox 1490 4227 1542 4266; x_wconf 86' lang='lat' dir='ltr'><strong>tura</strong></span> 
     </span>
     <span class='ocr_line' id='line_1_38' title="bbox 232 4284 1030 4361; baseline -0.005 -21"><span class='ocrx_word' id='word_1_293' title='bbox 232 4305 259 4342; x_wconf 90' lang='lat' dir='ltr'><strong>et</strong></span> <span class='ocrx_word' id='word_1_294' title='bbox 281 4292 396 4361; x_wconf 74' lang='lat' dir='ltr'><strong>paginae</strong></span> <span class='ocrx_word' id='word_1_295' title='bbox 416 4287 513 4340; x_wconf 84' lang='lat' dir='ltr'><strong>saltem</strong></span> <span class='ocrx_word' id='word_1_296' title='bbox 535 4286 603 4338; x_wconf 82' lang='lat' dir='ltr'><strong>duae</strong></span> <span class='ocrx_word' id='word_1_297' title='bbox 623 4284 810 4359; x_wconf 85' lang='lat' dir='ltr'><strong>praecedentis</strong></span> <span class='ocrx_word' id='word_1_298' title='bbox 831 4288 1030 4355; x_wconf 81' lang='lat' dir='ltr'><strong>quaternionis.</strong></span> 
     </span>
    </p>
   </div>
   <div class='ocr_carea' id='block_1_17' title="bbox 231 4414 1541 4713">
    <p class='ocr_par' dir='ltr' id='par_1_19' title="bbox 231 4414 1541 4644">
     <span class='ocr_line' id='line_1_39' title="bbox 307 4414 1541 4489; baseline -0.005 -15"><span class='ocrx_word' id='word_1_299' title='bbox 307 4424 350 4474; x_wconf 81' lang='lat'><strong>12.</strong></span> <span class='ocrx_word' id='word_1_300' title='bbox 371 4418 483 4471; x_wconf 80' lang='lat' dir='ltr'><strong>Scilicet</strong></span> <span class='ocrx_word' id='word_1_301' title='bbox 503 4421 562 4489; x_wconf 88' lang='lat' dir='ltr'><strong>ipse</strong></span> <span class='ocrx_word' id='word_1_302' title='bbox 583 4414 684 4472; x_wconf 85' lang='lat' dir='ltr'><strong>Caesar</strong></span> <span class='ocrx_word' id='word_1_303' title='bbox 698 4415 766 4469; x_wconf 88' lang='lat' dir='ltr'><strong>Bell.</strong></span> <span class='ocrx_word' id='word_1_304' title='bbox 781 4416 853 4470; x_wconf 86' lang='lat' dir='ltr'><strong>Gall.</strong></span> <span class='ocrx_word' id='word_1_305' title='bbox 875 4416 935 4467; x_wconf 90' lang='lat' dir='ltr'><strong>llll.</strong></span> <span class='ocrx_word' id='word_1_306' title='bbox 956 4419 981 4470; x_wconf 82' lang='grc' dir='ltr'><strong>ι.</strong></span> <span class='ocrx_word' id='word_1_307' title='bbox 1002 4418 1039 4467; x_wconf 87' lang='lat' dir='ltr'><strong>ait</strong></span> <span class='ocrx_word' id='word_1_308' title='bbox 1062 4432 1090 4468; x_wconf 93' lang='lat' dir='ltr'><strong>se</strong></span> <span class='ocrx_word' id='word_1_309' title='bbox 1111 4420 1269 4488; x_wconf 72' lang='lat' dir='ltr'><strong>cognovisse</strong></span> <span class='ocrx_word' id='word_1_310' title='bbox 1288 4414 1321 4468; x_wconf 84' lang='lat' dir='ltr'><strong>dr</strong></span> <span class='ocrx_word' id='word_1_311' title='bbox 1342 4414 1433 4469; x_wconf 84' lang='lat' dir='ltr'><strong>Clodii</strong></span> <span class='ocrx_word' id='word_1_312' title='bbox 1454 4415 1541 4478; x_wconf 85' lang='lat' dir='ltr'><strong>caede,</strong></span> 
     </span>
     <span class='ocr_line' id='line_1_40' title="bbox 232 4489 1541 4568; baseline -0.007 -19"><span class='ocrx_word' id='word_1_313' title='bbox 232 4512 315 4568; x_wconf 82' lang='lat' dir='ltr'><strong>quum</strong></span> <span class='ocrx_word' id='word_1_314' title='bbox 344 4495 378 4545; x_wconf 86' lang='lat' dir='ltr'><strong>sd</strong></span> <span class='ocrx_word' id='word_1_315' title='bbox 403 4507 555 4546; x_wconf 77' lang='lat' dir='ltr'><strong>conventus</strong></span> <span class='ocrx_word' id='word_1_316' title='bbox 582 4489 700 4563; x_wconf 78' lang='lat' dir='ltr'><strong>agendos</strong></span> <span class='ocrx_word' id='word_1_317' title='bbox 722 4489 950 4562; x_wconf 78' lang='lat' dir='ltr'><strong>proficisceretur.</strong></span> <span class='ocrx_word' id='word_1_318' title='bbox 1001 4490 1059 4542; x_wconf 84' lang='lat' dir='ltr'><strong>lam</strong></span> <span class='ocrx_word' id='word_1_319' title='bbox 1081 4492 1117 4559; x_wconf 89' lang='lat' dir='ltr'><strong>Q.</strong></span> <span class='ocrx_word' id='word_1_320' title='bbox 1137 4495 1300 4544; x_wconf 86' lang='lat' dir='ltr'><strong>Ciceronem</strong></span> <span class='ocrx_word' id='word_1_321' title='bbox 1323 4509 1370 4564; x_wconf 87' lang='lat' dir='ltr'><strong>per</strong></span> <span class='ocrx_word' id='word_1_322' title='bbox 1391 4493 1419 4544; x_wconf 89' lang='lat' dir='ltr'><strong>id</strong></span> <span class='ocrx_word' id='word_1_323' title='bbox 1440 4507 1541 4564; x_wconf 82' lang='lat' dir='ltr'><strong>tempus</strong></span> 
     </span>
     <span class='ocr_line' id='line_1_41' title="bbox 231 4562 1481 4644; baseline -0.002 -21"><span class='ocrx_word' id='word_1_324' title='bbox 231 4570 302 4644; x_wconf 88' lang='lat' dir='ltr'><strong>apud</strong></span> <span class='ocrx_word' id='word_1_325' title='bbox 329 4575 471 4621; x_wconf 80' lang='lat' dir='ltr'><strong>Caesarem</strong></span> <span class='ocrx_word' id='word_1_326' title='bbox 491 4565 574 4639; x_wconf 76' lang='lat' dir='ltr'><strong>legati</strong></span> <span class='ocrx_word' id='word_1_327' title='bbox 595 4585 707 4618; x_wconf 87' lang='lat' dir='ltr'><strong>munere</strong></span> <span class='ocrx_word' id='word_1_328' title='bbox 727 4562 884 4636; x_wconf 75' lang='lat' dir='ltr'><strong>fungentem</strong></span> <span class='ocrx_word' id='word_1_329' title='bbox 904 4571 1097 4637; x_wconf 72' lang='lat' dir='ltr'><strong>cognoscimus</strong></span> <span class='ocrx_word' id='word_1_330' title='bbox 1118 4582 1192 4619; x_wconf 85' lang='lat' dir='ltr'><strong>certe</strong></span> <span class='ocrx_word' id='word_1_331' title='bbox 1213 4583 1245 4619; x_wconf 85' lang='lat' dir='ltr'><strong>es</strong></span> <span class='ocrx_word' id='word_1_332' title='bbox 1265 4567 1353 4619; x_wconf 81' lang='lat' dir='ltr'><strong>Diuus</strong></span> <span class='ocrx_word' id='word_1_333' title='bbox 1374 4568 1435 4620; x_wconf 79' lang='lat' dir='ltr'><strong>itt.</strong></span> <span class='ocrx_word' id='word_1_334' title='bbox 1455 4571 1481 4625; x_wconf 87' lang='lat'><strong>9.</strong></span> 
     </span>
    </p>

    <p class='ocr_par' dir='ltr' id='par_1_20' title="bbox 305 4639 1377 4713">
     <span class='ocr_line' id='line_1_42' title="bbox 305 4639 1377 4713; baseline 0.003 -22"><span class='ocrx_word' id='word_1_335' title='bbox 305 4648 349 4703; x_wconf 75' lang='lat'><strong>50.</strong></span> <span class='ocrx_word' id='word_1_336' title='bbox 370 4641 540 4696; x_wconf 85' lang='lat' dir='ltr'><strong>Vocabulum</strong></span> <span class='ocrx_word' id='word_1_337' title='bbox 560 4643 675 4709; x_wconf 75' lang='lat' dir='ltr'><strong>explicit</strong></span> <span class='ocrx_word' id='word_1_338' title='bbox 696 4659 750 4692; x_wconf 88' lang='lat' dir='ltr'><strong>nou</strong></span> <span class='ocrx_word' id='word_1_339' title='bbox 771 4645 887 4713; x_wconf 71' lang='lat' dir='ltr'><strong>iegitur,</strong></span> <span class='ocrx_word' id='word_1_340' title='bbox 913 4645 977 4712; x_wconf 84' lang='lat' dir='ltr'><strong>quia</strong></span> <span class='ocrx_word' id='word_1_341' title='bbox 997 4639 1136 4695; x_wconf 85' lang='lat' dir='ltr'><strong>coloratus</strong></span> <span class='ocrx_word' id='word_1_342' title='bbox 1157 4659 1238 4695; x_wconf 87' lang='lat' dir='ltr'><strong>sucus</strong></span> <span class='ocrx_word' id='word_1_343' title='bbox 1259 4646 1377 4695; x_wconf 80' lang='lat' dir='ltr'><strong>erauult.</strong></span> 
     </span>
    </p>
   </div>
   <div class='ocr_carea' id='block_1_18' title="bbox 0 0 1610 5280">
    <p class='ocr_par' dir='ltr' id='par_1_21' title="bbox 0 0 1610 5280">
     <span class='ocr_line' id='line_1_43' title="bbox 0 0 1610 5280; baseline 0 6"><span class='ocrx_word' id='word_1_344' title='bbox 0 0 1610 5280; x_wconf 95' lang='lat' dir='ltr'><strong> </strong></span> 
     </span>
    </p>
   </div>
  </div>
 </body>
</html>
