3210 5280
162 223 203 289 it
306 283 311 291 .
599 234 620 284 .’
710 228 935 297 Ascoutus

163 375 299 449 utroque
320 365 439 431 firmate
463 377 523 431 est.
566 369 640 432 Hue
660 389 740 454 ergo
762 368 839 432 illud
861 368 1016 452 peitinet,
1039 389 1109 431 euru
1124 370 1242 432 iurasse
1266 365 1344 430 dixit
1367 365 1464 429 semel

161 459 308 543 privatim
335 471 367 522 et
394 459 508 522 iterum
532 460 619 546 lege,
654 473 718 524 tum
746 461 883 538 seilicet,
916 483 986 524 eum
1014 461 1046 524 in
1078 461 1249 526 Curionem
1279 459 1464 524 calumniam

160 551 289 616 iuravit.
348 552 428 617 Cum
458 554 520 617 hoe
548 567 649 618 autern
677 555 812 619 Metello
843 567 954 637 postea
988 554 1105 620 Gieero
1141 555 1311 618 simultates
1346 552 1463 638 gessit3

163 645 263 708 evasit
285 645 364 708 enim
388 645 536 709 Metellus
559 648 657 709 malus
679 659 772 732 atque
793 648 956 729 improbus
978 648 1069 711 civis.

136 740 152 789 5
240 738 379 820 Legem,
401 741 527 820 iuquit,
558 738 598 803 de
618 738 850 803 libertinorum
869 742 1047 822 suffragiis
1069 739 1240 806 Cornelius
1261 740 1294 804 C.
1314 738 1465 802 Manilio

162 826 261 890 dedit.
304 826 395 906 Quid
419 835 466 889 est
487 829 572 905 ltoe,
598 827 752 892 nunti?
784 826 958 893 distulit?
990 851 1036 892 uu
1054 829 1213 910 rogavit?
1245 848 1291 890 nu
1309 830 1466 890 lsortutus

167 916 241 980 est?
260 911 298 979 dt
320 917 434 978 tulisse
454 915 640 979 ridiculum
662 928 728 996 est,
753 922 855 1003 quusi
873 920 981 1002 legem
1002 920 1158 1002 ntiquom
1178 927 1240 980 ant
1259 916 1308 979 od
1323 914 1470 979 seriben-

162 1005 242 1069 dum
263 1004 442 1084 difficilem
462 1014 524 1066 out
544 1005 591 1067 od
608 1008 874 1089 excogitandum
894 1007 1117 1072 reconditum:
1147 1026 1236 1090 quae
1263 1008 1321 1070 lex
1338 1006 1467 1087 parteis

164 1096 216 1158 his
237 1096 333 1155 aunis
351 1113 420 1156 stou
439 1094 540 1156 modo
561 1098 709 1175 scripto,
730 1097 908 1162 sedetiam
929 1100 1004 1161 luta
1024 1106 1116 1162 esset.

120 1203 152 1254 so
245 1185 286 1246 Ρ.
310 1182 480 1264 Sulpicium
495 1182 526 1245 in
543 1184 702 1249 tribunatu
722 1188 803 1249 hene
817 1191 943 1250 eandem
959 1188 1061 1269 legem
1084 1183 1328 1269 significavimus
1341 1178 1464 1243 tulisse.

164 1276 254 1341 Tulit
263 1288 364 1339 autem
381 1277 424 1338 1..
438 1276 541 1355 Sylla,
555 1277 607 1359 qui
618 1284 734 1358 postes
743 1279 834 1342 Felix
847 1280 1020 1362 appellatus
1033 1291 1098 1354 est,
1122 1279 1165 1357 Q.
1178 1275 1334 1357 Pompeio
1350 1293 1467 1335 consu·

161 1369 263 1446 libus,
297 1381 367 1432 ente
394 1369 529 1433 XXIII.
560 1391 659 1432 nouos
686 1393 778 1455 quam
804 1374 880 1434 haec
905 1371 987 1434 dicta
1019 1386 1108 1447 sunt,
1143 1389 1291 1451 estsuper
1315 1366 1375 1428 vim
1397 1385 1465 1425 rem

160 1464 315 1545 publicam
338 1463 546 1544 possedisset,
576 1475 606 1524 et
636 1467 674 1526 ab
696 1463 790 1526 initiis
811 1465 963 1528 bonarum
986 1464 1142 1529 actionum
1165 1466 1203 1526 ad
1224 1460 1363 1543 perditas
1386 1476 1466 1537 pro·

162 1578 290 1640 gressus
312 1567 416 1619 esset:
442 1559 529 1639 quod
551 1568 582 1618 et
602 1556 723 1619 initium
745 1557 900 1621 bellorum
922 1557 1060 1620 civilium
1082 1558 1160 1633 litii,
1184 1568 1214 1619 et
1229 1551 1471 1637 propter-quod-

119 1671 150 1720 ts
162 1649 227 1730 ipse
249 1648 406 1729 Sulpicius
429 1648 566 1712 consulis
589 1650 681 1712 erinis
703 1652 771 1713 iure
794 1671 965 1732 oppressus
988 1671 1056 1713 esse
1078 1650 1164 1713 visus
1185 1661 1246 1712 est.

1239 1746 1467 1760 ι*

160 1789 194 1841 de
212 1789 339 1840 libertate
354 1806 490 1861 pergere,
509 1790 560 1841 sed
577 1799 670 1841 tamen
688 1792 734 1842 ille
753 1796 783 1842 iu
802 1792 965 1845 siber-tatem.
985 1792 1020 1844 de
1037 1810 1090 1864 quo
1109 1790 1126 1823 ⁸
1144 1810 1227 1861 neque
1246 1789 1307 1844 lid.
1326 1788 1467 1862 -facta

156 1870 254 1934 pantio
272 1871 331 1928 est,
361 1872 391 1914 ut
416 1882 501 1935 neque
529 1865 677 1917 arbitrium
702 1864 736 1917 de
755 1867 884 1918 libertate
902 1875 1017 1935 urgeret
1035 1872 1064 1919 iu
1082 1867 1228 1919 Metellum
1247 1866 1346 1930 Certo,
1380 1882 1468 1935 neque

159 1936 246 2010 Lngd.
266 1939 330 1992 ilot.
350 1939 429 1994 Man.
451 1941 531 1993 cren.
550 1968 588 1983 ·-
606 1940 720 2010 ,Locus
739 1945 846 2014 integer
866 1957 893 1996 et
912 1956 994 1996 snnns
1014 1946 1054 1994 tic
1073 1942 1171 2014 legitur
1190 1947 1220 1995 in
1239 1944 1378 2013 impressis
1399 1941 1469 1994 Ms-

159 2017 249 2080 nutii,
279 2017 420 2067 restitutus
445 2012 529 2066 modo
555 2030 625 2068 esset
650 2032 790 2069 exuetere
810 2016 1121 2089 sliquomsnuscripto‚
1150 2031 1178 2071 et
1197 2018 1285 2070 lector
1303 2020 1333 2068 in
1352 2014 1468 2067 scholiis

160 2087 327 2141 tdmonitus.
368 2089 446 2143 Meus
467 2092 610 2159 entiquus:
641 2088 815 2159 Peregeruut
841 2091 926 2142 *sed
942 2101 1036 2145 tamen
1055 2092 1102 2142 iile
1120 2097 1151 2143 itt
1168 2091 1338 2154 libertatem,
1359 2089 1393 2141 de
1413 2106 1468 2160 qua

159 2180 247 2234 ueqtte
264 2163 338 2215 Met.
355 2165 525 2231 perstaret.’'
556 2164 642 2217 tto‘r.
680 2165 722 2219 Tu
742 2182 821 2230 vero,
841 2167 1012 2232 Rutulusne,
1031 2171 1072 2218 vir
1093 2167 1313 2238 religiosissime,
1332 2163 1404 2217 nihil
1418 2183 1468 2217 un-

160 2252 242 2310 qunm
263 2242 291 2290 in
311 2238 388 2291 hisee
409 2243 616 2292 commentariis
636 2243 690 2292 nisi
712 2246 819 2293 monito
838 2241 940 2295 lectore
960 2241 1132 2295 immutasti!

252 2320 278 2368 i.
290 2310 428 2384 firmata]
459 2319 614 2365 iuramento
627 2311 752 2387 firmata
771 2318 836 2370 Hos.
856 2318 938 2371 Cren.
959 2316 1084 2373 bsrbsre.

231 2386 302 2440 lbld.
322 2388 396 2456 Huc]
423 2390 473 2441 lroc
493 2390 584 2442 Ptine.
604 2388 712 2443 Bersld,

253 2468 279 2518 2.
298 2466 398 2515 iterum
415 2464 493 2531 lege,
521 2471 578 2515 tum
597 2466 716 2531 seilicet,
743 2466 816 2531 essm]
849 2464 976 2536 Sigonius
1002 2492 1040 2506 -
1065 2468 1166 2515 iterum
1190 2463 1328 2532 legatum,
1357 2464 1464 2516 seilicet

158 2553 219 2591 snm
237 2540 330 2591 ceteri.
351 2565 386 2578 -
406 2543 507 2589 iterum
525 2539 587 2606 tege
606 2547 729 2590 eoactum
753 2537 897 2610 legendum
918 2543 1021 2613 poturit
1041 2538 1073 2593 Τ.
1093 2541 1205 2611 Popms.

234 2609 305 2664 ibid.
325 2611 504 2683 enitemuinm]
523 2629 573 2670 per
591 2614 757 2665 eairtutuiam
776 2613 883 2668 Berald.
904 2613 970 2668 ted.
991 2612 1076 2686 ltugd.
1113 2629 1117 2638 ·
1216 2632 1219 2637 ·

252 2689 279 2743 5.
299 2685 329 2739 C.
349 2686 485 2758 Manilio]
524 2690 617 2757 Sigon.
643 2706 675 2739 ex
701 2693 773 2740 conl.
800 2690 829 2741 Ρ.
851 2691 969 2743 uranu
996 2687 1192 2760 in1ed.postr.
1220 2716 1258 2729 -
1284 2703 1343 2738 eum
1362 2687 1466 2739 Mallio

159 2761 252 2814 Prine.
271 2758 380 2814 Bersld.
401 2760 460 2815 sid.
480 2780 595 2813 -eum
613 2761 725 2814 Maudio
745 2761 810 2815 Lod.
832 2763 915 2835 Lugd.
934 2765 999 2818 Hos.
1016 2791 1053 2804 —
1070 2781 1130 2815 euru
1148 2763 1271 2815 Manilio
1291 2762 1366 2815 Men.
1382 2763 1465 2815 Creo.

252 2839 278 2892 7.
299 2838 339 2886 At
358 2836 455 2888 tulisse
474 2835 618 2888 ridiculum
637 2841 689 2905 est]
720 2841 767 2891 Sie
786 2843 894 2910 scripsi.
914 2868 950 2882 -
977 2855 1015 2888 au
1034 2839 1129 2889 ttdisse
1148 2838 1293 2889 ridiculum
1311 2845 1354 2887 est
1373 2836 1465 2890 Prius.

158 2906 267 2963 Bersld.
288 2908 349 2964 tid.
369 2939 404 2953 -
422 2929 487 2962 uam
505 2911 602 2962 tulisse
620 2911 767 2964 ridietdum
785 2920 828 2964 est
847 2912 932 2986 Lngd.
952 2912 1016 2965 Hot.
1037 2913 1114 2968 Men.
1130 2912 1212 2965 Creo.
1226 2941 1259 2954 -
1272 2928 1328 2963 om.
1345 2910 1413 2964 Lod.
1427 2938 1465 2954 -

157 3002 223 3036 uam
241 2983 348 3036 dedisse
368 2988 462 3058 Sigon.
481 3004 496 3038 e
514 2989 674 3040 eonieetnrs
688 2989 818 3040 Msoutii.
837 3014 873 3028 —
904 2991 1042 3059 ,Vereor‚
1063 2991 1147 3040 ne·in
1166 2985 1249 3040 verbo
1268 2986 1366 3038 tulisse
1386 3003 1467 3037 rnen·

157 3057 224 3113 dnm
251 3063 296 3112 sit.
335 3059 474 3113 Interdum
499 3078 533 3112 ex
557 3060 616 3127 his,
645 3076 714 3133 quse
740 3077 905 3132 sequuntur,
934 3067 994 3135 eept
1020 3067 1222 3128 eonieetursm,
1252 3063 1348 3132 reponi
1369 3076 1467 3129 posse,

158 3134 329 3204 scripsisse.”
356 3135 501 3189 nitunt.
521 3139 550 3188 in
569 3133 612 3188 ed.
632 3152 718 3209 postr.
738 3164 771 3178 -
797 3136 936 3206 ,Crimini
957 3136 1086 3190 Cornelio
1104 3135 1232 3200 debetur,
1252 3134 1325 3205 quod
1345 3134 1466 3188 Manilio

157 3205 245 3281 legem
264 3207 340 3260 illsm
359 3206 495 3267 dedissett
515 3213 620 3280 quierit
640 3211 752 3274 Cicero,
772 3209 839 3282 quid
859 3213 926 3265 haee
944 3228 996 3264 vos
1014 3211 1067 3264 sibi
1087 3211 1165 3272 velim
1186 3217 1241 3264 ism
1261 3211 1327 3262 redit
1342 3213 1466 3281 ineptum

159 3300 234 3350 esse,
253 3297 378 3357 eppsret;
399 3299 464 3336 nem
484 3284 576 3337 tulisse
597 3286 775 3339 conveniebat
795 3286 958 3340 Monilinm:
988 3300 1078 3339 ntrum
1097 3301 1144 3339 sus
1163 3301 1276 3358 sponte,
1300 3300 1334 3335 sn
1355 3298 1370 3334 s
1390 3286 1466 3338 Cor-

158 3357 233 3412 nelio
252 3356 385 3430 impulsus
405 3375 492 3423 estet,
522 3358 718 3430 quserebstur;
749 3358 847 3414 deinde
874 3356 941 3412 uani
966 3359 1083 3415 silenum
1109 3376 1149 3414 est
1175 3366 1204 3414 in
1229 3365 1319 3433 primo
1339 3359 1466 3411 membro

158 3429 347 3492 refutationist
368 3437 467 3504 incipit
480 3439 553 3485 enim
569 3434 667 3486 Cicero
681 3436 841 3507 singulatim
854 3434 1011 3502 ostendere,
1026 3435 1097 3489 nihil
1110 3453 1220 3501 eorum,
1238 3451 1306 3506 quse
1320 3432 1368 3485 illo
1380 3433 1465 3485 uerbo

158 3507 393 3580 significarentur,
415 3511 444 3559 ln
463 3508 621 3561 Cornelium
642 3511 753 3562 cedere:
773 3525 799 3562 et
820 3515 849 3563 in
867 3509 908 3563 ed.
929 3511 954 3565 l.
973 3526 1015 3564 est
1033 3528 1072 3561 nu
1090 3511 1206 3573 tulisse3
1224 3523 1335 3581 apparet
1349 3524 1467 3578 utroque

158 3581 221 3635 loen
240 3599 299 3635 etse
319 3581 468 3646 mendum,
487 3581 685 3656 legendumque
704 3601 776 3638 esset
805 3585 882 3656 Quid
899 3593 942 3636 est
960 3582 1026 3650 hoe,
1043 3584 1190 3638 Dentri
1209 3582 1334 3636 Attulit?
1353 3601 1392 3636 on
1412 3600 1466 3634 ro-

157 3656 264 3727 gavit?
282 3675 319 3709 att
337 3656 466 3710 hortatus
484 3659 546 3709 est?
565 3659 705 3710 Attulisse
724 3659 869 3714 ridietdum
888 3668 931 3713 est
948 3658 1019 3712 cet.'’
1052 3660 1168 3714 MADV.

251 3735 279 3787 8.
298 3731 486 3800 reconditam]
515 3739 688 3801 recognitam
708 3735 799 3790 Ptine.
818 3734 925 3788 Bersld.

235 3814 278 3863 11.
297 3808 386 3874 legem
398 3804 622 3878 significavimus
635 3809 739 3862 tulisse.
758 3808 836 3862 Tulit
850 3811 958 3880 autem]
979 3807 1028 3862 Βία
1041 3813 1149 3882 scripsi.
1158 3808 1293 3875 -legem
1310 3803 1467 3880 signifiea-

159 3880 256 3934 biutus.
276 3881 355 3934 Tulit
367 3889 458 3934 autem
472 3885 561 3936 Ptine.
574 3882 682 3936 Beseld.
695 3911 733 3925 -
741 3883 830 3953 legem
838 3884 934 3935 tulisse
946 3881 1181 3952 significavimus.
1220 3882 1298 3936 Tulit
1304 3893 1400 3934 autem
1409 3878 1468 3936 eid.

158 3958 225 4010 ted
245 3955 285 4009 Lu
303 3954 330 4010 d.
350 3956 416 4010 Hot.
436 3956 514 4012 Men.
533 3959 628 4029 Slpon.
647 3984 685 4000 -
703 3958 793 4026 legem
812 3959 908 4010 tulisse
925 3957 1114 4031 significavit.
1135 3958 1202 4010 tutte
1219 3966 1311 4010 autem
1328 3957 1414 4011 Creo.

232 3975 304 4084 ibid.
322 4031 414 4098 Felix]
428 4029 528 4102 foelix
547 4033 640 4086 Prius.

233 4103 305 4159 lbid.
323 4107 480 4177 appellatus
497 4111 552 4176 est]
582 4107 748 4178 Medtlglns.
763 4128 803 4148 ⁸-
821 4108 977 4178 appellatus
994 4112 1064 4174 (om.
1084 4105 1139 4180 est)
1158 4111 1254 4161 ceteri.

235 4180 305 4233 lbtd.
327 4180 362 4249 Q.
383 4179 525 4252 Pompeio]
552 4182 586 4252 Q.
611 4182 729 4233 Metello
757 4179 826 4234 Lod.
850 4197 946 4235 eontra
967 4182 1098 4236 historiae
1124 4180 1205 4235 fidem
1228 4179 1295 4253 (vid.
1316 4180 1375 4233 tte.
1397 4178 1469 4246 epit.

159 4254 316 4321 mvn.)
341 4253 369 4308 id
388 4256 578 4308 tsntummodo
597 4272 722 4322 secutus,
748 4271 778 4309 nt
797 4253 918 4309 sedecim
946 4262 1010 4310 enni
1031 4261 1160 4311 intersint
1179 4261 1252 4309 inter
1271 4256 1342 4308 hene
1361 4254 1470 4307 omio-

158 4347 221 4382 nem
248 4331 371 4383 habitem
396 4345 425 4384 et
451 4329 529 4383 illum
555 4331 737 4385 consuetum.
780 4331 837 4384 Nos
864 4331 994 4384 mendum
1024 4337 1053 4385 in
1078 4348 1194 4384 numero
1219 4344 1354 4383 sonorem
1380 4330 1469 4380 inesse

158 4403 283 4458 srltitrsti
304 4422 408 4459 sumus.

230 4485 275 4537 12.
292 4487 359 4532 aute
379 4479 491 4537 ΧΧΙΙΙ.
509 4483 610 4548 anuos]
631 4479 708 4533 Mon.
729 4477 824 4550 Sigon.
846 4509 876 4520 -
898 4488 964 4532 aute
984 4480 1067 4535 XVI.
1085 4497 1175 4532 anuos
1192 4483 1289 4533 ceteri.

232 4557 277 4612 15.
294 4553 476 4624 possedisset,
490 4564 517 4607 et
530 4555 580 4627 ab]
602 4553 666 4608 Lod.
678 4581 713 4594 -
720 4556 875 4624 possideret
888 4564 915 4607 et
926 4554 962 4606 ab
976 4554 1083 4609 uertit.
1098 4584 1131 4598 -
1143 4554 1312 4626 possedisset
1324 4552 1359 4604 nb
1371 4557 1469 4606 ceteri.

232 4628 278 4684 tt.
297 4631 381 4695 esset]
415 4647 471 4683 om.
492 4628 576 4702 Lngd.
597 4630 661 4683 not.
681 4629 759 4683 Mun.
779 4631 860 4682 Creo.

231 4705 276 4760 15.
295 4705 416 4755 consulis
433 4711 521 4757 armis
539 4708 610 4773 iure]
648 4703 742 4775 Sigon.
770 4728 807 4744 ·-
834 4721 891 4758 ens.
915 4709 1004 4755 armis
1027 4708 1069 4756 ire
1095 4704 1188 4759 Ptine.
1214 4702 1277 4758 tid.
1305 4702 1370 4755 ilos.
1394 4705 1473 4757 tien.

157 4773 222 4850 (lise
241 4792 296 4832 tres
315 4783 450 4834 esterisco
469 4777 577 4854 eddits)
599 4809 630 4824 -
652 4797 710 4834 eos.
728 4784 816 4834 armis
832 4785 893 4833 irae
911 4777 1020 4835 Berstd.
1041 4777 1111 4834 Lod.
1129 4775 1217 4852 Lupd.
1240 4805 1279 4822 -
1303 4792 1362 4831 eos.
1382 4782 1473 4829 urreis
