3210 5280
408 196 412 201 ’
445 224 494 287 m
517 222 660 288 onir.
683 222 777 288 rito
799 217 999 288 macco.
1320 215 1380 279 rai

302 359 597 475 [Fragmentum
624 366 906 441 Mediolonemc
929 390 965 463 p.
992 358 1054 439 ³5.
1080 356 1162 461 [lb]

153 483 172 516 “
220 483 237 517 “
288 483 304 517 ’
342 494 533 558 externum
567 510 676 586 quum
710 486 911 585 domestica
944 487 1023 572 vita
1057 494 1263 581 naturaque
1299 505 1383 555 cou-

78 591 226 670 staret?
275 593 403 693 ltaque
437 621 510 670 non
537 601 678 696 patiar,
714 599 758 670 D.
792 598 917 693 Laeli,
956 608 992 672 te
1024 598 1093 670 tibi
1115 595 1188 668 boc
1214 616 1384 688 sumere,

78 720 188 806 atque
221 706 315 780 banc
349 709 485 780 ceteris
517 711 556 781 in
590 720 801 809 posterum,
840 711 948 782 nobis
972 711 1012 780 in
1037 727 1215 806 praesens
1241 714 1384 802 tempus

77 821 194 921 legem
212 820 531 918 conditionemque
549 822 792 896 constituere.
845 820 862 854 ⁸
879 822 896 855 ’
921 822 937 854 ⁸
963 820 1082 921 Quum
1100 816 1409 898 adulescentiam

78 934 243 1027 notaris,
279 956 390 1029 quum
423 933 595 1005 relicum¹
633 944 776 1030 tempus
810 934 940 1006 aetatis
967 930 1207 1030 turpitudinis
1232 930 1384 1002 maculis
1477 977 1479 982 ·

79 1045 356 1141 consperseris,
393 1067 502 1142 quum
538 1046 765 1142 privatarum
790 1068 916 1118 rerum
943 1049 1090 1141 ruinas,
1128 1071 1238 1146 quum
1265 1046 1385 1116 dome-

79 1158 193 1228 sticas
231 1155 354 1248 labes,
392 1145 502 1254 t‘puum
542 1159 717 1229 urbanam
753 1157 936 1231 infamiam
952 1214 970 1253 „
1014 1179 1124 1257 quum
1163 1158 1383 1256 Hispaniae,

79 1268 240 1361 Galliae,
279 1266 450 1362 Ciliciae,
489 1268 642 1363 Cretae,
680 1268 812 1365 quibus
839 1272 877 1341 in
899 1272 1101 1367 provinciis
1127 1295 1201 1343 non
1227 1271 1385 1342 obscure
1484 1359 1488 1366 1

78 1389 249 1451 versatus
284 1388 359 1472 est,
395 1380 485 1451 vitia
518 1389 555 1452 et
579 1379 716 1480 flagitia
750 1381 974 1478 protuleris3
1013 1393 1089 1455 tum
1116 1383 1272 1480 denique
1299 1378 1386 1476 quid
1399 1404 1428 1452 to

76 1487 252 1563 llulitae²
278 1499 316 1561 et
332 1489 473 1562 Lareni
499 1492 543 1563 dc
560 1489 605 1563 L.
624 1491 756 1564 Flacco
783 1492 993 1565 existiment
1018 1493 1217 1565 audiemus.
1270 1489 1386 1590 Quem

76 1626 167 1674 vero
195 1611 250 1674 tut
275 1611 349 1673 tam
375 1627 579 1701 gravesque
597 1605 813 1700 provinciae
830 1603 969 1676 salvum
988 1628 1069 1676 esse
1089 1605 1256 1702 cupiant,
1280 1627 1386 1700 quein

76 1713 225 1811 plurimi
251 1715 351 1786 cives
379 1724 455 1786 tota
482 1742 529 1789 ex
555 1715 661 1788 ltalia
687 1716 847 1788 devincti
872 1716 1154 1788 necessitudinis
1180 1708 1385 1788 vetustate³

77 1823 295 1915 defendant,
346 1851 451 1923 quem
489 1825 578 1900 baec
616 1829 817 1900 communis
852 1836 1021 1900 nostrum
1060 1828 1219 1899 omnium
1265 1817 1387 1923 patria

76 1945 233 2034 propter
251 1947 436 2010 recentem
455 1938 584 2011 summi
601 1940 998 2013 beneficiimemoriam
1025 1937 1214 2034 complexa
1241 1946 1429 2031 teneat315

77 2048 175 2120 bunc
208 2051 316 2121 etiam
351 2052 384 2121 si
416 2059 493 2122 tota
520 2051 607 2122 Asia
634 2051 801 2147 deposcit
826 2050 873 2121 ad
899 2050 1135 2146 supplicium,
1174 2048 1386 2143 defendam,

79 2162 263 2233 resistam.
314 2160 410 2261 Quid
437 2163 469 2234 si
495 2186 613 2260 neque
632 2170 709 2234 tota
727 2185 845 2258 neque
863 2164 998 2259 optime
1015 2186 1135 2259 neque
1152 2157 1385 2258 incorrupte⁸

78 2295 198 2370 neque
232 2295 297 2343 sua
330 2282 461 2369 sponte
489 2297 556 2344 nec
581 2275 662 2345 iure
688 2297 757 2345 nec
782 2297 885 2348 more
911 2298 979 2347 nec
1005 2297 1093 2345 vere
1119 2298 1188 2346 nec
1214 2273 1385 2373 religiose

79 2407 147 2455 nec
172 2377 345 2482 integre?
378 2385 412 2456 si
435 2380 624 2481 inpulsa⁵,
651 2385 685 2456 si
710 2383 927 2481 sollicitata,
967 2385 1000 2457 si
1025 2386 1229 2479 concitata,
1268 2389 1298 2458 si
1327 2409 1385 2458 co-

79 2503 180 2587 acta,
207 2495 240 2567 si
264 2496 396 2592 impia,
423 2496 457 2568 si
474 2505 633 2590 temere,
660 2497 693 2568 si
711 2493 886 2594 cupide⁶,
913 2498 946 2570 si
970 2499 1226 2572 inconstanter
1252 2521 1430 2575 numenio
1518 2493 1528 2516 ⁸

149 2689 174 2734 1.
194 2689 230 2732 lta
251 2691 304 2734 cod.
330 2703 373 2744 pro
394 2690 524 2750 reliquum.
569 2691 618 2736 Per
639 2694 757 2748 scriptura
784 2694 807 2739 in
833 2693 935 2752 antiquis
960 2693 1080 2738 codicibus
1107 2693 1167 2738 baud
1193 2707 1249 2737 raro
1273 2694 1388 2738 occurrii.

216 2756 242 2802 2.
262 2758 297 2802 lta
314 2760 368 2803 eod.
391 2773 434 2814 pro
459 2758 590 2808 Tmolitae.
626 2761 658 2805 iit
681 2764 776 2820 quidem
801 2759 885 2806 llloltts
913 2775 956 2818 pro
979 2758 1083 2807 Tmolus
1104 2777 1150 2806 sou
1169 2767 1234 2806 earet
1259 2765 1389 2817 exemplis.

217 2833 243 2872 ut
260 2829 306 2872 iant
327 2829 403 2873 critici
426 2829 620 2879 observaverunt.
658 2828 683 2876 ³.
702 2832 754 2890 ligo
773 2832 831 2876 oliuu
852 2832 960 2889 tegebant
983 2833 1006 2875 ia
1027 2835 1080 2877 cod.
1099 2831 1306 2875 necessitudinem
1324 2837 1389 2876 cetet-

216 2902 314 2944 siuiem.
334 2897 371 2941 ct.
391 2904 469 2943 autern
481 2898 630 2955 Petronius,
650 2915 689 2959 qut
711 2906 765 2956 poet
782 2915 818 2945 tne
838 2903 943 2945 codicem
956 2902 1023 2945 illurn
1043 2902 1194 2954 retractauit,
1214 2901 1248 2943 ait
1264 2902 1389 2958 selegisse

217 2966 399 3011 necessitudine
416 2981 447 3011 ue
464 2975 616 3014 vetustatem.
665 2967 689 3015 f.
709 2969 769 3014 Cod-
788 2983 864 3029 steqtte
884 2970 988 3026 optimos
1007 2983 1084 3030 neque
1104 2971 1278 3026 incorreptum
1304 2971 1347 3014 sed
1376 2983 1389 3013 s
1472 2980 1476 2991 ·

218 3039 359 3095 expungitur
380 3050 409 3082 aa
426 3038 541 3095 optimos.
578 3036 603 3085 5.
621 3037 726 3096 Inpulsu
747 3054 790 3095 pro
812 3039 941 3097 inprovise
968 3040 1031 3083 dedit
1048 3039 1196 3094 l’errouie23
1225 3040 1389 3093 peierantem

220 3106 290 3149 lectio
308 3107 359 3150 aius
382 3106 452 3151 dubio
475 3121 531 3152 sere
555 3112 605 3165 est3
636 3122 689 3152 uam
713 3113 736 3152 et
761 3109 900 3152 schedarum
919 3122 1025 3153 mearum
1048 3110 1135 3153 indicia
1162 3122 1214 3152 eam
1240 3108 1296 3170 inibi
1321 3111 1389 3163 piane
1442 3150 1449 3170 Ι

218 3176 325 3219 seedent.
363 3176 386 3222 d.
405 3176 457 3234 Ego
476 3177 533 3221 olim
556 3179 663 3237 legebam
681 3176 788 3235 putidet
812 3183 836 3221 ai
858 3178 931 3232 Patr.
951 3177 1055 3234 capide,
1079 3190 1219 3236 quamquam
1238 3181 1390 3222 obscuratum

215 3244 357 3288 uocabulum
373 3246 416 3290 eii.
452 3240 498 3310 Tui
514 3247 682 3306 cupide-taeei
700 3247 785 3292 Cicero
804 3247 828 3292 in
844 3248 887 3293 bec
910 3261 949 3291 or.
973 3261 1026 3304 cap.
1055 3247 1097 3293 11.
1126 3245 1167 3292 12.
1197 3243 1240 3292 21.
1263 3243 1323 3304 21.;
1349 3244 1390 3312 τῷ

214 3313 303 3371 putide
321 3317 383 3359 idem
398 3329 450 3371 cap.
469 3313 513 3360 22.

174 3419 201 3468 2.
221 3414 415 3485 Fragmentum
436 3416 489 3469 troc
508 3420 617 3471 ineam
636 3421 770 3472 orationis
795 3416 921 3470 lacunam
949 3415 1085 3484 incidere,
1115 3432 1183 3487 qnae
1209 3419 1282 3470 inter
1307 3432 1390 3484 eaput

82 3489 117 3544 lt.
136 3504 163 3542 et
187 3490 411 3559 litteratiori,
430 3488 548 3545 dubitari
568 3510 624 3545 non
643 3509 745 3566 potest.
783 3496 881 3564 Agitur
899 3497 973 3546 enim
994 3498 1087 3564 capite
1108 3493 1160 3546 111.
1179 3488 1213 3544 de
1232 3490 1389 3544 muneribus

82 3563 215 3620 aflacco
240 3569 323 3636 gestie
347 3582 403 3618 non
422 3570 482 3619 sine
501 3570 607 3635 optima
626 3566 698 3620 fama
719 3567 841 3641 pluribus
861 3571 889 3620 in
909 3572 1077 3641 provinciis,
1106 3568 1186 3621 etde
1207 3571 1317 3620 testium
1337 3570 1390 3618 ad-

81 3644 261 3692 eereariornm
289 3644 434 3709 iniquitate
458 3656 539 3710 atque
565 3641 748 3714 ignobilitate.
795 3645 882 3714 Atque
908 3647 937 3694 iu
961 3641 1163 3696 Mediolanensi
1182 3639 1336 3712 fragmento
1355 3639 1390 3693 de

80 3713 124 3766 itis
144 3718 212 3786 ipsis
233 3718 341 3784 agitur:
358 3730 416 3767 ram
436 3720 465 3767 iu
484 3713 605 3769 eiusdem
625 3723 796 3771 extremitate
816 3718 920 3771 dieitur
940 3716 1053 3771 Flaccus
1073 3735 1139 3790 puer
1158 3733 1220 3770 cum
1235 3731 1310 3788 patre
1324 3732 1391 3768 con-

81 3789 139 3842 sule
158 3787 193 3840 ed
212 3787 314 3842 bellum
335 3806 392 3843 este
411 3788 564 3863 profectus}
593 3795 674 3846 initio
700 3808 792 3846 autem
820 3798 919 3864 capitis
944 3791 998 3846 lli.
1025 3805 1138 3845 munera
1157 3791 1256 3863 quibus
1275 3789 1389 3843 Flaccus

82 3867 112 3916 in
131 3863 235 3934 reliqna
253 3868 308 3918 uite
327 3862 437 3920 functus
456 3882 497 3920 eet
518 3883 730 3938 percensentur;
749 3883 814 3940 erge
832 3865 1018 3939 fragmentum
1035 3883 1099 3921 aute
1117 3881 1200 3939 capnt
1213 3866 1266 3919 iil.
1279 3882 1389 3939 prorsus

85 3938 279 3991 ennoeandnrn
295 3939 358 3993 init.

176 4018 204 4072 5.
223 4013 401 4068 Membranae
428 4013 562 4088 particula
588 4013 710 4070 abacista
734 4013 803 4083 fuit,
835 4021 1027 4090 perieruntque
1045 4012 1177 4069 eocab'nta
1197 4014 1278 4089 paulo
1297 4017 1389 4067 minus

82 4091 107 4139 Vl
127 4091 192 4144 {mla

108 4107 124 4161 Β
174 4166 203 4221 9.
223 4165 254 4216 in
273 4166 408 4217 untionis
427 4167 600 4237 peroratione
620 4180 680 4239 esp.
699 4164 757 4220 xi„
776 4182 869 4219 rursm
888 4165 941 4218 ires
959 4167 1116 4239 provinciae
1134 4179 1187 4239 pro
1205 4163 1296 4217 ilscci
1311 4168 1391 4217 inno·

81 4240 173 4290 ocutis
193 4238 373 4310 appellantur.

157 4321 202 4370 tt.
221 4312 335 4367 Videtur
359 4330 461 4366 nomeu
487 4311 639 4367 derivatum
664 4315 699 4365 ab
718 4312 834 4388 ignobili
856 4318 935 4369 Asiae
954 4311 1095 4386 oppidulo.
1141 4313 1212 4366 Nam
1232 4312 1338 4367 ’i'nitins
1359 4330 1389 4367 ut

80 4390 195 4440 testium
214 4385 345 4460 infringat
364 4394 573 4455 auctoritatem,
592 4393 696 4460 petriee
715 4406 809 4443 eorum
828 4389 1025 4442 obscuritatem
1045 4386 1160 4441 deridet.
1197 4386 1311 4443 Erudite
1325 4405 1390 4440 vero

81 4462 226 4516 Cremerae
246 4469 304 4534 (qni
326 4481 387 4516 cum
407 4464 569 4517 Heinricltto
588 4467 698 4517 inuenta
718 4479 778 4517 mea
797 4464 1017 4518 Mediolanensia
1036 4461 1155 4528 recudit)
1183 4468 1246 4533 quia
1266 4463 1391 4534 [myssa

81 4536 146 4589 orbs
174 4539 288 4604 Cariae,
320 4537 497 4591 scribendum
527 4538 639 4612 putabat
666 4538 834 4611 Lorymarri,
865 4537 939 4612 quod
968 4555 1060 4593 rursus
1092 4538 1213 4593 scribere
1241 4539 1391 4610 Iarymettt‘

81 4612 260 4666 lleinrichius
280 4614 407 4667 malebat.

156 4693 201 4748 is.
222 4688 332 4742 flaccus
352 4690 515 4742 Ciceronem
536 4686 674 4741 adiuuerat
694 4691 723 4740 in
742 4685 921 4760 opprimenda
940 4689 1077 4742 Catilinae
1096 4691 1286 4742 coniuratione
1307 4692 1391 4741 trien·

81 4764 129 4816 stio
149 4777 212 4818 aute
232 4762 303 4818 banc
322 4769 486 4819 orationem.
518 4763 602 4837 (Lege
621 4763 820 4818 necessitudine
839 4780 872 4816 oc
892 4769 1036 4819 vetustate
1055 4779 1083 4821 et
1102 4785 1127 4820 e.
1146 4771 1192 4823 20.
1209 4768 1303 4836 s'sspie.
1324 4766 1391 4832 Ort.)
