3210 5280
159 216 220 282 ili
573 208 776 279 suttona
797 211 1046 279 soriensis

159 356 252 431 dicit,
287 355 373 440 qnod
401 353 483 419 iliius
511 353 614 418 edicto
642 337 753 416 luisset
772 347 825 416 Ἰ..
854 353 966 417 Aelius
992 372 1088 437 eques
1123 351 1188 430 lb,
1220 350 1273 416 oui
1300 349 1474 416 iamiliaris-

159 448 382 513 amicitiarum
405 449 456 512 M.
481 437 588 511 tullio
610 444 732 520 luerat,
755 445 929 530 relegatus.

234 572 410 646 XXXVI.
451 571 677 644 Iustissimos
714 571 873 643 omnium
905 569 1136 644 Metellorum
1174 579 1211 643 et
1236 568 1467 644 clarissimos

159 684 363 783 triumphos
389 683 532 783 gloriae
558 681 664 756 laude
692 683 891 782 superavit.

135 819 149 866 t
244 802 347 882 Qttum
378 810 475 863 seruet
505 798 605 881 ipsum
635 800 872 884 praepositurus
903 796 942 861 sit
973 797 1016 877 Q.
1048 797 1183 861 Metello
1212 797 1403 873 Numidico,
1437 808 1469 862 et

160 895 246 958 illum
266 904 377 968 tamen
406 891 624 975 copiosissime
652 894 775 969 laudat,
811 903 842 956 et
870 894 909 954 ad
937 892 1092 974 qtroddam
1120 891 1286 976 egregium
1308 893 1469 973 specimen

159 983 284 1050 uit-tntis
305 984 489 1067 amplificat:
512 986 597 1067 quod
619 986 761 1050 maluerit
783 985 813 1049 itt
836 983 962 1048 exilium
984 984 1056 1059 ire,
1079 1005 1170 1065 qtrant
1193 985 1297 1048 iurare
1318 985 1352 1048 iu
1374 985 1470 1068 'agra-

158 1079 237 1143 riam
268 1079 369 1162 legem
396 1075 514 1143 tribuni
545 1079 589 1160 pl.
614 1078 731 1160 Apulei
759 1077 929 1141 Saturnini.
973 1077 1095 1140 Verum
1125 1076 1201 1150 sibi,
1236 1088 1469 1161 utooeperam

161 1173 284 1246 dicere,
307 1171 376 1253 ipse
397 1168 521 1233 Tullius
543 1171 704 1235 maximam
720 1173 844 1234 landem
859 1169 1070 1252 praestruxit,
1094 1169 1148 1256 qui
1164 1172 1203 1233 ad
1217 1162 1344 1234 tutelam
1360 1172 1468 1234 salutis

24 1329 25 1332 ,
119 1264 308 1348 republicae
330 1262 510 1346 patientiam
532 1262 686 1327 discessus
709 1264 806 1341 illius,
831 1262 971 1346 qttamvis
992 1282 1054 1326 non
1076 1262 1228 1326 mediocri
1249 1284 1320 1326 cum
1343 1264 1466 1341 dolore,

162 1357 358 1439 susceperit;
383 1366 423 1418 'ut
446 1356 542 1419 multo
564 1356 604 1418 sit
624 1355 813 1420 laudabilior
834 1355 991 1432 Metello,
1026 1353 1080 1438 qui
1101 1375 1164 1420 uon
1185 1367 1248 1419 tam
1270 1375 1332 1441 pro
1355 1356 1469 1442 rigore

160 1450 330 1513 sententiae
355 1448 454 1512 suaell
500 1493 510 1513 .
556 1492 566 1512 .
612 1492 622 1513 .
930 1454 934 1465 “

493 1567 792 1672 [Desiderantur
809 1570 979 1680 paginae
1003 1566 1126 1670 duae]

237 1688 340 1765 XLI.
368 1683 403 1765 1.
433 1691 474 1766 O·
493 1690 672 1766 acerbam
697 1690 815 1784 mili,
843 1691 1007 1780 iudices,
1034 1691 1260 1764 memoriam
1287 1690 1469 1790 temporis

120 1797 289 1874 ¹⁵t'llt'us!
363 1829 366 1836 ·

245 1916 301 1997 [P.
325 1914 412 1997 190]
457 1956 467 1978 .
492 1957 502 1976 .
527 1958 536 1978 .
560 1914 779 1981 miserabiliter
799 1916 1023 2000 intellegatur3
1038 1906 1155 2000 'qttalis
1175 1914 1275 1978 lertne
1296 1914 1466 1998 lugentium

163 2020 371 2085 maerorem,
394 2029 475 2094 quos
496 2006 630 2092 impetus
651 2007 763 2072 nimiae
783 2008 926 2072 karitatis
947 2009 1100 2094 exagitat.

239 2128 275 2206 2.
304 2132 605 2207 Thessalonicam
632 2136 753 2206 mein
779 2135 1099 2233 quaestoriumque
1124 2133 1308 2231 perduxit.

243 2251 424 2332 Hospitium
447 2251 624 2334 quaestoris
646 2250 826 2335 significans
846 2251 977 2333 proprie
999 2253 1169 2314 secumdum
1191 2249 1378 2314 vocabulum
1402 2269 1464 2311 ma·

118 2372 149 2421 20
161 2342 324 2427 gistratum,
341 2342 461 2406 etiam¹
484 2345 556 2407 loeo
572 2342 632 2424 ipsi
654 2364 767 2406 nomen
789 2344 888 2407 dedit.
933 2346 1025 2407 Nune
1039 2355 1141 2405 atatem
1157 2343 1280 2419 omnia,
1305 2342 1463 2429 inquibus

159 2436 267 2500 variae
291 2435 455 2521 dignitatis
476 2437 635 2521 praesides
656 2436 815 2511 habitent,
837 2436 997 2518 praetoria
1020 2436 1234 2500 nominantur.

237 2560 356 2633 XLII.
384 2552 419 2635 1.
450 2559 658 2660 Siquidem
686 2584 752 2662 ego
780 2562 848 2634 tibi
871 2562 977 2634 vivus
1004 2584 1079 2633 non
1104 2584 1275 2658 prosum,
1303 2563 1367 2660 qui
1393 2559 1463 2633 for·

161 2683 260 2747 tasse
286 2683 451 2747 mortuus
478 2675 712 2772 profuissem.

246 2791 440 2855 Lacrimosis
462 2792 654 2854 lemmatibus
676 2790 737 2853 iant
760 2790 930 2873 perorat²‚
955 2788 1094 2851 adlectus
1110 2788 1201 2852 animi
1218 2789 1265 2851 sui
1286 2810 1356 2850 oum
1380 2788 1462 2852 varia

118 2896 150 2944 25
162 2884 361 2969 miseratione
391 2885 579 2967 prolueos³‚
616 2897 648 2947 nt
676 2894 793 2947 tautum
825 2880 932 2944 auxilii
961 2901 1033 2945 reus
1062 2884 1193 2960 habeat,
1228 2895 1379 2968 qnantum
1405 2903 1461 2946 tuo

160 2977 265 3042 dolori
285 2988 438 3061 patronus
462 2977 621 3044 adiecerit.

234 3098 270 3176 2.
299 3101 461 3176 Salutem
487 3104 554 3176 tibi
571 3101 688 3192 idem*
719 3101 807 3175 dare
824 3109 999 3198 possunt,
1027 3103 1090 3199 qui
1108 3101 1193 3174 mibi
1211 3101 1461 3175 reddiderunt.

243 3219 386 3283 Eximius
408 3221 497 3283 locus
520 3221 580 3283 ad⁵
613 3220 846 3303 permovendos
869 3218 999 3281 indices.
1043 3219 1273 3283 Procliviorem
1303 3219 1379 3282 lacit
1406 3218 1462 3281 ita·

229 3390 253 3437 l.
272 3393 303 3438 V.
322 3391 395 3435 eliam
413 3391 481 3437 abest
501 3391 530 3434 ab
551 3390 596 3438 ed.
615 3391 731 3437 Rotnana.
768 3389 793 3436 2.
814 3392 848 3436 lte
873 3394 930 3452 legit
954 3393 1032 3437 lotum
1051 3392 1311 3446 retractarentur„
1341 3394 1380 3450 qui
1406 3390 1460 3436 mibi

294 3461 351 3504 olim
372 3459 554 3511 obscurissimus
572 3465 631 3505 erat.
669 3461 721 3516 lpse
741 3465 817 3505 tamen
838 3462 923 3506 scribit
942 3460 1108 3521 legrnatibue;
1126 3463 1187 3520 quod
1208 3474 1252 3520 ego
1273 3475 1319 3505 non
1337 3463 1459 3519 intelliffi

298 3534 456 3586 contortoque
478 3531 501 3573 in
524 3529 689 3574 lemmatibus.
726 3527 795 3587 (Seii.
815 3531 837 3574 in
855 3530 900 3574 Ed.
921 3531 1019 3574 Mediol.
1040 3531 1151 3576 dederat:
1170 3528 1331 3576 lacrimosae
1350 3531 1460 3575 excubias

295 3596 429 3655 deplorat.)
465 3595 490 3643 3.
508 3596 652 3643 Provaleene
664 3612 707 3657 ego
719 3600 889 3650 emundabam
909 3601 949 3643 sed
960 3601 1107 3644 retinendum
1113 3600 1233 3658 proluens
1244 3601 1268 3646 in
1285 3601 1330 3645 hoe
1345 3600 1460 3656 scriptore

296 3667 392 3723 putubai
410 3665 440 3716 N.
477 3667 576 3722 (Contra
588 3681 705 3726 promens
718 3671 745 3713 de
766 3669 878 3728 Madvigii
892 3669 953 3712 roni.
972 3670 1035 3714 dedit
1053 3669 1197 3713 Wunderns.
1218 3666 1278 3727 Oe.)
1314 3667 1338 3714 l.
1360 3669 1458 3717 iterat.

293 3749 338 3792 pro
355 3735 440 3786 iidem.
477 3735 501 3782 l.
520 3736 626 3794 (Codex,
647 3743 671 3780 nt
690 3743 834 3782 memoratur
857 3739 881 3782 in
898 3738 944 3782 Ed.
964 3739 1079 3792 illediol.⁸
1104 3752 1150 3782 noo
1170 3740 1193 3783 in
1214 3738 1301 3789 liora..
1321 3739 1399 3783 nimie
1416 3734 1464 3783 lat

292 3805 340 3860 nd,
360 3806 383 3851 in
403 3821 449 3865 qno
470 3807 547 3863 potius
568 3809 641 3853 latere
658 3807 750 3851 videtur
767 3821 819 3852 roe.
842 3807 974 3861 Graecum,
1001 3821 1070 3866 qttetn
1087 3808 1145 3852 tosti
1164 3808 1275 3852 eximius
1292 3807 1373 3856 lactes.
1400 3794 1463 3863 Oml

166 3974 170 3981 .
251 3932 276 3982 1.
296 3923 364 3979 Cod.
384 3925 468 3982 dicto.
506 3923 559 3979 sed
586 3931 691 3981 correxi
717 3925 821 3993 edicto,
852 3931 915 3999 quia
941 3925 974 3980 ad
999 3927 1049 3982 Or.
1074 3931 1103 3982 tn
1132 3929 1187 3982 Pis.
1213 3928 1279 3999 Cap.
1307 3930 1343 3981 X.
1363 3925 1459 3979 scribit

158 4000 305 4053 Asconius:
326 4000 358 4056 L.
377 4000 502 4057 horiens
521 4002 670 4053 scabinio
689 4003 799 4054 coneum
817 4002 1082 4073 edictorelegatum
1101 4021 1159 4055 esse
1177 4009 1233 4054 iam
1251 4001 1385 4054 diximus.
1404 4002 1458 4070 Qui

156 4072 232 4128 loeus
252 4076 321 4129 mibi
342 4075 409 4128 olim
430 4074 589 4149 peridoneus
611 4074 751 4131 videbatur
770 4075 806 4129 ad
823 4076 992 4132 suadendum
1011 4078 1174 4139 leuioribus.
1197 4082 1376 4149 interpretem
1388 4094 1404 4129 e
1416 4091 1458 4129 sne

157 4165 294 4222 repertum
315 4147 398 4205 rideri
420 4156 576 4206 Ascanium.

228 4224 384 4280 intueor.
406 4225 543 4281 evidenter
562 4225 688 4290 Melius,
716 4244 772 4280 non
790 4225 824 4281 J..
843 4228 950 4280 Aelius.
990 4229 1025 4283 At
1050 4233 1079 4281 in
1106 4230 1197 4283 Pison.
1217 4224 1337 4282 XXVll.
1358 4222 1458 4280 dieitur

155 4301 188 4355 L.
208 4301 313 4355 delites.
351 4300 423 4355 atriu
443 4319 522 4374 saepe
541 4305 666 4354 meminit
687 4301 766 4354 buius
787 4304 837 4355 viri
856 4318 883 4356 et
902 4300 1165 4368 uetueris-cicero,
1197 4319 1294 4375 nempe
1315 4309 1384 4370 poet
1401 4298 1458 4354 red.

155 4381 186 4428 in
210 4392 268 4430 sert.
294 4378 341 4441 V„
364 4395 417 4447 pro
443 4378 534 4428 Sestio
559 4375 624 4430 Xll.
655 4391 682 4428 et
709 4375 749 4427 ad
765 4377 862 4430 Femur.
890 4377 939 4432 Xl.
969 4380 1010 4436 96.
1031 4383 1075 4434 17.
1095 4379 1160 4433 xli.
1181 4383 1243 4442 29.¹
1270 4380 1370 4449 quibus
1389 4375 1457 4428 lecit

156 4450 252 4504 scribit
272 4449 313 4503 vel
333 4448 363 4504 L
383 4451 507 4505 Lamiam
527 4450 568 4504 vel
584 4450 717 4505 Lamiam.
755 4453 893 4521 Quoniam
913 4455 999 4523 igitur
1019 4468 1184 4524 praenomen
1199 4452 1275 4507 Lucii
1293 4466 1375 4521 saepe
1394 4451 1460 4504 bulo·

155 4531 214 4581 tiu
233 4525 379 4592 tribuitur,
399 4541 571 4599 nuncupetur
588 4541 652 4578 sane
672 4529 777 4596 integre
796 4527 828 4580 L.
847 4527 945 4579 Aeliae
964 4527 1070 4582 Lamia.
1109 4529 1142 4583 Et
1162 4528 1272 4598 quidem
1291 4525 1382 4578 [anilis
1406 4523 1456 4578 luit

156 4590 382 4657 lllflnoniunetlo
401 4599 511 4652 laelius
528 4616 576 4672 pro
594 4599 629 4655 L.
649 4601 755 4657 Aelius.
793 4601 840 4656 ste
860 4598 931 4657 inira
950 4602 984 4655 ad
1003 4600 1460 4676 Or.prnMil.llll.1.eerlbltne

155 4676 264 4730 Clusius
284 4691 333 4747 pro
354 4676 384 4728 C.
404 4674 511 4728 Lissins.

246 4757 273 4812 t.
292 4753 334 4807 oe
352 4752 491 4827 saturnini
511 4748 570 4823 lege
588 4754 694 4824 agreria
713 4764 740 4806 et
760 4749 867 4808 Metelli
887 4749 970 4809 exilio
986 4750 1044 4826 lege
1056 4756 1212 4828 appianum
1224 4751 1294 4807 Bell.
1306 4756 1363 4807 etv.
1376 4750 1399 4809 1.
1413 4720 1455 4809 29.
