3210 5280
564 242 612 305 tu
636 242 954 309 scauumuau.
1152 196 1156 203 ¹
1374 246 1411 307 n

195 379 441 444 Demonstrasse
463 381 555 445 robis
586 384 709 446 memini
731 405 795 458 me,
834 387 913 447 hano
934 388 1058 447 domum
1080 386 1110 447 iu
1133 405 1168 447 ea
1191 396 1279 464 parte
1302 384 1413 447 Palatii

115 496 200 548 esse,
235 494 339 556 quae,
378 495 448 535 curn
478 479 516 535 ab
544 497 634 537 sacra
663 478 712 539 ria
742 478 939 541 descenderis
962 491 992 541 et
1014 501 1072 560 per
1093 477 1269 558 proximum
1294 478 1413 553 vicum,

117 568 165 647 qni
187 579 235 628 est
257 569 297 628 ab
318 567 444 628 sinistra
473 580 581 649 parte,
617 569 790 650 prodieris,
825 574 928 652 posita
959 583 1017 635 est.
1061 571 1208 635 Possidet
1238 593 1303 633 eam
1334 593 1415 632 nune

119 662 244 742 Largus
266 658 423 736 Caecina,
458 663 509 742 qui
536 665 644 725 consul
666 663 726 726 luit
748 688 816 727 cum
839 663 988 730 Claudio.
1032 665 1069 728 ln
1091 667 1182 727 httius
1204 667 1313 728 domus
1335 665 1414 728 atrio

117 752 249 815 inerunt·
264 765 404 835 qttatuor
425 754 587 816 columnae
609 778 801 821 marmoreae
824 759 936 841 insigni
966 758 1197 841 magnitudine,
1235 780 1313 840 quae
1335 760 1440 833 nitue⁵

119 865 185 907 esee
206 844 238 906 in
261 845 349 928 regia
372 847 488 908 theatri
509 850 658 911 Marcelli
679 849 836 913 dicuntur.
895 852 977 914 Usus
1006 862 1071 912 erat
1092 849 1130 912 iis
1152 850 1259 912 aedilis
1282 852 1329 930 (ut
1350 852 1415 930 ipse

119 957 243 1022 quicque
264 939 434 1023 significat)
455 940 485 1002 in
508 955 622 1004 ornatu
642 944 774 1020 theatri,
810 946 897 1026 quod
925 945 962 1005 ad
992 955 1112 1025 teinpus
1140 963 1290 1025 perquam
1315 944 1414 1024 ampla

119 1030 330 1113 magnitudine
353 1034 398 1114 [†
421 1033 546 1117 magne]
568 1034 696 1101 lecerat.

597 1184 729 1249 VERS.
751 1187 782 1250 A
805 1186 917 1252 NOV.
941 1186 958 1220 ⁸

199 1300 270 1377 (tu)
289 1302 392 1364 Haeo
415 1321 492 1364 oum
513 1314 550 1365 tu
571 1305 721 1386 effugere
741 1327 808 1368 non
826 1310 1007 1387 potuisses:
1042 1306 1216 1370 contendes
1246 1317 1356 1370 tamen
1385 1318 1416 1370 et
1429 1313 1458 1360 ¹⁰

119 1389 330 1472 postulabis,
365 1401 403 1453 nt
430 1391 479 1454 M.
499 1395 658 1457 Aemilius
688 1415 765 1455 cum
792 1416 855 1456 sua
879 1395 1041 1475 dignitate
1072 1398 1179 1471 omni,
1214 1396 1416 1475 compatris

121 1484 302 1556 memoria,
336 1501 414 1542 cnm
444 1485 500 1543 avi
523 1484 658 1564 gloria,
692 1485 955 1561 sordidissimae,
990 1485 1190 1560 levissimae,
1223 1487 1417 1546 vanissimae

120 1574 228 1649 genti,
250 1590 295 1631 ae
315 1590 422 1650 prope
443 1569 555 1633 dicam
575 1606 616 1620 -
633 1574 758 1651 pellitis
778 1574 913 1636 testulus
935 1572 1165 1636 condonetur?
1207 1589 1214 1605 ·

203 1663 310 1721 Arum
340 1682 422 1720 nuuc
452 1661 562 1723 Scauri
590 1674 759 1723 maternum
792 1663 945 1746 significat
975 1663 1016 1724 L.
1046 1662 1211 1724 Metellum
1233 1661 1416 1724 Pontificem

123 1749 318 1824 Matianum,
353 1773 444 1832 quiem
467 1756 578 1833 postea
599 1774 725 1836 quoque
747 1757 897 1819 nominat.
955 1758 1035 1818 Nam
1057 1768 1204 1837 paternus
1226 1776 1303 1818 avus
1324 1767 1460 1836 pron-ts

123 1862 241 1926 rusque
264 1845 376 1906 Scauri
398 1846 527 1908 humiles
549 1857 642 1928 atque
666 1846 794 1908 obscuri
815 1847 954 1910 fuerunt.
1036 1878 1039 1884 ¹

505 1994 637 2056 vens,
661 1997 692 2057 Α
713 1995 866 2061 uoms.
891 1994 997 2059 ccx.
1061 1971 1068 1983 ‘

202 2113 272 2190 (16)
293 2112 445 2194 Undique
467 2116 550 2175 milri
567 2114 756 2193 suppeditat
778 2114 871 2196 quod
888 2137 950 2195 pro
976 2117 1021 2178 M.
1037 2117 1169 2180 Scauro
1184 2117 1315 2199 dicam,
1337 2137 1419 2199 quo·

124 2224 256 2286 canone
274 2225 342 2266 non
362 2202 464 2265 modo
485 2223 592 2278 mens,
623 2224 734 2265 verum
763 2208 863 2267 etiam
883 2207 989 2268 oculi
1010 2204 1194 2268 inciderint.
1236 2208 1335 2268 Curia
1357 2204 1420 2265 illa

123 2313 178 2354 sos
200 2293 240 2356 de
260 2295 459 2373 gravissimo
481 2293 674 2371 principatu
702 2296 809 2373 patris
824 2294 1081 2376 fortissimoque
1104 2304 1262 2370 testatum·
1294 2294 1329 2355 1..
1351 2294 1420 2372 ipse
1431 2307 1462 2354 tt

142 2554 147 2564 ·
214 2547 240 2593 1.
263 2536 381 2603 Palatii]
398 2537 511 2607 pallatii
530 2538 620 2589 Ptine.
789 2541 814 2595 3.
831 2537 984 2606 prodieris]
1002 2534 1131 2606 proderis
1149 2537 1240 2589 Princ.

193 2618 244 2670 ,1.
263 2611 378 2678 Largus
398 2607 529 2681 Caecina]
558 2611 603 2663 Sic
630 2629 662 2662 ex
689 2609 879 2663 emendatione
905 2612 990 2683 Lipeii
1016 2610 1049 2661 ad
1074 2610 1138 2662 Tae.
1167 2617 1237 2664 Ann.
1262 2609 1311 2661 xl.
1331 2612 1375 2667 13.
1394 2623 1421 2661 et

125 2683 237 2737 aliorum
263 2684 330 2758 (vid.
357 2693 422 2756 Aug.
450 2686 555 2737 Maium
580 2690 607 2736 in
633 2684 746 2756 praelat.
773 2686 857 2737 altera
882 2684 915 2736 ad
942 2688 1000 2739 Cic.
1025 2702 1072 2738 sex
1090 2699 1170 2736 orsu.
1190 2699 1278 2756 partes
1299 2702 1323 2735 c.
1344 2683 1422 2749 1111.)

126 2758 244 2812 Beierna.
264 2789 302 2802 -
321 2760 396 2810 locas
414 2765 530 2811 cicinam
550 2762 639 2813 Ptine.
659 2789 693 2801 -
712 2761 827 2829 Longus
853 2760 941 2812 Cecin.
968 2759 1075 2813 Beraid.
1103 2788 1139 2800 -
1167 2758 1283 2824 Longus
1305 2758 1423 2809 Ceeinna

127 2833 184 2886 ild.
205 2832 274 2886 Lod.
302 2865 336 2877 -
362 2835 477 2902 Longus
500 2834 620 2885 Caecina
639 2840 732 2887 ceteri.
772 2842 927 2905 cognomen
953 2835 1066 2903 longus
1094 2832 1174 2885 habet
1200 2838 1283 2886 etiam
1312 2849 1423 2902 uterque

126 2907 185 2960 eod.
206 2908 334 2962 Ambrae.
354 2925 421 2960 teste
440 2909 517 2960 Maio
537 2907 593 2961 1.1.
613 2938 649 2951 -
669 2909 802 2979 ,Largus
820 2915 975 2962 nominatur
994 2926 1009 2961 a
1029 2910 1116 2964 Plinio
1132 2908 1180 2960 lib.
1196 2913 1239 2964 17.
1253 2924 1276 2960 c.
1292 2913 1316 2960 1.
1336 2907 1423 2958 Dione

126 2981 173 3035 lib.
192 2982 303 3037 tw
336 2983 477 3036 MautJT.
516 2984 592 3050 Quae
611 2991 752 3037 annotatio
772 2984 848 3037 abest
868 2999 882 3035 e
903 2984 987 3055 Lugd.
1015 3015 1050 3028 -
1080 2983 1178 3051 „Hane
1205 2988 1291 3055 ipsam
1312 2980 1424 3033 domum

126 3061 155 3108 in
174 3057 282 3111 Palatio
302 3057 335 3110 de
357 3059 396 3110 M.
416 3061 518 3112 Scauro
538 3074 640 3111 emerat
669 3059 698 3112 P.
719 3058 831 3111 Clodius
858 3064 888 3111 Α.
914 3061 948 3111 U.
975 3060 1063 3110 uctt.
1092 3063 1185 3129 paneis
1205 3056 1342 3109 mensibus
1363 3072 1424 3107 ante

127 3149 219 3183 necem
242 3149 310 3185 teste
331 3137 450 3185 Asconio
470 3138 499 3186 in
518 3149 620 3205 argum.
658 3133 826 3186 Milonianae
856 3136 898 3206 [p.
919 3134 980 3191 ato.
1000 3135 1077 3199 lion]
1097 3131 1141 3186 ed.
1165 3133 1274 3185 Sobata.
1296 3150 1321 3203 p.
1342 3130 1424 3190 528.”

215 3282 246 3338 6.
264 3284 310 3347 iis]
332 3278 436 3333 Berald.
457 3279 525 3334 Lod.
546 3281 626 3334 Cren.
647 3289 727 3334 —is
746 3284 837 3336 Ptine.
856 3281 918 3336 etd.
938 3281 1021 3354 lugd.
1041 3285 1105 3335 llot.
1129 3281 1205 3335 Man.

217 3360 554 3423 immmffim·

218 3429 452 3501 8.-magnifice
457 3429 587 3499 fecerat]
599 3433 750 3497 Beier.-„
757 3449 858 3498 magne
864 3429 979 3500 fecerat
994 3448 1056 3483 cum
1070 3435 1192 3502 principe
1206 3428 1325 3481 editione
1340 3427 1427 3480 codex

127 3504 195 3558 alter
206 3505 416 3559 Ambrosianus.
438 3506 514 3559 Alter
532 3523 594 3557 vero
614 3512 711 3572 magni
720 3508 846 3573 fecerat,
866 3511 905 3557 uti
928 3520 1008 3558 mann
1028 3505 1198 3558 eruendatum
1219 3502 1272 3556 vidi
1293 3508 1373 3556 etiam
1395 3509 1424 3555 in

129 3579 224 3632 aldina
239 3579 368 3631 editione.
397 3579 539 3649 Reliquae,
559 3597 624 3649 quaa
639 3579 709 3645 vidi,
729 3578 862 3633 editiones
877 3579 976 3633 habent
990 3598 1121 3647 magnum
1132 3578 1271 3645 fecerat.”
1298 3578 1426 3631 MAlUS.

128 3652 200 3707 litui
219 3672 255 3705 ne
273 3656 362 3707 Beieri
383 3653 492 3721 quidem
512 3653 593 3707 lectio
618 3660 685 3707 satis
711 3655 813 3727 placet:
834 3670 915 3724 qnare
934 3654 1089 3708 adverbium
1111 3654 1210 3707 seclusi
1227 3669 1321 3725 utpote
1336 3668 1427 3704 ortum

130 3745 161 3779 ex
178 3727 309 3781 mendosa
329 3732 515 3799 geminatione
535 3730 719 3799 praecedentis
740 3729 873 3783 vocabuli.
913 3728 987 3782 Idem
1006 3729 1146 3782 ridebatur
1165 3730 1311 3793 ltlenutio,
1333 3731 1378 3798 qui
1399 3732 1428 3779 in

129 3816 158 3854 ea
183 3800 320 3867 editione,
351 3818 403 3872 qna
431 3819 481 3855 nos
511 3809 552 3854 usi
582 3821 690 3867 sumus,
722 3808 750 3870 (a
778 3802 863 3876 Lugd.
891 3805 959 3857 lraee
987 3809 1128 3858 annotatio
1154 3803 1242 3869 abest)
1268 3807 1425 3856 annotavit:

129 3876 266 3944 ,Verbum
284 3894 416 3943 magnam
435 3876 571 3929 abundare
591 3876 723 3931 ridetur.‘’

218 3954 249 4009 9.
267 3968 322 4004 om.
344 3949 403 4005 ald.
424 3950 489 4004 Lod.
511 3951 595 4022 Lugd.
615 3953 679 4005 Hos.
699 3955 774 4006 Man.
792 3980 830 3995 -
848 3951 1034 4022 SEQUITUR
1053 3953 1133 4007 Creo.

199 4032 245 4082 1ο.
264 4024 424 4096 contendes]
443 4026 608 4078 contendens
628 4029 718 4080 Princ.
738 4028 822 4097 Lugd.

200 4109 247 4158 11.
266 4101 417 4168 Aentilius]
437 4099 555 4152 Etrtilius
573 4104 664 4155 Ptine.
685 4101 793 4155 Beraid.

201 4181 245 4232 12.
264 4173 489 4240 sordidissimae,
509 4177 681 4242 levissimae,
701 4181 881 4244 vanissimae]
913 4176 1118 4242 sordidissime,
1144 4176 1300 4240 levissime,
1327 4179 1428 4225 vanis-

128 4253 194 4300 stare
213 4250 305 4303 Ptine.
924 4296 928 4313 ,

202 4329 246 4383 ¹5·
264 4321 446 4391 condonetur]
465 4323 558 4394 ,Lego
571 4325 772 4380 condemnetur.
786 4326 925 4380 Petulc.
963 4326 1004 4379 Ne
1018 4329 1165 4377 assentiare
1179 4344 1203 4378 v.
1217 4339 1310 4376 annot.
1330 4322 1430 4392 [Heiu-

129 4399 221 4468 rielrtt]
247 4397 282 4449 ad
308 4400 332 4465 1.
360 4403 403 4457 15.
432 4416 459 4468 p.
485 4403 547 4454 157.
573 4416 597 4452 s.
638 4399 757 4454 lndicavi
786 4415 874 4452 autem
904 4405 1146 4472 interrogationem
1167 4398 1334 4470 indignantis
1356 4413 1382 4449 et
1402 4402 1431 4448 in

129 4472 312 4525 affirmatione
332 4473 477 4526 retentu.”
511 4473 628 4526 uultu.
794 4482 839 4532 17.
860 4492 914 4534 ont,
935 4474 1001 4528 Lod.
1021 4474 1106 4546 Lugd.

199 4556 245 4607 18.
265 4545 335 4597 naht
353 4546 525 4617 suppeditat]
546 4548 703 4617 steppeditat
723 4549 788 4601 milti
807 4549 872 4602 Lod.

198 4627 244 4678 20.
263 4622 314 4672 illa
332 4625 394 4688 vos]
426 4622 468 4673 lta
495 4624 585 4674 l’rine.
612 4622 716 4676 Berald.
742 4641 768 4676 et
798 4641 909 4693 uterque
929 4624 990 4676 eod.
1012 4623 1104 4676 Ambe.
1125 4639 1193 4676 teste
1213 4622 1300 4675 Maio.
1339 4620 1431 4672 Ceteri

128 4713 177 4747 aas
194 4701 340 4749 omittant.
378 4694 444 4762 ,(31.
460 4714 513 4765 pro
534 4698 641 4750 Cluent.
659 4700 713 4761 68,
734 4700 797 4754 1911.
822 4699 939 4766 nesorio
957 4707 1026 4750 vota
1044 4703 1240 4766 eognovimus,
1269 4694 1364 4765 quibus
1382 4695 1432 4746 illa

131 4770 298 4823 etiosa‘dsos
315 4770 485 4822 immortalis
502 4771 535 4823 de
554 4790 604 4823 suo
623 4773 722 4824 sceiere
741 4781 879 4841 testatur,
899 4774 927 4827 la.
946 4793 970 4827 e.
994 4789 1075 4826 testes
1095 4771 1231 4826 invocat.'’
1250 4769 1365 4825 BElER.
