3210 5280
334 219 384 283 ttt
406 217 514 283 ACT.
537 216 585 281 11.
608 217 657 282 ΙΝ
681 213 723 280 C.
746 211 949 278 VERREM
970 208 1061 272 LlB.
1083 207 1113 272 1.
1313 199 1378 265 iod
1459 208 1463 216 '

63 359 107 421 ita
132 368 222 430 sunt,
247 360 508 441 quemadmodum
537 357 681 419 dicimus.
724 356 788 418 Sed
813 351 932 416 Cicero
962 349 1009 412 sic
1034 343 1188 431 proponit
1215 345 1375 430 querelam

64 453 251 527 Hortensii,
276 463 309 513 ut
331 463 363 512 et
386 452 499 514 iniusta
523 464 554 514 ct
580 450 710 514 ridicula
735 467 803 510 esse
831 444 989 518 rideatur3
1018 453 1050 504 et
1072 453 1119 503 est
1140 442 1242 504 ordo:
1274 439 1375 503 Naue

64 567 106 608 ne
130 566 218 623 novo
234 547 466 627 querimoniae
479 565 597 626 genere
615 543 668 606 ati
678 541 784 620 possit
798 538 1020 601 Hortensius:
1039 556 1165 599 morem
1179 533 1236 595 illi
1246 549 1377 613 geram.

155 639 200 715 (§.
225 637 293 713 tt.)
313 637 388 697 Hic
415 643 453 694 ta
472 635 627 713 jortasse
654 631 717 693 eris
745 627 903 709 diligens]
962 629 1171 709 Apostrophe
1206 625 1244 685 ad
1276 623 1377 702 ipsum

65 731 295 800 Hortensium,
320 747 380 810 qua
403 723 539 787 ostendit
564 743 625 784 noa
648 741 742 802 posse
765 720 897 804 recogi
925 721 968 783 uti
998 719 1142 784 oratione
1171 731 1322 801 perpetua
1346 723 1402 776 eti

67 823 214 884 omnibus
241 821 330 884 horis
355 817 438 889 suis,
473 815 500 876 si
524 814 604 876 nolit
629 814 686 877 uti.
730 815 773 875 Et
802 813 880 875 mire
901 816 992 879 liaris
1014 813 1112 885 dixit,
1136 833 1205 872 cum
1229 810 1294 871 dies
1316 807 1378 869 sint

69 917 216 996 plurimi,
242 927 274 976 ut
296 913 441 977 ostendat
465 910 587 970 nimiam
611 905 817 990 diligentiam,
840 918 871 966 et
893 928 944 969 cas
968 909 1062 969 horas
1091 905 1220 967 dieentis
1241 903 1378 965 dictione

66 1028 136 1069 esse
157 1008 374 1089 complendas.
418 1003 555 1065 Veteres
576 1012 741 1082 praeterea
765 999 891 1077 [horas]
913 999 1103 1084 generaliter
1124 1001 1268 1061 dicebant
1290 1014 1379 1057 ruore

69 1102 365 1272 &azmathmim
391 1194 449 1255 lea·
477 1209 553 1253 mea
581 1205 689 1251 causa
711 1182 811 1265 dedit]
865 1184 916 1248 De
949 1188 1116 1248 commodo
1142 1182 1276 1265 proprio
1305 1181 1421 1244 licetttt

65 1286 234 1369 unicunque
256 1286 439 1360 detrahere,
475 1281 660 1365 praesertim
688 1301 759 1341 eum
788 1281 813 1353 †
841 1297 880 1339 eo
910 1282 948 1343 de
977 1277 1159 1341 adversario
1181 1277 1257 1340 nihil
1278 1274 1380 1357 possit

66 1400 137 1442 esse
158 1399 336 1439 eornmune.

144 1471 252 1533 liare
274 1456 422 1552 qaiddm]
476 1471 520 1533 Ut
551 1469 765 1551 quaestionem
800 1467 996 1552 propositam
1028 1465 1217 1537 infirmaret,
1255 1480 1378 1522 causam

63 1558 296 1641 propositionis
320 1560 456 1637 affinxit,
493 1563 656 1645 quaesibi
683 1564 874 1627 solutionem
896 1560 1076 1644 propositi,
1114 1577 1206 1642 quam
1230 1556 1375 1628 volebat,

63 1653 206 1713 afferret.
1391 1658 1420 1707 ts

150 1749 195 1823 (§.
220 1746 288 1821 26.)
309 1744 426 1809 ddimo
454 1747 544 1809 enim
571 1748 918 1828 comperendinatum]
962 1740 1296 1826 Comperendinatam
1317 1760 1379 1821 pro

62 1836 415 1917 comperendinatione
444 1837 570 1916 posuit,
605 1848 636 1899 et
666 1851 714 1899 est
749 1861 879 1902 sensus:
917 1841 1043 1903 Aul'ero
1076 1836 1169 1898 vobis
1205 1833 1378 1897 molestiam

62 1931 111 1992 bis
134 1929 269 1991 dicendi.
315 1930 377 1990 Sed
401 1927 497 2010 quid?
519 1931 602 1992 dices
626 1931 700 1994 utile
722 1954 791 1995 esse
813 1934 861 1994 bis
877 1933 1006 1994 dicere?
1029 1933 1072 1994 Et
1088 1929 1161 1990 mihi
1177 1948 1239 2008 ego
1256 1929 1378 2009 denega

61 2023 144 2083 hane
165 2021 349 2084 utilitatem:
374 2021 403 2082 iu
427 2043 487 2106 qua
510 2044 545 2084 re
567 2043 625 2083 cur
648 2045 696 2085 mc
718 2045 845 2086 accuses
867 2045 929 2088 non
952 2026 1063 2086 habes.
1108 2024 1174 2085 Aut
1191 2020 1272 2082 euim
1288 2041 1376 2081 corn·

61 2115 282 2197 perendinatio
306 2127 437 2196 propter
460 2138 508 2178 me
530 2115 629 2199 magis
651 2138 743 2198 attam
766 2131 899 2199 propter
922 2131 952 2180 te
974 2128 1022 2180 est
1044 2116 1202 2186 instituta,
1237 2123 1290 2173 aut
1313 2116 1423 2174 nou2⁰

63 2210 166 2292 tnagis
188 2220 324 2289 propter
347 2220 377 2270 te
400 2229 491 2291 quam
513 2220 648 2290 propter
670 2230 732 2271 mc.
784 2211 816 2272 Si
840 2211 919 2273 enim
944 2232 1105 2273 numerum
1128 2207 1249 2269 dicendi
1271 2207 1374 2269 cousi·

63 2305 174 2374 deres,
200 2322 238 2363 cx
266 2322 441 2384 aequares
472 2314 535 2374 est;
558 2302 584 2363 si
612 2302 772 2375 ordinem,
803 2323 865 2379 ega
891 2326 958 2364 stim
982 2303 1082 2384 prior.
1127 2303 1205 2362 Nam
1230 2301 1255 2363 si
1281 2310 1435 2366 aceti-1⁵³]

63 2406 153 2455 sator
176 2391 310 2467 dixerit,
342 2398 513 2474 respondet
538 2393 637 2475 prima
662 2398 784 2459 actione
807 2397 977 2459 defensor:
1001 2407 1032 2456 et
1047 2416 1171 2456 rursum
1187 2415 1372 2475 comperen-

63 2486 171 2548 dinato
196 2485 310 2547 iudicio
337 2486 409 2548 dicit
431 2487 523 2566 prior
548 2487 713 2561 defensor,
745 2500 776 2548 et
798 2488 1013 2552 defensionem
1039 2501 1195 2571 tamquam
1218 2487 1371 2568 duplicem

60 2579 93 2639 in
117 2579 218 2640 medio
241 2579 376 2659 positam
400 2580 505 2641 obruit
528 2581 653 2642 ultimus
675 2593 853 2642 accusator.
1382 2595 1414 2644 25

1035 2737 1351 2750 'anm—naun·—

155 2829 182 2882 5.
201 2826 247 2890 ne]
267 2822 300 2874 de
319 2823 426 2877 Berald.
446 2823 506 2877 dld.
754 2855 758 2860 ·

137 2897 211 2951 tbtd.
228 2902 330 2967 possit]
360 2899 426 2952 Lod.
446 2915 472 2950 et
493 2917 567 2970 seqq.
591 2928 620 2939 -
639 2907 734 2968 posset
753 2905 868 2971 priores.
928 2932 937 2951 .

154 2977 183 3030 ir.
205 2973 395 3043 Apostrophe]
425 2975 601 3043 Apostrophe
620 2975 696 3026 Man.

159 3054 188 3104 6.
208 3049 289 3114 nolit]
310 3049 400 3098 nolrrtt
419 3051 508 3101 l‘riuc.
548 3049 673 3112 (ulattme
692 3049 822 3102 noluerit.
842 3047 909 3122 On.)

157 3130 183 3180 7.
200 3125 326 3189 nimiam]
353 3128 454 3174 mirarn
474 3125 582 3174 (interii
605 3123 665 3176 MS.

156 3203 184 3254 8.
203 3196 321 3247 dicentis
339 3196 458 3247 dictione
477 3215 535 3248 esse
553 3197 735 3266 complendas.
762 3198 892 3264 Veteres]
914 3197 1032 3249 dicentis
1049 3197 1196 3249 dictionem
1215 3215 1282 3251 esee.
1315 3198 1348 3253 V
1345 3217 1374 3250 e·

63 3280 137 3324 teres
156 3271 267 3323 Graevii
288 3270 350 3323 MS.

137 3343 328 3414 liudierus]
349 3362 405 3398 om.
427 3349 517 3398 Princ.
538 3342 598 3399 Ald.

141 3427 185 3475 10.
204 3418 296 3488 dedit]
317 3420 363 3469 det
382 3418 451 3474 Lod.
473 3437 534 3470 cum
556 3420 634 3471 editt.
655 3421 807 3472 Ciceronis.

139 3492 210 3546 ibid.
230 3495 305 3559 licet]
328 3495 412 3564 lugd.
431 3495 496 3546 Hor.
516 3495 593 3546 ntnn.
613 3493 694 3547 Creu.
717 3523 748 3535 -
769 3494 861 3544 dicere
879 3495 971 3548 Ptine.
993 3498 1053 3549 Ber.
1074 3524 1108 3537 -
1128 3496 1210 3546 licere
1229 3495 1289 3550 Ald.
1309 3495 1374 3549 Lod.

139 3580 183 3624 11.
202 3586 235 3619 ea
254 3568 302 3638 de]
342 3568 428 3621 Locus
454 3584 609 3638 corruptus.
641 3568 688 3621 Sic
714 3569 807 3622 Ptine.
833 3569 941 3623 Berald.
974 3598 1006 3611 -
1036 3575 1062 3621 ci
1085 3570 1119 3620 de
1138 3569 1199 3622 ΔΜ.
1229 3597 1262 3612 -
1290 3571 1323 3622 de
1343 3589 1375 3623 eo

62 3641 131 3696 Lod.
150 3671 187 3685 -
206 3642 270 3693 in'de
291 3641 376 3712 Lugd.
399 3644 462 3696 llot.
484 3645 560 3694 Man.
581 3648 662 3695 tlren.
1350 3640 1352 3645 ’

140 3723 182 3772 12.
201 3721 354 3784 commune]
377 3720 465 3770 Prine.
487 3715 593 3770 Berald.
616 3717 675 3772 Ald.
695 3715 763 3769 Lod.
784 3745 820 3759 -
839 3716 1006 3771 incommodi
1018 3716 1104 3790 Lngd.
1119 3718 1182 3771 Hot.
1198 3719 1274 3775 Man.
1292 3721 1373 3773 Creta.

140 3791 183 3846 ili.
203 3793 245 3860 af
258 3790 343 3861 ‘nait]
372 3791 494 3862 ejfincit
512 3796 622 3845 Graevii
644 3791 704 3845 MS.

140 3871 183 3922 15.
203 3793 333 3937 adderet]
371 3867 437 3919 Post
457 3867 528 3919 lianc
550 3883 643 3918 vocem
673 3872 701 3918 ln
725 3867 819 3919 Princ.
842 3864 947 3919 Berald.
972 3864 1033 3920 did.
1058 3865 1125 3919 Lod.
1145 3865 1286 3939 leguntur,
1306 3884 1373 3940 quae

63 3946 203 4014 pertinent
224 3941 256 3991 ad
277 3942 298 4006 p.
320 3947 367 3995 27.
407 3941 441 3991 ln
460 3940 510 3992 ime
528 3941 633 4011 quidem
652 3958 753 4008 genere
772 3959 928 3993 causarum.
968 3942 1154 3994 coniecturali
1172 3943 1283 3996 scilicet.

139 4018 184 4072 16.
206 4016 307 4066 Adime
326 4021 397 4065 enirn
416 4016 695 4086 comperendinatum.
733 4015 1008 4086 Comperendinatum
1024 4019 1090 4085 pro]
1112 4014 1196 4087 Lugd.
1219 4019 1282 4071 ilat.
1296 4019 1372 4071 Man.

65 4090 146 4142 Creu.
175 4119 206 4131 -
228 4089 373 4140 admodum
393 4096 466 4139 enim
483 4089 754 4160 comperendinatum
769 4109 824 4161 pro
844 4094 936 4145 Ptine.
957 4115 990 4133 -
1009 4090 1100 4142 adimo
1120 4096 1192 4142 enim
1211 4110 1373 4164 comperen-

63 4164 199 4216 dinatum.
216 4182 270 4231 pro
291 4162 396 4217 Bentd.
417 4163 475 4217 did.
495 4164 563 4219 Lod.

137 4246 182 4297 18.
202 4237 251 4304 Et]
271 4246 301 4288 at
322 4237 387 4290 Lod.

26 4367 30 4379 ¹
138 4316 184 4369 19.
206 4316 266 4362 Aut
283 4316 370 4383 enim]
391 4311 476 4384 Lugd.
496 4314 561 4367 ssot.
579 4314 657 4367 Man.
677 4315 758 4366 Creu.
780 4342 811 4354 -
833 4321 862 4364 et
879 4317 951 4364 enim
971 4317 1086 4386 priores.

136 4394 183 4442 22.
203 4390 260 4453 res]
288 4404 341 4439 om.
363 4392 444 4440 Creu.

139 4459 212 4514 ibid.
227 4463 324 4532 prior]
353 4464 397 4514 Pr.
417 4462 478 4514 Ber.
499 4458 560 4514 Aut.
581 4459 647 4514 Lod.
668 4488 702 4501 -
719 4466 801 4532 prior
819 4469 847 4513 et
866 4462 981 4512 reltimns
1000 4461 1086 4534 lugd.
1106 4464 1172 4518 Hot.
1195 4453 1372 4523 Mam'Crea.

140 4535 211 4589 lbid.
230 4540 265 4603 si]
289 4538 377 4588 Priac.
397 4538 457 4590 Ber.
478 4533 537 4587 ald.
559 4535 626 4588 Lod.
647 4565 678 4577 -
701 4538 785 4587 timrei
802 4537 865 4589 tter.
885 4537 961 4589 Mna.
984 4538 1065 4591 Creu.
1088 4569 1117 4580 -
1140 4543 1225 4591 simul
1240 4562 1273 4594 ac
1290 4544 1372 4615 lugd.

139 4614 184 4666 5¹5.
204 4609 366 4679 respondet]
386 4612 446 4672 Sic,
460 4626 605 4679 praeeunte
618 4610 845 4681 Melanetutpm.
861 4612 926 4662 Lod.
940 4627 967 4663 et
981 4629 1055 4686 seqq.
1069 4644 1099 4655 -
1112 4616 1244 4679 responde
1258 4623 1371 4690 priores.

139 4685 208 4736 itte.
229 4687 272 4755 et]
294 4687 378 4755 Lagd.
405 4687 467 4736 llot.
488 4687 566 4738 Mau.
586 4688 666 4738 Creu.
688 4715 718 4725 -
742 4694 772 4736 ut
792 4688 882 4739 Priuc.
905 4686 1008 4740 Berald.
1030 4688 1090 4744 ΔΜ.
1111 4693 1177 4745 Lod.

137 4759 183 4814 24.
205 4759 458 4830 conperendinata]
479 4758 733 4831 comperendinatio
753 4761 845 4814 Priuc.
866 4760 926 4814 dld.
